2502 3418
819 438 1419 501 INTRODUCTIO

1109 736 1134 772 Ι

286 842 471 893 Annorum
486 843 633 884 tractus,
651 851 757 887 quem
774 840 844 876 hoc
859 840 1027 875 volumen
1044 840 1278 888 amplectitur,
1297 840 1467 876 sciliceta
1482 840 1651 876 defuncto
1675 842 1856 877 Clemente
1876 844 1939 878 Vll
1961 854 2054 890 papa

191 911 426 953 Avenionensi
439 923 549 959 usque
561 911 605 946 ad
613 911 845 947 reformatam
863 911 1133 946 Universitatem
1149 911 1385 947 Parisiensem
1403 923 1460 947 an.
1483 914 1589 956 1452,
1602 912 1691 948 adeo
1703 912 1860 948 abundat
1870 914 2053 949 eventibus

191 982 438 1024 diversissimis
459 994 612 1030 quorum
629 983 806 1029 particeps
830 982 894 1017 fuit
914 982 1141 1026 Universitas,
1165 986 1203 1018 ut
1227 986 1470 1030 opportunum
1490 982 1593 1018 nobis
1612 983 1726 1018 visum
1744 983 1847 1019 fuerit
1864 984 2053 1020 divisiones

190 1054 373 1095 instituere
390 1056 425 1089 et
440 1065 494 1088 res
519 1053 680 1101 ejusdem
705 1056 851 1089 naturae
873 1065 1037 1089 seorsum
1051 1054 1087 1088 in
1105 1053 1244 1089 duobus
1260 1054 1365 1089 tomis
1381 1058 1608 1089 connectere.
1632 1054 1688 1090 Sic
1709 1054 1875 1091 omnibus
1898 1055 2055 1102 pensatis

192 1136 232 1166 ac
248 1128 381 1160 mutato
399 1124 514 1172 priore
535 1124 720 1172 proposito
740 1128 872 1166 nostro,
889 1124 1105 1160 documenta
1122 1125 1310 1172 omnigena
1328 1124 1434 1160 simul
1450 1136 1561 1171 usque
1577 1125 1620 1160 ad
1637 1137 1694 1160 an.
1714 1128 1806 1162 1420
1820 1126 1855 1161 in
1872 1130 1968 1162 tomo
1989 1127 2052 1171 lV,

192 1199 225 1236 et
244 1207 302 1232 an.
329 1198 535 1232 1420-1452
562 1195 599 1230 in
618 1198 716 1231 tomo
735 1197 767 1231 V
788 1195 932 1240 edendi,
952 1195 987 1231 in
1002 1198 1139 1231 tomum
1156 1197 1187 1232 V
1204 1196 1393 1242 rejecimus
1413 1208 1420 1231 :

292 1269 324 1302 1ο
341 1266 519 1313 Quidquid
536 1267 580 1302 ad
596 1266 752 1302 schisma
766 1266 921 1314 pertinet
936 1266 980 1302 ab
995 1266 1140 1302 ineunte
1157 1267 1350 1303 Benedicto
1368 1268 1448 1302 Xlll
1464 1280 1472 1311 ς

291 1341 325 1374 2⁰
340 1337 518 1384 Quidquid
533 1341 586 1373 est
599 1337 840 1374 Conciliorum
857 1337 909 1373 vel
923 1338 1144 1384 generalium
1160 1337 1215 1373 vel
1229 1338 1497 1385 provincialium
1511 1351 1519 1381 ;

293 1411 327 1444 3⁰
343 1408 524 1456 Quidquid
541 1409 585 1444 ad
599 1408 731 1445 Wiclifi
758 1409 1069 1455 Bohemorumque
1096 1420 1234 1445 errores
1259 1412 1405 1456 spectat,
1428 1409 1519 1445 sicut
1542 1410 1797 1446 controversias
1825 1411 1868 1446 de
1895 1411 2059 1448 Johanue

194 1479 292 1516 Parvi
306 1479 343 1514 in
359 1479 517 1515 Concilio
534 1479 795 1515 Constantiensi
812 1479 973 1526 agitatas;

293 1554 327 1585 4⁰
343 1550 522 1597 Quidquid
540 1550 721 1598 proprium
745 1554 798 1585 est
820 1550 976 1585 natIOnis
996 1549 1212 1597 Anglicanae
1229 1555 1288 1586 aut
1310 1551 1462 1587 nationis
1487 1551 1702 1596 Gallicanae,
1721 1553 1758 1588 in
1775 1553 1878 1588 variis
1900 1553 2060 1589 Auctariz'

195 1621 435 1659 voluminibus
447 1621 582 1657 editum
598 1621 650 1657 vel
664 1621 855 1657 edendum.
877 1623 998 1667 ltaque
1010 1621 1182 1657 nonnulla
1197 1622 1240 1657 de
1256 1621 1399 1658 natione
1414 1622 1591 1658 Gallicana
1607 1623 1701 1670 apud
1715 1622 1902 1659 Eulaeum*
1924 1624 2059 1671 vulgata

197 1692 326 1733 frustra
340 1692 398 1728 hic
414 1692 621 1740 quaesieris.

296 1764 384 1799 Cum
405 1767 522 1799 autem
545 1763 652 1799 talem
673 1764 931 1811 sejunctionem
952 1775 1023 1799 non
1043 1764 1190 1799 omnino
1216 1764 1260 1799 ad
1281 1764 1465 1808 amussim,
1488 1768 1525 1800 ut
1549 1765 1775 1800 manifestum
1803 1770 1868 1809 est,
1889 1766 2059 1814 perficere

195 1834 331 1878 liceret,
365 1834 555 1881 aliquando
586 1835 690 1882 hujus
719 1834 859 1882 generis
889 1835 1102 1870 documenta
1130 1835 1231 1882 plane
1261 1835 1461 1871 necessaria
1497 1836 1542 1871 ad
1579 1836 1763 1883 magistros
1801 1837 2058 1884 scholaresque

197 1906 461 1953 cognoscendos
478 1906 530 1941 vel
546 1905 707 1953 plurimis
724 1905 831 1941 rebus
850 1905 979 1941 referta
998 1906 1156 1941 inserere
1173 1906 1340 1953 oportuit.
1360 1907 1471 1942 Index
1491 1908 1721 1943 materiarum
1737 1907 1772 1942 in
1789 1912 1939 1955 utroque
1957 1909 2059 1945 volu-

197 1977 293 2017 mine
309 1977 663 2024 comprehensarum,
682 1988 789 2024 quem
805 1976 841 2012 in
857 1977 928 2012 fine
944 1976 1057 2024 quinti
1073 1977 1251 2020 dabimus,
1268 1977 1440 2013 lectorem
1455 1978 1644 2026 adjuvabit.

294 2048 409 2084 Labor
423 2060 494 2084 non
510 2060 635 2096 parvus
652 2049 687 2084 in
703 2048 773 2084 hoc
789 2047 967 2084 volumine
986 2049 1208 2095 superandus
1230 2048 1308 2092 fuit,
1326 2051 1402 2084 tum
1419 2049 1502 2095 quia
1518 2053 1663 2085 eventus
1679 2050 1871 2093 innumeri,
1902 2055 1938 2086 ut
1955 2063 2061 2098 supra

198 2119 362 2163 diximus,
383 2119 502 2166 rapide
522 2120 709 2155 incurrunt
724 2119 853 2166 quihus
870 2103 1087 2154 Universitas
1105 2131 1142 2154 se
1159 2119 1365 2163 immiscuit,
1384 2123 1460 2155 tum
1477 2120 1560 2167 quia
1575 2121 1821 2167 copiosissima
1845 2134 1952 2169 super
1976 2134 2059 2169 sup-

198 2190 320 2239 positis
352 2189 589 2226 Universitatis
613 2190 850 2226 instrumenta
878 2193 1081 2237 suppetunt.
1114 2191 1164 2226 De
1184 2190 1312 2237 quibus
1341 2190 1447 2226 verba
1473 2191 1658 2236 faciamus,
1684 2192 1839 2239 primum
1863 2192 1906 2228 de
1930 2193 2058 2240 insigni

200 2264 391 2302 eventuum
413 2261 643 2297 abundantia.

1104 2324 1154 2361 ΙΙ

297 2429 472 2476 Agitatam
488 2429 586 2465 illam
603 2429 843 2465 Universitatis
860 2428 970 2464 Paris.
989 2432 1141 2464 aetatem
1158 2433 1195 2464 ut
1214 2429 1348 2476 optime
1364 2429 1663 2477 intellegeremus,
1686 2431 1847 2466 Auctaric‘
1873 2435 2008 2466 tomum
2030 2433 2057 2466 ll

202 2500 298 2547 prius
313 2500 584 2544 elaboravimus,
603 2500 639 2535 id
655 2504 709 2535 est
725 2500 1028 2535 continuationem
1045 2499 1139 2534 Libri
1156 2500 1395 2547 procuratoris
1416 2500 1570 2535 nationis
1590 2500 1809 2548 Anglicanae
1826 2502 1880 2536 vel
1895 2502 2060 2537 Aleman-

202 2571 293 2615 niae,
318 2572 376 2618 qui
395 2572 428 2606 in
446 2571 659 2618 quibusdam
678 2570 874 2606 referendis
891 2574 1026 2606 ceteros
1048 2570 1159 2606 sontes
1187 2574 1341 2618 superat,
1371 2583 1452 2606 cum
1479 2571 1580 2618 quasi
1605 2571 1796 2606 chronicus
1821 2572 1913 2608 liber
1929 2573 2058 2608 sitnon

203 2642 309 2677 modo
335 2642 486 2678 nationis
513 2641 714 2689 singularis,
739 2641 802 2677 sed
827 2641 932 2677 etiam
961 2641 1138 2676 facultatis
1166 2642 1308 2685 artium,
1334 2641 1444 2677 immo
1472 2642 1575 2677 totius
1600 2642 1861 2685 Universitatis;
1885 2643 1932 2678 ibi
1963 2645 2057 2678 enim

204 2717 450 2748 memorantur
472 2713 566 2748 facta
587 2713 729 2748 aliunde
754 2713 888 2760 ignota,
907 2723 998 2759 quae
1021 2712 1125 2748 nobis
1149 2712 1279 2748 auxilio
1306 2712 1449 2748 fuerunt
1472 2725 1515 2747 ne
1541 2716 1728 2747 eventuum
1752 2714 1879 2749 seriem
1900 2726 1938 2749 ac
1960 2715 2059 2760 quasi

206 2783 306 2819 filum
323 2784 571 2831 perderemus.

300 2916 321 2940 l.
338 2916 453 2948 Exempli
467 2915 551 2946 gratia
565 2915 633 2947 apud
647 2915 726 2945 BUL.,
739 2916 758 2939 t.
776 2915 808 2945 V,
822 2922 847 2946 p.
863 2914 908 2938 304
921 2922 970 2946 sq„
983 2914 1037 2944 393,
1053 2914 1107 2943 394,
1124 2913 1178 2944 434,
1194 2914 1248 2944 440,
1264 2914 1318 2937 441.
