2502 3418
388 320 452 353 302
968 327 1287 350 CHARTULARIUM
1321 327 1512 349 UN1VERS.
1551 326 1679 348 lunis.
2159 314 2258 351 [1415

386 423 515 460 2047
525 451 533 460 .
557 434 700 457 Statutam
713 431 867 466 facultatis
881 431 1056 457 decretorum
1072 431 1107 457 de
1123 430 1234 465 locagio
1247 429 1420 456 scholarum.
1633 440 1635 442 ·

1518 472 1589 501 7475,
1606 471 1735 503 Septemb.
1754 471 1843 500 19-26,
1857 472 1972 498 Parisiis.

476 564 531 595 19³
552 562 688 595 mensis
715 561 940 607 Septembris
966 561 1182 594 deliberavit
1211 560 1362 593 facultas
1392 559 1625 592 concorditer
1647 570 1758 603 super
1779 558 2045 604 supplicatione
2073 560 2162 593 facta
2194 573 2257 605 per

386 629 665 674 proprietarium
687 628 867 662 scolarum
888 628 1069 661 facultatis
1091 639 1130 660 ea
1152 639 1222 672 que
1243 633 1471 671 sequuntur:

476 698 507 728 1ο
527 696 652 729 Voluit
669 695 820 728 facultas
838 706 1057 728 conservare
1075 700 1109 727 et
1130 700 1365 726 manutenere
1387 692 1666 737 proprietarium
1689 692 1726 724 in
1747 692 1825 725 suis
1846 693 2004 738 antiquis
2025 692 2255 727 libertatibus

385 770 420 796 et
441 762 648 795 francichiis
670 762 738 806 (sic)
761 761 998 795 conformiter
1018 760 1061 793 ad
1084 766 1215 793 statuta
1235 759 1429 792 facultatis.

474 831 508 862 2⁰
529 829 719 863 Conclusit
739 828 836 873 quod
853 827 1007 872 quilibet
1023 827 1067 859 de
1084 839 1179 859 novo
1196 826 1479 859 doctorizandus
1500 825 1629 859 habeat
1645 826 1790 859 solvere
1810 826 2051 871 proprietario
2073 827 2253 865 scolarum

384 896 426 928 ad
451 896 569 928 minus
589 897 610 929 8
630 895 698 928 sol.
722 895 845 940 paris,
869 901 977 939 prout
996 893 1171 926 hactenus
1193 899 1249 926 est
1268 892 1347 925 fieri
1368 899 1598 926 consuetum.

474 964 559 995 Item
589 962 703 995 voluit
728 961 825 1006 quod
852 960 1006 1005 quilibet
1030 961 1267 1005 frequentans
1295 966 1330 992 et
1355 959 1509 992 audiens
1536 959 1715 993 lectiones
1742 959 2011 993 matitudinales
2039 961 2109 1005 (sic)
2136 961 2255 998 solvat

383 1030 479 1062 dicto
501 1028 741 1075 proprietario
763 1028 942 1061 scolarum
966 1027 1074 1060 modo
1095 1033 1272 1060 consueto
1295 1026 1318 1071 ij
1341 1026 1409 1059 sol.
1433 1027 1543 1071 paris.

472 1098 626 1140 Insuper
646 1094 826 1128 conclusit
855 1100 1050 1127 memorata
1075 1093 1226 1126 facultas
1252 1093 1347 1126 circa
1377 1093 1517 1138 locagia
1543 1093 1724 1126 scolarum
1747 1093 1845 1138 quod
1871 1093 1983 1127 scolis
2004 1094 2253 1130 doctoralibus

383 1163 543 1208 repletis,
567 1162 666 1195 nulle
687 1161 786 1195 scole
808 1161 1060 1194 conducentur
1081 1172 1147 1193 nec
1177 1173 1194 1193 a
1223 1160 1360 1193 decano
1387 1160 1516 1193 cedule
1542 1159 1815 1205 sigillahuntur,
1838 1160 1909 1194 nisi
1939 1161 2041 1206 prius
2067 1161 2196 1195 locatis
2217 1168 2252 1195 et

382 1230 531 1275 repletis
547 1229 689 1274 magnis
702 1228 809 1262 scolis
825 1235 859 1261 et
875 1228 956 1261 aliis
977 1227 1088 1260 scolis
1105 1227 1149 1260 ad
1166 1227 1302 1260 dictum
1322 1227 1603 1272 proprietarium
1626 1227 1909 1272 pertinentibus,
1926 1234 1995 1264 tam
2013 1228 2251 1273 irfferioribus

381 1309 484 1341 quam
505 1295 762 1340 superioribus.
781 1294 901 1329 Vellet
917 1302 1035 1327 tamen
1057 1294 1150 1327 bene
1171 1293 1322 1327 facultas
1344 1293 1442 1339 quod
1464 1293 1508 1327 de
1529 1306 1624 1327 novo
1646 1294 1914 1339 respondentes
1930 1294 2000 1330 sub
2022 1294 2248 1336 doctoribus,

380 1364 455 1396 sive
477 1363 513 1395 in
535 1361 845 1407 disputationibus
866 1362 943 1395 sive
964 1362 1001 1394 in
1022 1360 1318 1406 repetitionibus,
1336 1361 1475 1406 aliquid
1496 1373 1560 1406 pro
1583 1361 1811 1406 reparatione
1832 1360 2052 1397 bancharum
2075 1368 2110 1395 et.
2130 1362 2249 1407 pulpi-

379 1437 515 1463 trorum
537 1429 691 1462 habeant
712 1428 868 1462 solvere.

467 1496 639 1529 Finaliter
659 1495 850 1529 declaravit
875 1495 968 1528 dicta
988 1494 1139 1528 facultas
1160 1494 1258 1540 quod
1283 1507 1348 1540 per
1369 1506 1469 1528 suam
1492 1494 1805 1539 dispensationem
1828 1495 1955 1529 factam
1982 1507 2093 1540 super
2114 1507 2248 1541 propo-

378 1564 446 1597 sito
467 1563 525 1597 vel
545 1563 717 1608 harenga,
740 1563 777 1595 in
798 1562 899 1595 nullo
921 1562 1120 1608 derogetur
1139 1561 1214 1607 juri
1238 1561 1484 1607 proprietarii,
1506 1574 1588 1607 ymo
1609 1561 1687 1595 vult
1707 1561 1805 1607 quod
1826 1561 1917 1595 talos
1937 1574 2017 1595 cum
2040 1561 2174 1607 quibus
2195 1562 2247 1596 sic

377 1631 626 1675 dispensatum
649 1636 715 1664 est.
739 1636 777 1662 ut
798 1630 990 1674 prefertur,
1014 1628 1157 1662 solvant
1177 1628 1313 1661 ibidem
1335 1628 1433 1674 quod
1454 1635 1669 1662 consuetum
1692 1635 1749 1664 est
1769 1628 1967 1670 sol[ar]ium
1990 1629 2245 1674 proprietario,

376 1710 455 1730 cum
479 1697 515 1729 in
537 1697 777 1742 prejudicium
800 1696 902 1729 tercii
923 1695 1074 1729 facultas
1095 1708 1168 1728 non
1189 1695 1424 1729 consueverit
1444 1695 1672 1741 dispensare.

464 1764 530 1796 Die
546 1764 644 1808 jovis
665 1765 743 1808 xxvj
768 1762 993 1808 Septembris
1013 1762 1182 1795 facultate
1209 1762 1439 1795 decretorum
1470 1769 1552 1807 post
1581 1762 1729 1797 missam
1761 1762 1797 1795 in
1824 1763 1954 1795 Sancto
1974 1762 2137 1796 Johanne
2158 1775 2246 1796 con-

375 1838 523 1876 gregata
545 1831 639 1863 inter
655 1837 774 1863 cetera
795 1829 976 1862 conclusit
996 1836 1031 1862 et
1051 1829 1245 1870 ordinavit,
1264 1829 1362 1874 quod
1384 1829 1564 1865 decanus¹
1584 1829 1679 1862 dicte
1696 1828 1876 1862 facultatis
1894 1828 1985 1862 nulli
2003 1829 2064 1862 det
2079 1828 2244 1862 cedulam

374 1910 439 1943 pro
465 1897 674 1942 incipiendo
704 1909 788 1930 suas
813 1896 991 1930 lectiones
1016 1897 1053 1929 in
1079 1896 1250 1937 decretis,
1273 1896 1389 1929 donec
1419 1907 1546 1945 magne
1568 1896 1660 1930 scole
1685 1895 1846 1941 qualibet
1874 1895 1962 1929 hora
1990 1895 2063 1929 sint
2090 1895 2241 1941 replete.

373 1965 461 1997 Item
483 1964 574 2009 ipsis
596 1963 898 1996 etvdoctoralibus
924 1963 1075 2007 repletis
1102 1963 1193 1996 nulli
1218 1963 1280 1996 det
1303 1963 1482 2004 cedulam,
1501 1969 1540 1995 ut
1560 1963 1696 1996 dictum
1717 1969 1784 2004 est,
1803 1962 1920 1996 donec
1935 1962 2026 1996 scole
2040 1963 2244 2008 superiores

373 2043 481 2076 supra
499 2030 667 2064 secundas
694 2030 813 2064 scolas
834 2030 930 2063 dicte
951 2030 1131 2063 facultatis
1153 2030 1258 2063 etiam
1280 2030 1354 2064 sint
1372 2030 1527 2075 replete,
1551 2036 1588 2063 ut
1608 2030 1741 2063 dictum
1764 2036 1831 2063 est.

461 2099 548 2131 Item
571 2097 785 2143 prohibetur
806 2097 951 2130 bedello
974 2104 1009 2130 et
1029 2096 1246 2130 subbedello
1268 2097 1363 2131 dicte
1383 2096 1564 2130 facultatis
1585 2097 1682 2142 quod
1704 2096 1842 2129 nullum
1866 2103 2001 2142 ponant
2019 2096 2056 2129 in
2073 2096 2242 2130 cathedra

371 2177 435 2210 pro
456 2164 623 2197 faciendo
645 2163 872 2209 propositum
895 2163 952 2197 vel
979 2163 1189 2209 harengam,
1213 2163 1244 2197 si
1263 2176 1345 2197 cum
1367 2175 1410 2196 eo
1431 2163 1541 2196 fuerit
1561 2163 1811 2209 dispensatum
1833 2163 1877 2196 de
1899 2163 2101 2209 proposito,
2125 2163 2240 2197 donec

370 2231 631 2276 proprietarius
652 2231 699 2264 sit
727 2237 920 2263 contentus
942 2230 986 2263 de
1009 2230 1152 2263 duobus
1173 2230 1303 2265 solidis
1329 2242 1421 2275 quos
1447 2230 1557 2263 debet
1586 2230 1638 2263 sic
1664 2230 1845 2276 incipiens
1866 2230 1962 2263 dicto
1984 2230 2238 2275 proprietario,

371 2298 507 2331 ratione
529 2298 585 2331 sui
607 2297 789 2343 principii,
813 2297 881 2330 sul)
903 2309 994 2342 pena
1016 2297 1256 2344 recuperandi
1283 2297 1494 2342 hujusmodi
1519 2297 1714 2342 peccunias
1736 2309 1844 2343 supra
1866 2309 1942 2338 eos,
1966 2297 1997 2330 si
2018 2298 2237 2331 contrarium

368 2364 532 2397 fecerint.

456 2433 544 2464 Item
567 2431 665 2476 quod
686 2431 730 2464 de
752 2431 820 2464 ista
842 2430 1106 2464 deliberatione
1127 2431 1234 2464 detur
1254 2431 1382 2464 cedula
1408 2431 1504 2465 dicto
1534 2431 1776 2477 proprietario
1806 2430 1874 2464 sub
1905 2431 2030 2476 sigillo
2055 2431 2182 2464 decani
2203 2438 2237 2465 et

368 2498 411 2530 de
433 2498 513 2530 aliis
535 2497 863 2531 deliberationibus
884 2497 1167 2543 precedentibus
1188 2499 1319 2531 factum
1341 2498 1585 2544 predictarum
1608 2498 1788 2531 scolarum
1811 2497 2132 2531 concernentibus.

456 2566 526 2597 Ista
547 2564 763 2598 deliberatio
784 2565 851 2598 fuit
871 2565 982 2598 relata
1003 2576 1068 2610 per
1093 2549 1269 2610 organum
1298 2565 1437 2598 domini
1458 2565 1592 2610 prioris
1614 2565 1658 2598 de
1679 2566 1817 2607 Prato²,
1842 2565 1922 2598 loco
1944 2565 2071 2598 decani
2093 2571 2177 2597 tunc
2198 2564 2235 2596 in

367 2631 701 2676 disputationi[b11]s
731 2631 889 2676 publicis
918 2638 953 2664 et
985 2631 1220 2677 generalibus
1249 2632 1429 2677 occupati,
1460 2639 1495 2665 et
1528 2635 1658 2677 qua[m]
1689 2631 1989 2665 deliberationem
2021 2630 2170 2676 scripsit
2198 2631 2234 2663 in

366 2698 517 2743 quadam
538 2698 665 2731 cedula
686 2705 721 2732 et
741 2698 887 2743 propria
908 2710 1015 2731 manu
1037 2698 1196 2744 signavit
1215 2698 1412 2732 scribendo
1434 2698 1471 2732 in
1492 2699 1564 2732 fine
1583 2710 1590 2731 :
1615 2713 1630 2730 «
1654 2699 1704 2731 Ita
1724 2705 1792 2732 est.
1815 2700 1856 2731 R.
1879 2710 1921 2731 DE
1945 2699 2073 2731 BEcco.
2098 2711 2114 2728 »

457 2796 563 2820 Memor.
580 2797 629 2819 sac.
643 2796 724 2824 decr„
741 2796 760 2825 Ι,
779 2796 823 2819 sol.
842 2796 876 2819 11³.

456 2879 480 2904 1.
493 2881 540 2903 An.
555 2880 687 2902 11115-1416
703 2879 751 2903 suit
764 2878 870 2903 Livinus
882 2880 1016 2904 Neuclinc,
1031 2881 1181 2911 Founmmx,
1194 2882 1233 2905 La
1245 2881 1354 2911 facult&
1364 2883 1397 2905 de
1411 2883 1510 2910 decret,
1525 2881 1544 2908 l,
1557 2889 1582 2912 p.
1596 2881 1650 2910 127,
1666 2883 1718 2904 not.
1730 2881 1753 2910 2,
1765 2880 1858 2904 scribit
1870 2887 1875 2903 :
1889 2889 1902 2902 α
1915 2880 1949 2904 Le
1962 2888 2022 2903 nom
2037 2879 2069 2903 de
2081 2888 2109 2903 ce
2125 2880 2232 2903 docteur
