2502 3418
271 343 368 380 1425]
616 358 661 379 AB
696 358 802 379 Auso
837 356 1127 379 MCCCLXXXXIV
1159 357 1291 386 USQUE
1327 358 1374 379 An
1409 357 1546 379 ANNUM
1581 358 1787 380 necccmi.
2069 351 2133 383 439

269 431 388 462 sequitur
410 431 550 463 epistolam
566 431 593 455 in
616 440 724 455 numero
744 432 911 463 praecedenti
927 432 1046 461 relatam,
1067 431 1116 454 sub
1135 432 1260 456 rubrica:
1279 441 1289 454 «
1309 432 1344 463 Cy
1360 434 1437 463 apres
1458 432 1567 455 s’ensuit
1582 433 1606 455 la
1629 432 1721 463 coppie
1744 433 1789 455 des
1809 433 1898 456 lettres
1921 433 1951 456 de
1967 434 2134 457 l'Universite

268 478 397 507 envoyees
413 485 464 499 nux
482 485 608 508 evesques
624 480 649 500 et
669 486 719 500 aux
734 476 889 500 conseillers
905 477 1085 508 d'Angleterre
1102 486 1113 499 »
1130 480 1155 499 et
1170 476 1207 499 sic
1224 476 1352 507 incipiens
1369 485 1374 499 ·.
1393 486 1403 498 α
1421 477 1550 500 Rcverens
1570 479 1647 507 peres
1668 480 1692 499 et
1708 477 1855 507 seigneurs,
1879 486 1943 500 nous
1960 487 2070 508 scavons
2086 488 2135 510 par

267 521 382 544 cei-tuine
395 521 520 545 cuidant-e
534 530 556 545 1).
573 522 671 545 Revera
686 522 763 545 stilus
779 530 809 544 ac
824 521 968 544 sententiae
982 521 1087 544 eaedem
1104 521 1128 544 in
1144 525 1254 552 utraque
1267 521 1389 552 epistola,
1406 521 1467 544 licet
1479 522 1646 549 Srsvm'sox,
1664 530 1689 552 p.
1704 522 1758 550 387,
1775 525 1828 545 not.
1842 523 1864 550 3,
1881 526 1983 545 asserat
1995 523 2133 554 epistolam

267 566 379 589 fortusse
390 566 516 597 scriptum
532 574 589 589 esse
604 567 637 589 ab
653 566 763 590 ilenrico
777 566 808 589 de
823 566 948 589 Beaurort
962 566 1086 597 episcopo
1101 566 1270 598 Vincestriae,

360 611 453 634 Postea
472 611 497 634 in
514 619 562 634 ms.
579 611 648 635 Bibl.
664 611 791 638 Arsennt„
806 611 850 634 sol.
866 612 896 634 43
912 619 980 642 sqq.‚
997 614 1110 642 quatuor
1125 611 1252 641 epistolae
1269 611 1364 633 ducum
1380 610 1549 641 Burgundiae
1565 613 1588 633 et
1605 610 1775 639 Glocestriuo,
1792 619 1858 641 quae
1874 611 1951 634 etiam
1966 611 2134 635 inveniuntur

266 656 310 687 npss
325 657 428 680 Chron.
441 657 476 680 de
491 656 662 685 Monstreffl,
681 656 722 684 lv,
738 656 782 679 213
798 664 864 687 sqq„
879 656 925 678 220
941 664 997 687 sqq.

265 860 409 898 2250.
439 870 614 896 Universitas
632 870 727 895 Paris.
743 869 869 895 Martino
892 870 914 895 V
929 869 1077 895 tuitionem
1096 878 1214 895 suarum
1236 870 1504 905 praerogativarum
1524 868 1710 894 commendat.
1729 870 1885 905 Supposila
1902 869 2035 905 dispersa
2056 874 2130 901 sunl,

360 919 536 946 Universitas
551 928 570 945 α
587 919 671 945 veteri
685 919 780 954 gloria
793 918 946 944 diminuta.
964 920 1005 945 Ne
1018 923 1149 945 creentur
1163 928 1251 945 novae
1267 919 1481 945 Universilales,

1439 1010 1515 1038 7425,
1531 1009 1661 1035 Februarii
1672 1010 1715 1038 26,
1732 1009 1846 1035 Parisits.

353 1097 442 1131 Orbi
463 1097 624 1131 fidelium
652 1098 867 1143 preponitur
892 1109 1001 1139 unus,
1029 1104 1129 1143 pater
1157 1097 1379 1138 beatissime,
1403 1104 1441 1130 ut
1465 1097 1508 1130 ab
1534 1109 1577 1130 eo
1604 1104 1769 1142 tanquam
1792 1110 1809 1130 a
1836 1097 1982 1130 cardine
2011 1109 2129 1130 rerum

263 1165 366 1206 ordo,
390 1165 522 1207 unitas,
545 1177 612 1210 pax
632 1172 665 1198 et
687 1165 754 1199 leta
778 1166 882 1210 quies
904 1165 1059 1210 profluat
1079 1166 1115 1197 in
1137 1171 1292 1198 ceteros.
1316 1166 1390 1197 I‘loc
1414 1164 1609 1197 salvatoris
1631 1177 1718 1197 voce
1747 1171 1935 1197 ostensum
1960 1171 2027 1205 est,
2051 1176 2129 1197 cum

262 1232 385 1277 Cephe
402 1233 450 1265 ait
472 1244 478 1265 :
499 1247 515 1264 «
537 1234 606 1275 Tu,
622 1232 816 1278 aliquando
838 1244 1052 1273 conversus,
1071 1232 1243 1265 confirma
1265 1233 1395 1265 fratres
1413 1232 1512 1265 tuos¹
1533 1246 1562 1264 ».
1583 1232 1699 1272 Unde,
1719 1232 1749 1264 si
1766 1231 1904 1276 aliquid
1926 1232 2130 1276 questionis

262 1299 356 1332 inter
376 1299 460 1333 illos
488 1307 605 1333 ortum
634 1300 756 1341 fuerit,
785 1300 828 1333 ad
857 1313 937 1333 eum
966 1300 1103 1332 referre
1135 1306 1316 1332 tenentur.
1349 1301 1447 1332 Hane
1475 1300 1624 1331 sormam
1652 1311 1693 1331 ex
1724 1299 1837 1332 sacris
1868 1298 1998 1331 littoris
2029 1311 2130 1332 acce-

261 1367 393 1411 pimus,
414 1366 504 1400 hanc
526 1367 680 1412 proinde
702 1367 799 1400 omni
821 1379 905 1400 eura
924 1374 1089 1400 tenemus
1112 1374 1158 1408 et,
1181 1374 1220 1400 ut
1236 1367 1367 1412 reliqui
1384 1379 1402 1399 a
1419 1366 1525 1399 nobis
1547 1373 1691 1399 sumant
1707 1366 1910 1411 exemplum
1933 1372 1967 1398 et
1988 1378 2129 1399 summo

261 1433 423 1477 pontifici
445 1434 597 1467 tirmiter
618 1434 803 1475 obediant,
826 1435 923 1467 omni
946 1434 1136 1479 diligentia
1157 1434 1408 1467 observamus.

347 1501 578 1543 Audivimus,
597 1509 697 1547 pater
718 1509 854 1543 sancte,
878 1502 975 1547 quod
994 1502 1182 1535 nonnullis
1203 1514 1322 1546 neque
1339 1500 1579 1534 familiaribus
1600 1501 1745 1542 vestris,
1765 1501 1995 1534 dominorum
2017 1502 2129 1534 cardi-

260 1567 408 1609 nalium,
432 1580 573 1614 regum,
594 1569 815 1614 reginarum,
838 1570 969 1602 ducum
992 1576 1052 1602 aut
1068 1569 1221 1602 aliorum
1244 1575 1476 1614 exceptorum
1499 1581 1516 1601 a
1539 1568 1769 1613 prerogativa
1786 1568 1921 1601 dudum
1941 1568 2047 1601 nobis
2065 1581 2129 1614 per

260 1642 414 1668 vestram
437 1636 662 1669 sanctitatem
687 1637 870 1670 Florentie
892 1649 1080 1677 concessa,
1104 1637 1202 1682 ipsas
1224 1636 1475 1681 prerogativas
1496 1635 1718 1675 indulsistis»,
1741 1636 1802 1680 qui
1825 1636 2002 1669 adversus
2023 1648 2129 1681 quos-

259 1702 336 1735 dam
356 1709 520 1736 nostrum
542 1716 627 1737 vere
650 1711 841 1749 presentes
863 1711 1050 1749 reputatos
1072 1711 1107 1737 et
1128 1716 1191 1749 pro
1215 1703 1348 1736 talibus
1370 1703 1549 1735 innostro
1572 1702 1690 1735 rotulo
1715 1702 1920 1747 descriptos
1942 1715 1981 1735 se
2003 1715 2127 1736 erexe-

258 1776 342 1802 runt
372 1771 473 1803 miris
499 1777 534 1803 et
555 1771 747 1816 exquisitis
773 1771 904 1812 modis,
933 1771 1017 1804 illos
1044 1770 1281 1816 processibus
1309 1770 1342 1803 vi
1364 1776 1561 1802 memorate
1592 1770 1846 1802 concessionis
1876 1769 2123 1811 involventes;

258 1849 376 1882 neque
398 1838 616 1871 insatiabilis
637 1851 773 1883 vorago
795 1838 999 1871 mortalium
1022 1838 1093 1871 hiis
1114 1845 1297 1874 contenta,
1316 1837 1360 1870 de
1382 1844 1500 1870 vestra
1523 1836 1665 1869 liberali
1693 1836 1939 1870 beneficencia
1968 1837 2126 1870 obtinuit

257 1905 523 1950 prerogativam
557 1905 766 1950 generalem
794 1918 859 1951 pro
892 1905 1063 1938 omnibus
1092 1905 1153 1950 qui
1189 1905 1324 1938 curiam
1363 1904 1478 1937 secuti
1510 1904 1657 1936 fuerunt
1687 1916 1751 1936 sex
1778 1904 1956 1936 mensium
1987 1905 2124 1949 spacio,

256 1979 379 2005 nostra
401 1973 540 2006 indulta
562 1973 707 2018 penitus
729 1974 984 2006 eradicantem.
1009 1975 1093 2005 Post
1114 1972 1180 2005 hcc
1202 1972 1379 2005 secularis
1398 1978 1572 2016 potestas,
1590 1971 1780 2016 potissime
1799 1971 1938 2016 regium
1959 1978 2124 2005 tenentes

256 2039 532 2084 parlamentum,
556 2052 628 2073 non
649 2041 811 2074 contenti
833 2041 911 2073 suis
933 2040 1124 2081 limitibus,
1148 2052 1273 2073 verum
1301 2039 1598 2083 consanguineos
1625 2045 1659 2071 et
1686 2038 1883 2071 familiares
1910 2038 2017 2071 nobis
2044 2052 2124 2084 pre-

257 2119 393 2152 ponere
415 2108 618 2153 cupientes,
640 2114 855 2141 memoratas
877 2108 1012 2153 gratias
1034 2108 1270 2152 exstinguere
1293 2113 1474 2151 satagunt,
1499 2106 1535 2138 in
1557 2118 1667 2150 grave
1694 2106 1935 2150 prejudicium
1960 2113 2122 2139 nostrum

257 2181 291 2206 et
312 2174 592 2207 intollerabilem
610 2176 800 2219 jacturam.
824 2175 1010 2220 Siquidem
1035 2175 1183 2208 inutiles
1207 2186 1289 2207 esse
1311 2174 1413 2219 leges
1431 2173 1698 2206 convincuntur
1719 2173 1749 2204 si
1775 2172 1897 2205 nullus
1919 2185 1979 2205 eas
2001 2173 2123 2206 obser-

255 2248 325 2274 vet.
347 2242 476 2275 Parum
496 2242 577 2274 ideo
594 2243 711 2275 fuerat
732 2242 838 2275 nobis
860 2243 1008 2275 dedisse
1032 2242 1308 2287 prerogativam,
1333 2241 1363 2273 si
1386 2253 1457 2273 non
1480 2247 1578 2272 esset
1598 2240 1659 2284 qui
1681 2240 1896 2280 custodiret,
1924 2240 1954 2271 si
1977 2252 2057 2272 mox
2080 2241 2120 2273 ad

257 2320 384 2353 preces
407 2308 613 2342 infimorum
636 2316 712 2342 erat
731 2310 939 2342 auferenda.
965 2310 1130 2342 Profecto
1152 2309 1217 2341 hec
1240 2321 1311 2341 non
1334 2308 1413 2341 sine
1435 2319 1540 2340 causa
1568 2307 1727 2352 graviter
1749 2319 1815 2339 nos
1837 2306 2066 2349 conturbant,
2089 2314 2124 2340 et

255 2375 401 2408 videtur
417 2376 640 2409 studentium
664 2376 775 2409 decor
792 2384 826 2410 et
847 2389 933 2422 spes
951 2389 993 2409 ex
1014 2377 1084 2409 levi
1107 2377 1245 2409 ratione
1268 2375 1424 2420 opprimi
1448 2375 1654 2420 plurimum.

345 2444 442 2475 Hanc
465 2443 727 2488 querimoniam
746 2444 788 2476 ad
810 2444 941 2477 summi
962 2444 1186 2489 apostolatus
1208 2444 1344 2488 apicem
1370 2442 1561 2475 referimus
1583 2447 1704 2474 vestre
1726 2440 1967 2473 sollicitudini
1988 2448 2122 2474 vestre-

257 2522 326 2554 que
357 2522 483 2555 magne
514 2510 651 2543 caritati
682 2510 868 2544 humiliter
893 2511 1154 2556 supplicantes,
1178 2517 1215 2543 ut
1241 2510 1271 2542 si
1299 2509 1483 2554 aliquibus
1512 2508 1648 2548 talium,
1679 2507 1739 2552 qui
1766 2507 1870 2540 etiam
1899 2508 1942 2540 de
1970 2520 2121 2541 numero

256 2577 518 2622 quinquaginta
544 2585 810 2611 reservatorum
834 2591 906 2611 non
933 2580 1105 2619 existunt,
1136 2578 1185 2610 uti
1215 2584 1337 2609 nostra
1366 2575 1597 2621 prerogativa
1619 2574 1890 2615 concesseritis,
1923 2575 2120 2608 decernere

256 2643 458 2689 dignemini
474 2644 540 2677 hoc
558 2644 637 2677 fieri
654 2645 788 2678 debere
805 2645 942 2690 absque
960 2645 1162 2690 prejudicio
1181 2644 1404 2689 presentium
1423 2643 1459 2674 111
1477 2642 1595 2675 rotulo
1614 2648 1738 2674 nostro
1758 2641 1940 2674 Florentie
1958 2642 2119 2686 signato²

255 2711 536 2756 descriptorum,
566 2718 601 2744 et
627 2724 691 2756 per
721 2724 788 2745 nos
818 2725 883 2757 pro
915 2712 1047 2745 talibus
1077 2718 1339 2756 reputatorum.
1369 2711 1539 2743 Ceterum
1569 2708 1738 2753 quoniam
1770 2707 1913 2752 plurimi
1942 2721 1984 2740 ox
2014 2709 2121 2742 nobis

254 2777 394 2810 litteras
415 2778 636 2822 apostolicas
663 2779 823 2811 nondum
853 2779 1090 2812 obtinuerunt
1116 2779 1159 2810 de
1186 2778 1305 2822 gracia
1334 2777 1369 2809 in
1400 2777 1514 2821 primo
1542 2775 1660 2807 rotulo
1690 2781 1813 2807 nostre
1843 2775 2076 2809 Universitati
2102 2789 2119 2809 a

254 2851 374 2878 vestra
395 2845 584 2878 sanctitate
606 2857 792 2886 concessa,
816 2846 959 2890 quidam
983 2853 1131 2891 propter
1154 2844 1354 2889 penuriam,
1376 2843 1436 2875 alii
1464 2842 1585 2875 studio
1609 2841 1767 2874 totaliter
1789 2842 1968 2886 occupati,
1991 2843 2119 2888 digne—

255 2912 343 2944 mini
368 2911 498 2944 abhinc
521 2923 637 2957 usque
659 2912 702 2944 ad
724 2924 855 2944 annum
878 2919 1020 2957 tempus
1042 2911 1293 2957 expedicionis
1314 2909 1493 2942 bullarum
1517 2909 1560 2941 de
1583 2908 1743 2953 predicta
1764 2908 1884 2953 gracia
1905 2921 2118 2954 prorogare,
