2502 3418
375 337 438 369 652
958 347 1278 369 CHARTULARHJM
1304 348 1496 370 umvnns.
1533 348 1663 370 mais.
2145 335 2247 373 [1445

376 449 520 486 2595.
544 459 678 495 Epistola
698 463 725 485 et
746 460 779 486 14
803 460 999 486 conclusiones
1015 460 1169 494 facultatis
1186 461 1346 495 theologiae
1362 462 1458 486 Paris.
1475 460 1515 486 ad
1530 460 1716 486 ecclesiarum
1731 460 1884 496 praelatos
1905 464 2004 486 contra
2024 461 2131 487 festum
2151 461 2247 487 fatuo-

463 516 531 534 rum
554 508 582 534 in
606 508 717 534 octavis
733 509 904 535 Natiuitatis
919 510 1032 535 Domini
1049 509 1090 535 vel
1102 510 1198 546 prima
1211 510 1347 536 Januarii
1361 510 1390 535 in
1405 509 1577 545 quibusdam
1592 509 1722 535 ecclesiis
1736 509 1918 536 celebratum.

1602 596 1676 624 7445,
1692 595 1780 621 Martii
1793 595 1829 624 12,
1846 595 1960 621 Parisiis.

466 670 658 715 Universis
688 682 923 715 ecclesiarum
953 682 1102 727 prelatis
1132 689 1163 715 et
1193 694 1317 715 earum
1344 683 1618 716 venerabilibus
1646 683 1815 728 capitulis
1841 683 1996 716 ubilibet
2023 683 2246 725 constitutis,

377 747 525 782 humilis
554 761 655 781 sacre
678 749 864 794 theologie
889 749 1039 782 facultas
1062 749 1174 782 studii
1198 749 1289 782 alme
1316 750 1574 783 Universitatis
1595 751 1791 784 Parisiens.
1819 750 1996 783 honorem
2023 757 2057 784 et
2084 750 2246 783 debitum

379 815 574 848 christiane
596 816 719 861 pietati
742 815 972 861 obsequium.
996 816 1104 849 Zelus
1127 816 1246 849 cultus
1274 816 1388 850 divini
1411 823 1518 862 atque
1541 817 1736 850 inultorum
1758 817 1921 850 fidelium
1939 817 2086 858 clamor,
2105 829 2248 851 necnon

378 883 605 927 quorundam
628 883 884 927 episcoporum
908 883 1104 927 querulosa
1121 883 1314 928 requisitio
1332 896 1400 917 nos
1421 884 1600 917 inducunt
1616 891 1651 917 et
1666 884 1858 929 impellunt
1879 884 1947 918 sub
1969 884 2071 918 brevi
2093 884 2247 930 epistola

377 949 599 990 describere,
635 956 806 994 quantum
840 949 1101 982 abhorreamus
1139 957 1386 995 quantumque
1421 951 1646 984 detestemur
1679 951 1781 984 illum
1816 952 2004 996 cujusdam
2039 952 2247 985 festivitatis

379 1016 500 1057 ritum,
524 1028 628 1060 quem
659 1016 715 1048 sui
741 1016 1007 1060 compositores
1022 1016 1161 1061 festum
1176 1017 1371 1061 fatuorum
1391 1024 1533 1051 vocant.
1558 1019 1602 1051 Et
1624 1030 1836 1063 quamquam
1865 1030 1908 1051 ex
1937 1030 2037 1051 sacre
2060 1018 2246 1063 Scripture

377 1083 608 1123 testimoniis,
639 1071 707 1115 tam
729 1083 864 1115 veteris
890 1095 994 1127 quam
1025 1084 1109 1117 novi
1130 1084 1366 1126 Testamenti,
1390 1084 1524 1129 quibus
1550 1086 1648 1118 Deus
1676 1085 1720 1118 ab
1748 1085 1846 1118 omni
1870 1085 2044 1130 spurcitia
2071 1085 2245 1130 templum

375 1161 479 1182 suum
508 1162 546 1182 ac
574 1149 763 1182 ministros
792 1149 948 1182 mundos
977 1162 1060 1183 esse
1090 1157 1126 1184 et
1152 1151 1396 1184 sanctificatos
1420 1151 1692 1185 districtissime
1720 1152 1914 1194 mandavit,
1943 1152 2012 1185 tale
2039 1152 2247 1186 festivitatis

374 1216 621 1260 gurgustium,
636 1228 707 1260 quo
723 1216 933 1249 sacerdotes
951 1223 986 1250 et
999 1217 1123 1250 clerici
1138 1217 1303 1250 interiori
1320 1225 1354 1251 et
1371 1219 1543 1251 exteriori
1558 1219 1730 1264 spurcitia
1748 1231 1786 1252 se
1804 1219 1984 1264 polluunt,
2000 1219 2246 1264 templumque

375 1283 440 1314 Dei
462 1289 497 1315 et
517 1282 692 1315 ecclesias
713 1283 848 1323 sedant,
871 1283 1082 1316 facillimum
1105 1284 1152 1317 sit,
1172 1285 1386 1330 reprobare;
1410 1292 1540 1327 tamen,
1564 1286 1647 1331 quia
1668 1286 1777 1331 hujus
1803 1286 1855 1319 rei
1877 1293 2078 1331 patratores
2101 1298 2139 1319 se
2161 1284 2250 1319 con—¹

374 1349 582 1382 suetudinis
604 1349 685 1395 lege
703 1356 898 1395 protegere
921 1357 1110 1393 conantur,
1128 1363 1167 1384 ac
1184 1352 1269 1384 inde
1286 1353 1522 1397 pertinaciter
1539 1353 1617 1386 suis
1635 1352 1890 1398 superioribus
1908 1353 2098 1393 resistunt,
2121 1353 2248 1397 majori

372 1417 576 1461 acriorique
614 1428 706 1461 opus
741 1424 798 1450 est
831 1417 1121 1462 reprehensione
1152 1425 1187 1451 et
1221 1425 1328 1460 tanta,
1366 1420 1463 1464 quod
1499 1420 1739 1453 correctionis
1772 1419 1950 1453 acerbitas
1985 1420 2245 1452 contumaciam

373 1483 495 1515 talium
519 1483 756 1527 pertinacium
779 1484 922 1529 frangat
942 1491 977 1517 et
997 1491 1158 1529 superet.
1181 1485 1359 1528 Quocirca
1381 1486 1468 1531 quid
1490 1486 1526 1519 in
1546 1486 1612 1520 hac
1639 1498 1677 1519 re
1703 1487 1894 1527 sentimus,
1918 1486 2079 1520 breviter
2105 1493 2141 1519 et
2166 1498 2249 1520 suc-

372 1550 488 1582 cincte
518 1550 818 1591 declarabimus¹,
841 1557 1020 1595 quatenus
1047 1551 1175 1596 prelati
1204 1552 1407 1586 studiosius
1435 1560 1470 1586 et
1497 1553 1692 1586 audentius
1719 1566 1737 1586 a
1760 1554 1837 1586 suis
1859 1553 2031 1595 subditis,
2055 1554 2161 1586 etiam
2183 1565 2248 1599 per

373 1617 572 1650 cauterium
595 1617 684 1650 dure
706 1618 924 1662 punitionis,
947 1618 977 1651 si
999 1618 1045 1651 sit
1063 1631 1168 1663 opus,
1191 1618 1287 1652 hunc
1309 1606 1521 1665 pestiferum
1544 1620 1650 1653 ritum
1674 1620 1870 1665 depellant.

462 1685 506 1716 Et
522 1684 653 1729 primo,
672 1684 759 1729 quid
781 1685 824 1717 de
847 1686 926 1729 ejus
949 1685 1092 1730 origine
1115 1698 1321 1720 censemus.
1346 1688 1458 1720 Porro
1480 1700 1498 1720 a
1519 1687 1721 1733 gentilibus
1741 1688 1842 1721 venit
1861 1687 1927 1720 hec
1945 1687 2119 1732 spurcitia
2140 1694 2248 1732 atque

374 1751 418 1784 de
446 1751 614 1796 reliquiis
641 1751 857 1796 gentilitatis
887 1759 943 1785 est
968 1752 1035 1785 hec
1063 1753 1252 1794 festivitas,
1285 1754 1368 1787 licet
1396 1755 1528 1788 festum
1560 1755 1740 1788 fatuorum
1774 1767 1791 1788 a
1821 1755 1898 1788 suis
1928 1754 2132 1788 fautoribus
2163 1755 2250 1788 inti-

376 1818 522 1851 tuletur.
1188 1813 1192 1815 i

462 1885 654 1928 [Facultas
668 1885 793 1919 deinde
808 1885 1042 1928 demonstrat,
1057 1887 1210 1932 gentiles
1225 1887 1272 1921 ad
1285 1878 1558 1933 superstitiones
1574 1894 1711 1922 tractos
1715 1889 1848 1934 fuisse,
1865 1894 2005 1922 statuas
2024 1888 2250 1923 daemonibus

375 1952 515 1986 dicatas
535 1952 694 1986 coluisse.
712 1953 901 1997 Principes
923 1967 938 1984 «
960 1965 995 1987 se
1014 1953 1184 1999 deificare
1198 1955 1448 1992 ,existimantes
1464 1969 1480 1986 »
1507 1955 1604 1989 idola
1619 1955 1689 1989 sibi
1707 1956 1845 1990 similia
1866 1955 2009 1989 colenda
2028 1961 2247 1997 statuerunt,

374 2025 407 2053 et
412 2020 514 2064 festa
531 2019 566 2053 in
586 2020 696 2053 certis
712 2019 883 2053 mensibus
898 2025 931 2054 et
946 2019 1069 2054 diebus
1083 2021 1155 2055 sibi
1167 2033 1238 2066 per
1253 2021 1355 2055 ludos
1369 2022 1555 2056 secundum
1576 2022 1756 2056 desideria
1776 2008 1897 2056 carnis
1919 2021 2126 2056 celebranda
2147 2023 2248 2056 insti-

376 2092 533 2126 tuemini,
553 2087 588 2120 in
604 2087 728 2131 quibus
747 2086 948 2120 sacerdotes
956 2099 1049 2132 prae
1063 2088 1148 2121 aliis
1162 2074 1476 2123 debacchabantur.
1497 2104 1512 2121 «
1526 2090 1585 2123 Sic
1599 2090 1634 2124 in
1640 2090 1828 2134 principio
1840 2089 1938 2123 Maii
1945 2089 2085 2134 festum
2103 2090 2249 2123 Veneris

376 2159 409 2186 et
429 2153 598 2198 Priappi,
626 2154 680 2187 sic
696 2154 732 2187 in
753 2154 954 2187 Februario
964 2155 1103 2199 festum
1123 2155 1291 2189 Plutonis
1310 2162 1343 2190 et
1368 2157 1598 2201 Proserpine,
1618 2157 1671 2190 sic
1692 2157 1727 2190 in
1748 2156 1906 2190 kalendis
1929 2156 2101 2190 Januarii
2108 2156 2249 2201 festum

376 2220 603 2264 spurcissimi
622 2221 710 2254 Jani
732 2234 748 2251 »
774 2216 1053 2255 celebrabantur.
1079 2236 1094 2252 «
1120 2222 1205 2256 Sola
1225 2234 1308 2256 vero
1327 2224 1553 2268 spurcissimi
1572 2224 1659 2257 Jani
1678 2224 1820 2267 nefaria
1846 2223 2003 2257 traditio
2028 2223 2063 2257 in
2087 2223 2260 2257 kalendis*

376 2287 547 2320 Januarii
566 2287 736 2332 hucusque
745 2288 990 2332 perseveravit
1008 2302 1038 2329 >›‚
1056 2294 1090 2322 et
1105 2289 1243 2334 quidem
1266 2290 1301 2323 in
1317 2290 1485 2331 ecclesiis,
1505 2291 1540 2324 in
1556 2290 1644 2324 locis
1657 2290 1901 2336 sanctificatis,
1920 2296 1954 2324 et
1973 2289 2111 2335 quidem
2131 2301 2152 2323 a
2165 2285 2253 2334 per-¹

377 2354 474 2387 sonis
493 2354 565 2387 Deo
585 2354 814 2394 consecratis,
833 2355 869 2387 in
890 2355 1034 2388 Octavis
1053 2355 1273 2390 Natiuitatis
1292 2356 1509 2399 Salvator-is,
1526 2357 1561 2391 in
1580 2357 1703 2402 quibus
1722 2358 1819 2391 omni
1837 2357 2087 2390 sanctimoniae
2105 2355 2252 2390 studere

377 2419 551 2454 deberent.
552 2422 577 2463 J

468 2487 571 2530 Quis,
597 2499 724 2531 queso,
750 2487 1032 2521 christianorum
1061 2496 1230 2523 sensatus
1263 2502 1334 2523 non
1363 2486 1501 2524 diceret
1529 2491 1642 2524 malos
1670 2491 1753 2524 illos
1783 2491 1993 2524 sacerdotes
2021 2497 2056 2523 et
2078 2490 2246 2531 clericos,

381 2565 472 2598 quos
503 2554 616 2587 divini
645 2554 753 2586 officii
781 2561 945 2599 tempore
976 2556 1117 2589 videret
1146 2556 1314 2599 larvatos,
1346 2564 1602 2591 monstruosos
1628 2557 1804 2599 vultibus,
1831 2564 1891 2590 aut
1915 2558 1952 2590 in
1979 2556 2146 2590 vestibus
2171 2569 2251 2589 mu-

380 2619 508 2652 lierum
531 2627 591 2652 aut
606 2620 778 2653 lenonum
796 2621 853 2654 vel
870 2621 1098 2667 hystrionum
1121 2623 1272 2657 choreas
1288 2624 1435 2666 ducere,
1454 2625 1491 2658 in
1512 2624 1624 2658 choro
1639 2625 1837 2658 cantilenas
1855 2624 2068 2658 inhonestas
2089 2630 2246 2664 cantare,

381 2687 468 2719 offas
494 2687 650 2731 pingues
677 2699 785 2731 supra
811 2700 926 2721 cornu
951 2689 1074 2723 altaris
1095 2691 1196 2734 juxta
1221 2691 1467 2725 celebrantem
1493 2692 1640 2725 missam
1663 2692 1869 2733 comedere,
1892 2691 2018 2724 ludum
2040 2690 2248 2723 taxillorum

381 2752 514 2785 ibidem
542 2754 743 2794 exercere2,
775 2753 982 2788 thurificare
1009 2756 1053 2789 de
1079 2757 1178 2790 fumo
1203 2758 1316 2791 fetido
1341 2770 1383 2791 ex
1407 2770 1516 2792 coreo
1541 2765 1705 2793 veterum
1732 2758 1960 2798 sotularium,
1988 2763 2022 2790 et
2044 2768 2109 2801 per
2138 2762 2248 2790 totam

383 2818 572 2852 ecclesiam
596 2819 783 2864 ligurire³,
806 2821 949 2863 saltare,
980 2823 1243 2870 turpitudinem
1271 2837 1371 2858 suam
1394 2837 1468 2858 non
1494 2825 1728 2866 erubescere,
1749 2837 1788 2858 ac
1817 2824 1950 2857 deinde
1972 2835 2037 2869 per
2063 2822 2184 2856 villam
2214 2829 2249 2855 et

384 2885 519 2917 theatra
540 2886 577 2917 in
599 2886 769 2919 curribus
796 2894 829 2919 et
850 2887 1030 2922 vehiculis
1053 2890 1215 2924 sordidis
1242 2891 1324 2924 duci
1354 2892 1398 2925 ad
1424 2892 1586 2925 infamia*
1609 2891 1828 2937 spectacula,
1860 2903 1925 2936 pro
1954 2891 2028 2924 risu
2052 2889 2249 2923 astantium
