2502 3418
261 319 358 355 1431]
606 332 652 353 AB
686 332 791 353 ANNO
825 330 1113 353 MCCCLxxxxw
1147 330 1277 358 USQUE
1313 331 1360 351 AD
1395 330 1533 351 ANNUM
1569 330 1773 352 MCCCCLu.
2066 322 2128 353 533

260 405 474 446 seditiones,
498 405 733 438 ecclesiarum
755 405 858 437 ruine
880 411 915 437 et
931 404 1050 437 cultus
1067 404 1259 436 diminutio
1278 404 1501 440 acciderunt,
1520 415 1615 435 nunc
1632 410 1749 436 autem
1769 416 1832 448 per
1849 403 1938 436 hanc
1956 405 2125 437 unionem

259 472 295 504 in
318 484 360 504 eo
381 472 523 510 factam,
547 484 611 516 per
631 472 697 504 Dei
718 472 882 516 gratiam,
906 471 1025 503 omnia
1046 470 1137 503 mala
1159 469 1368 509 cessabunt,
1391 469 1497 502 sicuti
1515 470 1734 514 sperandum
1758 476 1824 502 est.

346 540 382 571 2⁰
403 538 651 583 principaliter
671 538 768 570 dicet
788 538 886 582 quod
908 537 1136 570 Universitas
1158 537 1320 581 predicta
1341 536 1494 569 accessit
1511 536 1555 568 ad
1572 536 1791 581 presentiam
1809 537 1972 580 ejusdem
1991 537 2126 570 domini

257 606 371 638 nostri
394 605 492 649 regis
514 605 558 637 ad
579 604 824 637 exhibendum
846 604 965 636 eidem
993 604 1234 636 reverentiam
1261 610 1296 636 et
1317 602 1494 635 honorem
1521 615 1601 635 eum
1629 602 1837 635 obedientia
1861 609 2025 647 tanquam
2050 605 2125 648 regi

257 678 291 704 et
312 672 459 703 domino
482 683 548 704 suo
570 683 609 703 ac
631 671 721 715 patri
742 683 781 703 ac
804 670 1001 715 protectori
1023 670 1216 714 singulari,
1238 670 1281 702 ad
1304 670 1402 714 quod
1423 669 1608 702 inducitur
1634 675 1782 714 propter
1806 669 1959 702 virtutes
1986 676 2018 701 ct
2049 682 2127 713 per-

256 738 433 771 fectiones
455 749 604 782 magnas
625 738 662 769 in
683 737 779 770 dicto
803 737 950 770 domino
973 744 1099 770 nostro
1122 749 1208 782 rege
1226 738 1300 781 jam
1326 736 1512 769 inchoatas
1534 743 1569 768 et
1589 735 1808 776 relucentes,
1834 742 1871 768 ut
1892 736 2026 768 dictum
2054 743 2124 774 est;

257 804 354 845 item,
378 804 460 849 quia
482 803 710 848 principibus
732 810 766 836 et
787 803 945 836 dominis
967 803 1085 836 honor
1106 810 1161 836 est
1182 803 1409 836 exhibendus
1431 803 1492 847 qui
1514 809 1599 835 sunt
1620 803 1685 834 Dei
1708 802 1863 835 ministri
1886 802 1972 834 etin
1994 802 2126 846 quibus

258 877 327 903 tota
350 882 408 903 res
429 870 573 915 publica
594 870 807 904 honoratur.

343 939 377 970 3⁰
398 937 647 982 principaliter
668 937 764 969 dicet
784 937 882 981 quod
908 937 1133 970 Universitas
1155 937 1261 970 offert
1281 949 1319 969 se
1342 937 1469 981 ipsam,
1492 948 1597 969 suum
1621 943 1811 977 rectorem,
1830 935 1994 981 singulas
2016 936 2127 968 facul-

256 1011 358 1045 tates,
381 1004 547 1037 nationes
569 1011 604 1036 et
624 1004 812 1049 supposita
833 1004 876 1036 ad
898 1003 1125 1049 beneplacita
1147 1011 1182 1036 et
1202 1003 1376 1048 obsequia
1399 1003 1536 1036 domini
1557 1003 1673 1035 nostri
1691 1003 1789 1047 regis
1807 1003 2008 1035 secundum
2026 1014 2125 1035 suam

255 1071 534 1116 professionem.

344 1139 446 1178 Item,
478 1138 574 1170 dicet
601 1138 698 1182 quod
729 1138 823 1170 dicta
851 1137 1079 1170 Universitas
1111 1138 1217 1170 offert
1243 1150 1308 1182 pro
1339 1137 1532 1170 referendo
1558 1137 1692 1182 gratias
1723 1138 1798 1169 Deo
1828 1137 1872 1169 de
1897 1137 2061 1181 jocundo
2093 1144 2124 1169 et

255 1216 432 1249 prospero
449 1204 605 1237 adventu
623 1204 760 1237 domini
778 1204 894 1237 nostri
917 1205 1016 1249 regis
1037 1204 1191 1249 predicti
1209 1211 1243 1236 et
1261 1204 1490 1249 deprecando
1508 1216 1573 1248 pro
1594 1204 1841 1236 incolumitate
1859 1205 1938 1248 ejus
1955 1203 2126 1247 felicique

256 1282 404 1303 suorum
431 1271 655 1316 agendorum
683 1283 859 1304 successu
884 1283 924 1304 ac
952 1271 1068 1304 tocius
1096 1271 1200 1316 regni
1228 1283 1368 1316 preces,
1397 1271 1594 1311 orationes,
1623 1271 1881 1315 processiones
1908 1277 1943 1303 et
1963 1270 2126 1315 predica-

255 1337 372 1370 tiones
393 1337 436 1370 ad
456 1337 644 1382 populum,
667 1344 706 1370 ut
726 1338 896 1370 similiter
918 1338 1148 1382 deprecetur,
1173 1337 1469 1370 exhortatorias¹.

346 1422 462 1446 Illinuta
479 1422 596 1445 chartac.
617 1422 643 1445 in
661 1422 738 1445 Arch.
760 1422 839 1446 Univ.
858 1422 954 1452 Paris.,
970 1423 1045 1446 theca
1066 1423 1087 1455 l,
1109 1424 1159 1446 AA.
1177 1431 1212 1446 m.
1227 1436 1259 1439 —
1272 1422 1347 1450 ΒΗΛ,
1368 1422 1396 1449 V,
1413 1423 1467 1446 44'2.
1485 1435 1511 1439 —-
1532 1422 1628 1445 Omnes
1651 1422 1786 1450 haetenus,
1807 1421 1909 1444 nemine
1929 1425 2044 1452 excepto,
2062 1422 2126 1445 duce

253 1466 371 1494 ΒυιΑΕο,
386 1467 433 1489 has
448 1466 635 1490 instructiones
652 1467 684 1489 ad
698 1467 841 1490 adventum
857 1467 945 1490 Caroli
960 1467 1005 1490 Vll
1021 1467 1137 1490 Parisios
1154 1475 1198 1491 an.
1215 1467 1285 1497 1437,
1301 1467 1427 1490 Novemb.
1447 1467 1482 1493 12,
1498 1467 1657 1490 referebant.
1676 1467 1725 1489 Sed
1741 1474 1891 1497 perperam.
1907 1466 2043 1494 Quomodo
2057 1466 2124 1489 enim

253 1511 418 1534 Universitas
435 1519 553 1534 asserere
569 1511 663 1542 potuit,
681 1511 706 1534 in
723 1512 817 1534 Carolo
837 1512 879 1534 VII
895 1512 946 1534 duo
960 1520 1041 1542 regna
1057 1515 1132 1534 antea
1144 1511 1240 1536 divisa.
1255 1511 1355 1534 scilicet
1366 1511 1505 1534 Franciam
1519 1514 1544 1533 et
1555 1510 1677 1541 Angliam
1685 1512 1704 1539 ²,
1719 1511 1792 1533 unita
1805 1519 1871 1541 esse,
1886 1519 1944 1533 cum
1958 1511 2067 1533 Carolus
2080 1511 2125 1533 V11

251 1563 298 1586 pro
314 1555 405 1586 Anglis
419 1556 507 1586 potius
522 1559 598 1586 petra
616 1555 734 1578 scandali
749 1556 828 1578 suerit
843 1559 867 1579 et
880 1556 1033 1579 societatem
1048 1564 1090 1580 an.
1104 1556 1165 1579 1420
1181 1559 1316 1587 peractam
1331 1556 1466 1578 destruere
1479 1559 1587 1578 conatus
1604 1556 1646 1583 sit,
1663 1556 1731 1586 quod
1748 1563 1789 1578 an.
1805 1555 1928 1586 1437jam
1939 1558 2053 1586 exparte
2066 1563 2126 1586 per-

250 1600 362 1623 fecerat?
376 1600 444 1623 Bene
460 1600 584 1623 tamenin
598 1600 709 1623 Hem-ico
723 1601 754 1623 VI
771 1600 881 1631 Angliae
898 1609 959 1631 rege
974 1601 1110 1631 praedicta
1125 1601 1176 1623 duo
1192 1608 1274 1631 regna
1290 1600 1363 1623 unita
1377 1600 1542 1628 videbantur,
1558 1608 1617 1622 cum
1634 1600 1689 1630 ipse
1706 1599 1778 1622 solus
1792 1603 1852 1630 post
1865 1603 1975 1622 mortem
1990 1599 2078 1622 Caroli
2091 1600 2123 1622 Vl

250 1652 293 1667 rex
311 1644 420 1675 Angliae
442 1647 468 1667 et
490 1644 615 1668 Franciae
637 1648 806 1675 nuncupatus
822 1648 848 1668 et
863 1648 989 1676 tanquam
1005 1653 1049 1668 rex
1065 1645 1190 1668 Franciae
1210 1645 1319 1668 Parisiis
1339 1653 1381 1668 an.
1399 1645 1469 1673 1431,
1490 1645 1612 1667 Decemb.
1630 1645 1667 1674 ¹16,
1689 1647 1828 1667 coronatus
1851 1644 1894 1667 sit.
1914 1644 1949 1667 De
1966 1644 2076 1666 Hem-ico
2092 1644 2124 1666 VI

250 1689 330 1712 etiam
357 1689 531 1718 solummodo,
555 1692 619 1712 tunc
643 1690 696 1712 sere
721 1689 838 1718 decenni,
865 1698 916 1712 non
932 1690 963 1712 de
982 1690 1075 1713 Carolo
1093 1690 1139 1712 VH
1162 1690 1195 1712 ab
1211 1698 1253 1713 an.
1270 1690 1330 1712 1422
1351 1689 1519 1712 matrimonio
1533 1689 1633 1720 juncto,
1653 1689 1818 1712 Universitas
1834 1689 1920 1712 dicere
1940 1688 2034 1719 potuit,
2051 1688 2077 1711 in
2097 1697 2126 1711 eo

251 1733 426 1764 perfectiones
443 1742 553 1764 magnas
562 1734 626 1763 jam
641 1734 785 1758 inchoatas
799 1734 925 1757 relucere.
941 1734 1026 1765 Igitur
1041 1734 1074 1756 ad
1088 1742 1130 1758 an.
1145 1734 1214 1761 1431,
1232 1734 1300 1757 inter
1315 1733 1435 1757 Decemb.
1451 1734 1489 1762 10,
1506 1742 1556 1764 quo
1568 1733 1610 1756 die
1626 1733 1790 1756 Universitas
1804 1733 1942 1761 conclusit,
1958 1741 2046 1755 coram
2065 1741 2126 1763 rege

252 1786 263 1800 «
289 1778 484 1809 propositiones
505 1778 692 1801 Universitatis
713 1786 888 1809 proponere»
911 1780 1050 1808 (fluctum,
1068 1779 1100 1807 II,
1121 1787 1147 1809 p.
1163 1779 1218 1807 460,
1239 1778 1288 1808 10),
1310 1781 1335 1801 et
1359 1778 1480 1801 Decemh.
1502 1778 1540 1808 16,
1562 1786 1613 1809 quo
1635 1781 1775 1801 coronatus
1799 1781 1847 1806 est,
1868 1777 1917 1800 hae
1937 1777 2125 1800 Instructiones

251 1823 387 1853 ponendae
399 1826 468 1845 sunt.
483 1823 620 1846 Praeterea
633 1823 756 1846 Nicolaus
773 1823 852 1854 Midy,
869 1831 1029 1854 proponens,
1044 1831 1087 1846 an.
1104 1823 1173 1851 1431,
1191 1822 1251 1845 Maii
1266 1823 1289 1850 4,
1304 1823 1337 1845 ab
1353 1823 1465 1845 Henrico
1486 1823 1516 1845 VI
1538 1824 1622 1845 sactus
1638 1822 1779 1845 eanonicus
1800 1823 1995 1852 Rotomagens.‚
2014 1825 2083 1844 totus
2097 1830 2126 1844 cx

251 1870 326 1898 parte
341 1867 496 1898 Anglorum,
513 1870 538 1890 et
550 1867 576 1890 in
588 1875 715 1898 processu
732 1871 822 1890 contra
837 1868 985 1891 Johannam
1004 1867 1079 1890 ‹l'Are
1100 1867 1199 1898 majore
1216 1875 1294 1898 quam
1310 1867 1406 1890 caeteri
1422 1867 1544 1897 magistri
1562 1867 1671 1889 infamia
1692 1870 1796 1890 notatus
1812 1870 1876 1890 erat.
1893 1867 1940 1889 Vix
1961 1866 2125 1889 Universitas

251 1919 311 1934 eum
330 1911 463 1942 elegisset,
487 1914 516 1934 ut
533 1919 623 1934 coram
649 1912 743 1934 Carolo
765 1912 811 1935 VII
835 1915 1003 1943 proponeret,
1030 1920 1089 1934 cum
1107 1915 1193 1934 tamen
1212 1911 1328 1942 optimus
1345 1919 1495 1942 proponens
1512 1919 1600 1934 coram
1616 1919 1677 1942 rege
1693 1911 1801 1942 Angliae
1820 1911 1906 1934 suerit.
1925 1911 1960 1933 Ne
1978 1911 2050 1933 dicas
2067 1919 2126 1933 curn

252 1955 452 1983 BEAUREPMRE,
469 1957 551 1980 Notes
566 1963 619 1980 sur
638 1957 774 1986 lesjuyes,
789 1959 848 1986 etc.,
866 1965 894 1987 p.
908 1957 947 1984 40,
964 1957 1035 1987 Midy
1050 1956 1076 1979 in
1092 1956 1208 1979 Concilio
1225 1955 1307 1979 Basil.
1328 1959 1387 1979 unte
1408 1964 1450 1979 an.
1468 1956 1527 1978 '1437
1545 1957 1657 1978 sortasse
1675 1959 1827 1986 suspectum
1843 1955 1989 1984 devenisse,
2005 1956 2046 1978 vel
2065 1958 2126 1978 tunc

252 2000 378 2031 temporis
399 2001 492 2024 Carolo
510 2001 555 2023 VII
575 2001 737 2029 adhaesisse,
762 2009 822 2024 cum
838 2001 964 2024 Henricus
983 2001 1015 2024 VI
1035 2009 1078 2024 an.
1100 2001 1169 2029 1437,
1187 2001 1247 2024 Maii
1264 2002 1302 2029 20,
1320 2000 1411 2031 alium,
1428 2000 1486 2023 scil.
1507 2000 1679 2024 Guillelmum
1699 2000 1805 2031 Esteby,
1823 2008 1871 2031 pro
1887 2009 1916 2023 eo
1930 2000 1956 2022 in
1972 2000 2125 2023 canonicum

252 2045 437 2076 Rotomagens.
450 2045 626 2069 substituerit.
642 2046 707 2068 Nam
728 2045 852 2069 Nicolaus
874 2046 945 2077 Midy
959 2049 1021 2076 post
1037 2053 1078 2069 an.
1096 2046 1155 2068 1434
1180 2045 1255 2076 lepra
1267 2053 1411 2076 percussus
1429 2045 1491 2074 (vid.
1508 2045 1541 2067 ad
1561 2045 1625 2068 haec
1646 2053 1728 2076 supra
1750 2053 1776 2076 p.
1798 2045 1851 2074 522,
1871 2048 1924 2068 not.
1943 2045 1975 2075 5),
1995 2053 2037 2068 an.
2057 2045 2124 2073 1436,

251 2089 328 2112 Febr.
347 2090 370 2119 3,
388 2090 421 2112 ab
439 2089 555 2120 Eugenio
574 2090 608 2112 IV
629 2090 752 2120 obtinuit,
771 2093 808 2120 ut,
829 2090 891 2121 quia
914 2090 962 2112 hoc
983 2090 1074 2113 morbo
1095 2090 1204 2113 ass'cctus
1225 2100 1238 2111 ιι
1254 2090 1420 2113 canonicatui
1441 2092 1466 2112 et
1484 2089 1617 2120 prebende
1642 2097 1689 2120 per
1709 2098 1736 2112 se
1755 2089 1888 2112 deservire
1913 2097 1958 2112 nec
1983 2097 2042 2111 cum
2065 2089 2125 2111 aliis

251 2134 437 2157 ecclesiasticis
454 2134 576 2165 personis
592 2136 618 2157 et
632 2134 852 2158 christifidelibus
869 2134 924 2157 sine
941 2134 1066 2157 scandalo
1082 2134 1234 2157 conversari
1256 2143 1306 2157 non
1327 2135 1414 2157 valeat
1429 2144 1450 2162 n,
1469 2134 1651 2157 canonicatum
1668 2134 1803 2164 resignare
1818 2137 1917 2164 posset,
1932 2133 2058 2164 pensione
2074 2133 2125 2156 sibi

251 2181 386 2201 reservata
409 2179 513 2209 (Suppl.
533 2179 632 2210 Eugen.
654 2179 693 2207 lv,
711 2183 740 2201 n⁰
758 2180 811 2207 312,
827 2179 871 2202 sol.
890 2180 938 2208 19).
957 2179 1031 2202 Unde
1047 2179 1228 2205 confirmatur,
1242 2179 1379 2202 Nicolaum
1395 2178 1466 2209 Midy
1482 2186 1533 2201 non
1548 2178 1666 2209 potuisse
1689 2186 1756 2200 anno
1779 2181 1902 2209 sequente
1923 2186 2011 2200 coram
2032 2178 2125 2200 Carolo

252 2223 297 2245 Vll
318 2231 476 2254 proponere.
497 2223 635 2246 Caeterum
657 2232 698 2247 an.
720 2224 778 2246 1431
794 2224 916 2246 ultimum
932 2223 1000 2247 inter
1018 2224 1160 2254 magistros
1177 2226 1297 2254 regentes
1309 2223 1417 2246 Parisiis
1434 2226 1458 2246 et
1474 2223 1595 2245 ultimum
1612 2223 1638 2245 in
1654 2223 1832 2246 Universitate
1848 2222 1966 2245 affertur.

345 2306 368 2330 1.
384 2307 412 2329 In
427 2306 479 2329 imo
495 2307 614 2337 margine
630 2307 736 2330 additur
750 2314 755 2330 z
774 2317 786 2329 α
801 2307 928 2338 Magister
943 2307 1037 2330 Mikael
1051 2307 1180 2338 [Hehert],
1193 2307 1321 2337 grossetis
1336 2307 1400 2330 istas
1417 2306 1604 2329 instructiones
1616 2306 1648 2329 ad
1661 2306 1746 2335 finem,
1762 2306 1831 2336 quod
1842 2306 1947 2337 possint
1957 2306 1998 2329 die
2009 2306 2125 2329 crastina

253 2350 368 2381 sigillari
398 2359 510 2373 unacum
533 2351 628 2374 litteris
654 2351 718 2374 meis
743 2360 763 2374 ».
790 2364 821 2369 -·
846 2351 870 2376 2.
892 2352 998 2375 Minime
1024 2352 1055 2375 de
1086 2352 1198 2375 Francia
1219 2355 1244 2374 et
1268 2352 1424 2383 Burgundia
1446 2351 1490 2382 agi
1508 2354 1603 2382 potest.
1624 2352 1689 2374 Nam
1709 2351 1863 2381 Burgundia
1887 2359 1937 2373 non
1958 2354 2126 2381 nuncupatur

252 2405 265 2416 x
277 2403 387 2426 regnum
404 2405 427 2423 υ,
444 2404 526 2426 neque
541 2396 620 2418 etiam
632 2396 658 2419 in
672 2396 765 2419 Carolo
779 2397 821 2419 VII
833 2405 892 2419 cum
908 2396 1018 2419 Francia
1034 2396 1183 2420 uniebatur.
1201 2397 1262 2419 Post
1278 2400 1419 2419 tractatum
1433 2396 1597 2419 Atrebatens.
1614 2396 1665 2418 dux
1677 2395 1846 2426 Burgundiae
1859 2395 1943 2425 magis
1959 2395 1999 2418 sui
2017 2403 2124 2426 compos

253 2440 302 2463 suit
315 2448 395 2471 quam
412 2444 500 2463 antea.

253 2538 420 2577 2399a.
445 2549 531 2575 Natio
548 2549 743 2575 Nor-manniae
760 2550 788 2575 in
803 2550 923 2576 diversis
940 2550 1210 2584 congregationibus
1232 2550 1415 2575 Universitati
1430 2549 1603 2584 supplicavit
1624 2553 1653 2574 ut
1669 2549 1783 2574 litterae
1798 2557 1869 2574 suae
1884 2549 2125 2575 recommendam-

339 2599 402 2624 riae
414 2607 468 2634 pro
485 2598 573 2624 electo
592 2598 738 2633 [lolianne
753 2597 936 2634 d'Esquay¹]
956 2599 1095 2625 ecclesiae
1111 2599 1261 2634 BajocenS.
1282 2598 1322 2624 ad
1341 2607 1451 2634 papam
1472 2597 1568 2632 sigillo
1592 2597 1790 2623 Universitatis
1808 2597 2017 2632 sigillarentur.
2037 2598 2124 2624 Natio

345 2646 497 2673 Gallicana
512 2656 573 2673 vero
583 2649 646 2682 jam
663 2647 776 2673 litteras
793 2647 1083 2673 recommendatorias
1105 2648 1303 2673 Universitatis
1314 2656 1366 2683 pro
1377 2648 1462 2672 Petro
1481 2646 1622 2680 Canobon,
1639 2647 1771 2682 episcopo
1785 2646 1988 2681 Bellovacensi,
2003 2646 2125 2672 obtinuit

342 2700 368 2722 et
382 2697 538 2732 portitores
554 2696 641 2721 rotuli
660 2696 859 2722 Universitatis
873 2696 908 2722 de
924 2697 975 2722 hoc
992 2696 1151 2731 admonuit,
1168 2697 1250 2721 immo
1263 2697 1366 2721 Petras
1386 2695 1517 2721 Cauchon
1529 2695 1703 2730 provisorem
1718 2694 1835 2729 Collegii
1848 2696 1997 2721 Navarrae
2015 2695 2069 2721 hac
2089 2696 2124 2722 de

344 2754 436 2771 causa
449 2745 490 2771 ad
505 2736 615 2770 <iuriam
631 2746 710 2771 Rom.
726 2745 890 2772 destinavit.
906 2746 1031 2771 Proinde
1046 2746 1126 2771 natio
1146 2744 1298 2770 Gallicana
1314 2753 1344 2770 se
1359 2744 1494 2780 opposuit
1508 2744 1620 2769 nationi
1633 2744 1839 2770 Normanniae.

1418 2816 1486 2845 7437,
1503 2815 1649 2841 Decembris
1664 2817 1708 2845 22,
1725 2816 1838 2842 Parisiis.

353 2884 428 2912 Bu„
445 2884 471 2912 V,
489 2892 514 2914 p.
531 2884 587 2912 418,
603 2892 615 2906 e
630 2884 686 2906 Lib.
702 2887 756 2906 nat.
771 2883 866 2908 Gauio,
876 2897 905 2901 —
915 2884 965 2907 Sed
980 2883 1113 2914 Eugenius
1130 2883 1161 2906 IV
1178 2891 1219 2906 an.
1234 2883 1302 2911 1432,
1313 2883 1372 2905 Jan.
1385 2883 1422 2910 29,
1436 2882 1566 2905 Zanonem
1577 2882 1608 2904 de
1620 2882 1782 2910 Castilliono,
1796 2882 1950 2913 episcopum
1963 2883 2126 2912 Lexoviens.,
