2502 3418
274 323 370 359 1418]
618 335 665 356 Aa
700 335 804 356 ANNo
839 334 1127 356 MCCCLXXXXIV
1156 333 1288 361 USQUE
1324 333 1371 354 AD
1406 333 1544 354 ANNUM
1580 333 1783 355 mcccctti.
2067 324 2130 356 347

272 416 395 442 nostre
417 409 671 443 Universitatis
698 409 862 441 fecerunt
890 414 949 440 aut
978 408 1147 440 dixerunt
1173 419 1281 452 supra
1309 407 1453 451 scripta.
1486 408 1529 438 Et
1557 406 1710 439 ulterius
1732 407 1887 439 diximus
1913 414 1945 439 et
1974 407 2133 439 declara-

271 476 402 516 vimus,
429 476 583 508 dicimus
608 482 643 508 et
667 475 891 508 declaramus
922 486 986 519 per
1007 480 1210 519 presentes,
1233 474 1351 506 omnia
1372 473 1461 505 sacta
1487 473 1688 518 prescripto
1711 480 1872 517 tempore
1894 473 1961 505 sub
1988 474 2132 506 nomine

273 549 397 575 nostro
419 544 469 585 (et
497 542 702 587 specialiter
727 548 897 586 quantum
919 541 962 573 ad
990 540 1246 573 conclusiones
1275 546 1465 585 tangentes
1486 540 1670 571 dominum
1694 546 1856 572 nostrum
1880 552 2015 584 regem,
2039 541 2134 584 regi-

274 621 353 641 men
376 609 432 641 sui
454 609 571 653 regni,
597 615 725 641 statum
748 614 783 640 et
803 607 976 639 honorem
999 607 1238 639 illustrissimi
1267 607 1441 651 principis
1465 606 1602 638 domini
1624 606 1727 638 ducis
1754 606 2034 651 Bu1»gundie¹·2),
2059 603 2134 639 sive

272 675 601 720 propositionibus,
638 675 714 708 sive
753 673 1079 719 predicationibus,
1114 673 1262 713 litteris,
1299 673 1481 718 epistolis,
1518 673 1727 717 scripturis,
1764 672 1999 717 processibus
2037 673 2134 711 fidei,

273 741 473 774 rotulorum
505 740 886 786 subscriptionibus¹³7
919 741 995 773 sive
1026 739 1270 785 legationibus
1301 746 1335 772 et
1366 739 1607 776 ambassiatis,
1629 751 1701 771 non
1734 739 1859 780 suisse,
1883 751 1948 771 nec
1979 751 2060 771 esse
2094 751 2135 771 ex

272 808 482 840 auctoritate
505 814 628 840 nostre
655 807 922 847 Universitatis7
948 813 983 839 et
1003 807 1049 839 ita
1071 807 1225 839 dicimus
1246 813 1281 839 et
1301 806 1539 846 declaramus,
1569 806 1646 850 ipsa
1671 806 1785 838 fuisse
1814 812 1846 838 et
1875 817 1956 838 esse
1977 806 2076 837 irrita
2098 818 2136 837 ac

274 874 383 915 nulla,
407 881 442 907 et
462 874 598 907 nullius
619 874 733 906 fuisse
754 874 990 915 auctoritatis,
1018 873 1160 906 roboris
1179 873 1237 906 vel
1266 873 1451 913 momenti,
1479 879 1514 905 et
1541 873 1577 904 in
1598 879 1767 916 quantum
1791 873 1879 905 sacta
1900 873 2058 912 suerunt,
2080 872 2135 904 vel

273 942 317 974 de
344 942 436 973 sacto
464 947 734 986 processerunt,
758 952 955 981 cassamus,
977 940 1160 972 irritamus
1189 947 1224 972 et
1251 939 1493 972 annullamus.
1526 941 1680 984 Insuper
1701 946 1942 984 protestamur
1963 939 2138 971 adversus

273 1015 452 1049 auctores,
471 1008 713 1052 coadjutores,
732 1007 928 1052 complices
946 1013 980 1039 et
997 1007 1156 1040 fautores
1173 1006 1296 1039 talium
1314 1007 1349 1038 in
1367 1018 1431 1039 sua
1447 1006 1773 1047 animadversione,
1792 1019 1871 1038 cum
1890 1006 2138 1038 misericordia

274 1081 391 1107 tamen
413 1081 448 1107 et
474 1074 751 1107 mansuetudine
778 1085 1017 1119 processuros
1043 1085 1107 1118 per
1127 1074 1348 1118 privationes
1370 1085 1387 1105 a
1410 1080 1534 1106 nostro
1557 1074 1741 1105 consortio
1765 1080 1797 1105 et
1822 1073 1909 1105 alias
1931 1073 2139 1118 punitiones

274 1141 465 1181 notabiles,
483 1142 584 1185 juxta
606 1152 755 1173 suorum
776 1141 966 1173 criminum
989 1139 1246 1185 qualitatem¹⁴.
1271 1141 1397 1173 Datum
1420 1140 1488 1172 sub
1514 1147 1639 1173 nostro
1663 1152 1793 1185 magno
1815 1140 1937 1185 sigillo
1959 1140 1995 1172 in
2017 1147 2139 1173 nostra

274 1208 557 1253 congregatione
585 1207 748 1253 generali
777 1219 888 1252 super
912 1207 980 1240 hoc
1010 1207 1170 1240 Parisius
1200 1207 1293 1252 apud
1323 1208 1357 1240 S.
1388 1207 1605 1239 Maturinum
1636 1207 1848 1239 solemniter
1876 1207 2053 1240 celebrata
2082 1208 2139 1240 die

274 1287 367 1307 nona
389 1275 526 1307 mensis
546 1274 715 1319 Augusti,
739 1275 822 1306 anni
844 1274 887 1307 ab
909 1274 1156 1307 incarnatione
1179 1274 1323 1306 Domini
1347 1275 1443 1306 1418.

370 1373 445 1400 BUL.‚
461 1373 490 1401 V,
505 1373 655 1403 p.332-33l1.
667 1386 697 1389 —
712 1372 786 1395 Certe
802 1380 817 1395 a
833 1372 897 1395 duce
914 1372 1083 1403 Burgundiae
1099 1372 1162 1395 haec
1178 1371 1291 1402 epistola
1306 1371 1438 1403 inspirata
1453 1375 1518 1395 erut.
1535 1371 1654 1402 Epistola
1669 1380 1731 1394 vera
1748 1371 1821 1394 falsis
1838 1371 1917 1394 mixta
1933 1372 2056 1395 eontinet.

369 1456 393 1481 1.
411 1457 431 1480 l.
447 1465 468 1479 e.
486 1457 518 1479 ab
534 1465 602 1479 anno
615 1457 684 1484 1413,
700 1458 826 1487 Augusto,
843 1459 985 1487 postquam
996 1456 1048 1478 dux
1064 1456 1233 1486 Burgundiae
1247 1456 1363 1487 regimen
1376 1459 1401 1479 et
1412 1456 1528 1487 gratiam
1544 1456 1679 1479 amiserat.
1697 1469 1721 1473 -—
1740 1455 1764 1480 2.
1781 1456 1837 1479 Dux
1850 1455 2040 1485 Aurelianens„
2055 1464 2141 1478 comes

275 1501 306 1524 de
320 1502 477 1532 Armagnac,
490 1501 596 1532 aliique,
608 1505 633 1524 et
645 1501 749 1524 tandem
762 1501 872 1524 Carolus
884 1500 1035 1531 delphinus.
1046 1514 1074 1517 ——
1085 1500 1109 1524 3.
1123 1501 1256 1523 Johannes
1270 1501 1370 1524 Gerson
1386 1501 1455 1523 idem
1470 1500 1576 1523 omnino
1592 1504 1651 1523 ante
1666 1500 1874 1531 quinquennium
1889 1500 1953 1523 dixit
1969 1501 2000 1523 de
2016 1504 2142 1531 tempore,

276 1554 326 1577 quo
347 1546 399 1568 dux
420 1546 589 1577 Burgundiae
610 1546 726 1568 habenas
747 1545 822 1576 regni
846 1545 928 1568 duxit.
949 1545 1007 1568 Vid.
1029 1553 1110 1576 supra
1130 1554 1157 1576 p.
1178 1546 1231 1568 270.
1254 1559 1280 1562 —
1297 1545 1322 1569 4.
1339 1545 1376 1569 Cf.
1394 1536 1488 1573 Vrina,
1505 1547 1586 1573 Aen„
1603 1546 1634 1573 11,
1652 1546 1697 1568 369
1714 1553 1718 1568 z
1738 1554 1749 1567 ((
1770 1546 1875 1573 Luctus,
1892 1545 1989 1576 ubique
2008 1553 2101 1576 pavor,
2119 1549 2143 1568 et

277 1590 391 1622 plurima
412 1590 504 1613 mortis
524 1590 612 1621 imago
632 1598 654 1614 ».
674 1604 699 1607 —
719 1590 744 1615 5.
763 1590 821 1613 Vid.
843 1595 871 1612 n⁰
887 1591 957 1613 2056.
976 1604 1003 1607 —
1023 1590 1047 1615 6.
1067 1589 1128 1613 Seil.
1146 1590 1236 1612 eodem
1257 1598 1335 1618 anno,
1359 1590 1434 1612 Febr.
1456 1591 1494 1619 26,
1516 1590 1662 1620 imperante
1683 1590 1776 1613 Carolo
1793 1590 1927 1620 delphino.
1943 1589 2000 1612 Vid.
2024 1594 2052 1612 11⁰
2072 1590 2142 1613 2096.

276 1648 306 1652 -—-
320 1634 343 1659 7.
360 1635 417 1658 Vid.
443 1638 530 1658 tamen
546 1635 684 1664 Charlul.,
701 1635 746 1664 111,
768 1639 796 1657 n⁰
812 1635 881 1658 1640.
899 1634 1033 1657 Sententia
1048 1642 1159 1665 sequens
1176 1642 1219 1665 ap.
1237 1634 1301 1657 BL'L.
1320 1642 1422 1657 manca.
1439 1634 1536 1657 Deinde
1556 1637 1689 1663 narratur,
1705 1634 1767 1665 quid
1785 1635 1869 1657 facere
1892 1637 1983 1657 contra
2004 1634 2141 1657 ecclesiam

275 1682 300 1702 et
315 1679 440 1702 ecclesias
458 1682 483 1702 et
502 1679 704 1702 ecclesiasticos.
722 1693 748 1696 —
767 1679 792 1703 8.
809 1679 939 1702 Turmae?
954 1678 1011 1702 Vid.
1029 1679 1325 1708 DUCANGE—anscnffl„
1343 1679 1362 1708 1,
1378 1687 1404 1709 p.
1421 1679 1475 1707 644,
1493 1683 1521 1701 n⁰
1535 1680 1558 1702 li.
1573 1679 1645 1702 Nunc
1661 1679 1787 1709 gallicum
1802 1682 1842 1701 est
1856 1687 1867 1701 «
1883 1679 1968 1701 bande
1985 1687 2007 1702 n.
2022 1677 2049 1696 —‘
2064 1679 2088 1703 9.
2103 1679 2142 1702 Cf.

276 1724 412 1753 QUINTIL.7
426 1723 552 1747 Decltzm.
569 1724 610 1751 lx,
624 1725 646 1746 6.
662 1738 687 1741 —
705 1723 746 1748 10.
763 1725 891 1751 Attamen,
910 1723 948 1746 illi
965 1723 1096 1754 magistri,
1114 1723 1158 1754 qui
1176 1731 1243 1746 anno
1262 1723 1322 1746 1111ss
1338 1724 1423 1746 rotulo
1442 1726 1531 1746 contra
1547 1723 1693 1746 Johannem
1714 1723 1790 1746 Parvi
1807 1723 2032 1754 subscripserunt,
2049 1723 2142 1746 famosi

276 1771 359 1791 erant.
376 1782 406 1785 —-
421 1768 463 1792 11.
480 1769 511 1791 Et
525 1768 574 1791 hoc
589 1772 711 1791 usserunt
726 1771 788 1799 post
809 1768 915 1791 caedem
933 1768 1091 1791 horrendam
1111 1767 1183 1791 Junii
1201 1768 1229 1803 12
1244 1776 1291 1798 per
1306 1768 1464 1799 Burgundos
1479 1769 1627 1799 peractam!
1643 1782 1670 1785 —
1687 1767 1728 1792 12.
1745 1768 1903 1791 Praesertim
1920 1768 2006 1799 quoad
2021 1768 2143 1799 proposi-

276 1813 360 1836 tiones
376 1813 503 1836 Johannis
520 1813 608 1837 Parvi.
625 1827 652 1830 —
666 1812 707 1837 13.
721 1813 787 1836 BUL.
803 1821 962 1844 perperam:
981 1821 992 1835 «
1008 1813 1178 1843 processibus
1194 1813 1350 1841 rotulorum,
1366 1812 1427 1835 fidei
1443 1812 1683 1843 subscriptionibus
1698 1821 1719 1836 ›>.
1731 1826 1762 1830 —
1776 1812 1816 1838 14.
1831 1813 1994 1844 Proindeque
2009 1812 2142 1835 Johannes

277 1857 387 1883 Gerson.
404 1858 495 1880 Petrus
515 1857 547 1880 de
560 1857 695 1887 Versaliis,
712 1858 845 1881 Gerardus
861 1857 983 1889 innobati,
999 1857 1130 1880 Jordanus
1147 1857 1241 1880 Marini
1257 1857 1354 1888 aliique
1369 1857 1501 1880 consortio
1517 1857 1704 1881 Universitatis
1721 1858 1796 1888 quasi
1812 1857 1909 1888 privati
1925 1861 2008 1881 erant.

278 2037 422 2074 2108.
451 2047 625 2072 Universitas
645 2047 741 2073 Paris.
765 2047 806 2072 ad
830 2047 985 2072 Martinam
1013 2048 1038 2077 V,
1063 2051 1092 2072 ut
1115 2048 1142 2072 in
1163 2047 1287 2072 Francia
1307 2046 1403 2072 sedem
1425 2055 1507 2072 snam
1528 2046 1567 2071 ad
1585 2055 1685 2082 pacem
1705 2046 1872 2080 faciendam
1889 2047 2033 2072 interduo
2054 2056 2141 2081 regna

366 2096 538 2129 constituat;
552 2105 613 2121 cum
628 2098 792 2131 tamenjam
809 2096 836 2121 in
853 2097 948 2121 animo
963 2095 1070 2122 habeat
1084 2095 1172 2132 Alpes
1189 2096 1321 2130 transire,
1340 2095 1441 2121 saltem
1459 2095 1572 2130 aliquot
1586 2104 1676 2121 annos
1693 2095 1722 2121 in
1738 2096 1862 2121 Francia
1876 2097 1983 2121 morari
1998 2096 2140 2130 dignetur.

1520 2185 1590 2214 1418,
1605 2185 1725 2217 Augusto,
1744 2186 1856 2213 Parisiis.

368 2273 601 2305 Sanctissimo
623 2273 769 2305 domino
801 2280 926 2306 nostro
960 2280 1081 2306 sancte
1113 2275 1270 2306 Romane
1299 2279 1334 2305 et
1365 2272 1582 2306 universalis
1611 2273 1765 2305 ecclesie
1793 2285 1933 2305 summo
1966 2273 2139 2318 pontifici.

278 2340 418 2380 Vestra,
447 2339 728 2372 clementissime
755 2346 866 2384 pater,
894 2341 1082 2373 affectione
1112 2341 1286 2373 Sanctitas
1315 2339 1450 2380 habuit,
1479 2346 1518 2372 ut
1544 2352 1582 2372 ea
1612 2346 1757 2384 gereret
1787 2352 1856 2384 que
1885 2352 2078 2385 regnorum
2107 2347 2141 2373 et

278 2406 462 2438 nationum
484 2406 590 2438 saluti
611 2406 800 2447 servande,
819 2407 985 2452 augende
1002 2407 1059 2440 vel
1081 2407 1275 2440 recreandc
1298 2407 1486 2451 potissime
1508 2406 1725 2451 proficerent
1746 2419 1784 2438 ac
1808 2407 1869 2438 toti
1891 2407 2140 2440 christianitati

278 2473 507 2517 prodessent,
527 2479 562 2505 et
581 2472 664 2505 huic
686 2485 799 2518 regno
817 2474 981 2510 maxime,
1000 2474 1096 2518 quod
1118 2486 1250 2506 nomen
1270 2473 1610 2506 christianissimum
1633 2485 1705 2505 non
1723 2484 1765 2505 ex
1786 2484 1824 2505 se
1840 2474 2048 2518 assumpsit,
2068 2486 2140 2506 non

278 2539 477 2584 usurpavit,
508 2539 572 2571 sed
602 2546 723 2572 sancta
751 2541 907 2572 Romana
933 2540 1086 2573 ecclesia
1108 2540 1315 2572 nominante
1341 2552 1380 2572 ac
1402 2539 1575 2584 probante
1598 2539 1770 2583 suscepit.
1803 2540 1964 2580 Ex[c]itat
1989 2540 2139 2585 gloriam

281 2606 484 2638 Sanctitatis
507 2612 627 2638 vestre
653 2606 907 2639 universorum
930 2606 1157 2640 subditorum
1180 2607 1236 2651 pia
1258 2607 1402 2639 devotio
1432 2606 1565 2651 pariter
1590 2613 1625 2638 et
1646 2606 1878 2647 neccessitas,
1901 2613 1937 2639 ut
1960 2608 2142 2640 universis

278 2672 376 2705 vic'es
398 2672 614 2717 impendatis
631 2672 828 2717 apostolice
846 2673 1117 2709 sollicitudinis.
1142 2673 1211 2706 Sed
1233 2685 1328 2705 nunc
1345 2673 1496 2705 maxime
1513 2684 1658 2705 movere
1676 2672 1784 2705 debet
1803 2672 1911 2717 hujus
1933 2674 2036 2718 regni
2057 2674 2144 2707 cala-

279 2739 407 2771 mitosa
429 2739 537 2771 nimis
559 2739 716 2780 afflictio,
734 2740 831 2784 quod
854 2752 921 2772 una
943 2752 1022 2773 cum
1045 2740 1198 2773 ecclesia
1219 2740 1284 2772 Dei
1307 2751 1451 2784 semper
1467 2739 1718 2772 adversitatem
1740 2746 1845 2784 atque
1867 2741 2143 2784 prosperitatem

280 2804 420 2838 habeat.
452 2807 495 2838 Et
522 2806 565 2846 si,
594 2812 631 2838 ut
661 2812 746 2838 sunt
765 2807 965 2851 vertigines
993 2813 1208 2851 temporum,
1238 2806 1430 2850 aliquando
1453 2818 1495 2838 ex
1521 2805 1694 2838 deteriori
1721 2806 1863 2838 fortuna
1889 2807 1924 2838 in
1946 2807 2143 2840 feliciorem

281 2872 440 2913 emersit,
459 2872 614 2905 ecclesie
636 2872 810 2917 depresse
832 2885 905 2905 non
926 2874 1010 2906 totis
1032 2879 1066 2905 et
1086 2873 1246 2917 undique
1268 2872 1431 2905 collectis
1447 2871 1587 2905 viribus
1609 2884 1835 2914 succurrere,
1854 2873 1990 2918 nephas
2011 2881 2046 2907 et
2066 2887 2147 2907 cru-
