2502 3418
389 344 454 375 224
969 351 1288 375 CHARTULARIUM
1322 350 1512 372 UNIVEns.
1549 349 1678 371 PARls.
2159 335 2257 372 [1412

388 438 401 450 «
413 428 526 459 ingenuo
537 429 687 459 professore
698 427 795 451 artium
805 437 818 449 n
829 428 862 451 ad
875 428 1014 459 quemdem
1027 427 1176 458 praelatum
1189 425 1282 456 dirigit
1292 424 1442 456 epistolam,
1454 427 1482 447 ut
1495 423 1650 446 beneficium
1663 422 1784 454 recipiat,
1796 432 1808 443 n
1821 430 1871 453 quo
1882 421 2024 453 theologici
2037 421 2118 444 studii
2131 421 2257 445 honorem

387 473 474 495 valeat
484 472 596 504 adipisci
611 482 623 494 n
642 472 727 502 (Arch.
741 475 794 496 nat.
811 472 905 499 Paris..
921 473 945 495 M
957 473 1009 501 65⁵,
1026 475 1055 493 n⁰
1071 472 1134 500 139).
1148 484 1175 488 -
1189 469 1214 494 Ί.
1229 470 1294 492 Ms.·.
1310 479 1324 491 α
1340 468 1466 499 Flengoin
1480 478 1503 496 n,
1519 478 1532 489 (ι
1548 467 1721 498 Floguelinch
1734 476 1757 495 υ,
1774 477 1786 488 «
1800 466 1965 497 Flonguenth
1977 475 2001 489 n.
2015 466 2074 489 Fuit
2089 469 2143 489 nat.
2155 466 2257 497 Anglic.

388 519 413 540 et
425 516 564 539 bursurius
581 517 724 540 Sorbonne.
740 516 798 540 Vid.
815 518 935 541 Λυσίαν.
950 517 970 541 1.
988 516 1063 539 Certe
1079 518 1119 538 est
1134 515 1178 537 ille
1197 513 1357 541 Bernardus,
1373 512 1417 544 qui
1430 515 1523 543 captus
1539 514 1597 534 erat
1611 519 1653 534 un.
1669 511 1728 533 1412
1745 511 1881 538 (Λαοΐαν.,
1896 511 1928 541 II,
1945 510 1999 540 113,
2014 510 2061 539 13).
2076 523 2106 527 —
2120 509 2145 534 8.
2161 510 2258 542 Utique

388 561 521 584 Johannes
538 561 670 592 Radulphi
686 561 719 590 ΙΙ,
735 561 780 592 qui
800 564 892 592 postea
908 560 957 583 suit
972 561 997 582 in
1013 559 1130 583 Concilio
1144 558 1279 582 Constant.
1293 571 1325 575 —
1341 557 1366 582 9.
1385 557 1444 580 Nat.
1460 555 1563 586 Anglic.
1577 555 1635 578 Vid.
1648 557 1731 579 Auct-
1747 555 1767 578 I.
1783 555 1897 578 Vocatur
1915 564 1928 575 (ι
1941 554 2042 577 Bothur
2058 562 2080 578 ».
2093 568 2124 572 —
2141 554 2183 580 10.
2196 554 2256 578 Joh.

391 604 526 636 d'Arthan,
542 605 616 629 baec.
634 606 738 629 format.
757 605 783 628 in
800 605 879 628 theol.
899 608 924 628 et
942 613 984 627 un.
1000 605 1069 631 1408,
1082 602 1169 626 Martii
1187 603 1225 632 16,
1239 605 1268 625 ut
1282 601 1426 624 monachus
1443 601 1468 623 S.
1484 599 1563 630 Eligii
1581 600 1665 622 suctus
1685 602 1726 622 est
1740 598 1823 622 abbas
1841 599 1870 622 S.
1885 598 1979 622 Silvini
1996 599 2027 622 de
2045 599 2169 622 Alchiaco
2183 600 2257 630 (Reg-

388 651 468 673 Aven.
490 650 587 673 Bened.
603 650 670 679 XIII,
692 650 744 673 vol.
758 650 821 678 LIV,
838 650 883 672 sol.
906 650 974 678 570);
991 657 1033 671 an.
1050 648 1119 673 1411.
1134 647 1226 670 Octob.
1248 647 1286 674 24,
1305 645 1388 668 abbas
1403 645 1429 668 S.
1445 644 1525 675 Eligii
1545 643 1714 667 Noviomens.
1731 643 1761 667 O.
1778 644 1804 667 S.
1821 643 1849 671 B,
1864 643 1987 666 defuneto
2002 643 2096 674 Egidio
2112 643 2187 675 (Reg.
2202 644 2258 667 Lat.

387 694 447 717 Joh.
466 694 555 722 XXIII,
570 698 598 716 n⁰
618 694 670 721 151,
691 694 735 717 sol.
755 695 819 723 209).
836 694 979 724 Perperam
993 692 1075 723 igitur
1092 691 1167 715 Gall.
1182 690 1288 719 christ„
1305 690 1347 715 lx,
1369 690 1439 717 1072,
1460 688 1557 711 usserit
1570 687 1693 719 Egidium
1709 688 1741 711 de
1759 687 1840 717 Atrio,
1858 688 1928 711 decr.
1945 687 2024 718 doct.‚
2038 696 2122 719 usque
2139 696 2181 711 an.
2200 688 2258 711 1413

388 738 429 761 vel
439 739 499 761 1414
512 738 634 761 abbatem
649 738 739 761 fuisse.
750 751 781 755 —
790 737 831 762 11.
847 737 983 761 Omittitur
998 737 1024 759 in
1036 736 1106 764 msm,
1120 738 1145 758 et
1152 734 1259 766 ponitur
1273 734 1318 757 fol.
1329 734 1357 756 15
1371 733 1521 762 interillos,
1535 732 1579 764 qui
1596 733 1682 755 solum
1693 732 1761 755 inter
1774 732 1834 755 1413
1843 735 1868 755 et
1879 732 1938 755 1421
1950 732 2084 755 licentiam
2094 735 2259 763 receperunt.

389 783 435 805 Ast
453 790 603 813 perperam.
621 782 686 805 Nam
704 790 747 805 an.
761 783 830 812 1413,
852 781 978 805 Novemb.
993 781 1031 810 30,
1045 780 1099 811 jam
1116 782 1144 802 ut
1164 778 1293 809 magister
1308 778 1389 801 theol.
1410 777 1520 800 affertur
1539 776 1601 806 (vid.
1618 776 1707 806 infra),
1724 776 1888 808 proindeque
1910 779 1970 799 ante
1985 784 2027 799 an.
2048 777 2119 807 1413,
2139 776 2259 805 Nativit.‚

387 826 537 850 licentiatus
553 830 601 850 est.
618 827 683 850 Cum
696 826 722 849 in
736 826 797 849 msss⁰
808 825 911 848 dicatur
925 833 931 848 z
943 824 1065 855 «incepit
1077 824 1147 851 1405,
1164 826 1189 846 ct
1203 822 1263 846 fecit
1278 823 1311 844 211ἱ
1325 829 1432 844 cursum
1448 824 1474 844 et
1493 821 1611 844 Scntent.
1627 821 1688 844 1407
1700 831 1723 849 ι»,
1741 824 1770 844 ut
1788 821 1922 844 Johunnes
1938 821 2035 844 Broust
2051 829 2094 845 an.
2109 821 2169 844 1411
2183 820 2260 844 licen-

389 871 469 894 tiatus
490 874 538 899 cst,
551 879 601 902 quo
617 879 684 893 anno
705 870 783 893 etiam
802 870 862 893 Joh.
876 869 1021 897 Michaelis,
1037 876 1097 891 cum
1112 876 1162 899 quo
1183 875 1287 897 semper
1302 866 1420 893 affertur,
1441 865 1573 889 licentiam
1590 865 1698 896 recepit.
1714 866 1733 888 E
1747 865 1883 895 Versaliis,
1904 865 1987 889 dioec.
2008 865 2091 889 Paris.
2106 868 2131 889 et
2145 874 2158 888 e
2178 865 2260 888 nobili

389 923 483 946 genere
494 924 523 938 ex
534 918 645 946 utroque
657 918 765 946 parente
778 917 933 945 procreatus
946 913 1049 944 (Suppl.
1066 913 1143 935 Mart.
1155 912 1183 940 V,
1201 916 1229 934 n⁰
1243 912 1296 940 106,
1310 911 1354 934 sol.
1367 910 1442 940 2811‘),
1454 910 1524 941 regis
1538 910 1626 933 Caroli
1640 910 1673 933 ad
1687 910 1785 933 concil.
1803 910 1940 933 Constant.
1953 910 2131 933 amhassiator
2146 913 2171 933 et
2186 910 2260 941 prior

390 960 416 983 S.
430 960 499 983 Petri
520 960 550 982 de
567 959 735 982 Culvomonte
751 958 800 981 suit
815 960 874 987 (ms.
888 958 934 981 lat.
951 958 1035 986 1485¹‚
1057 957 1102 980 sol.
1124 956 1184 986 57b).
1205 957 1253 979 An.
1274 955 1344 983 1418,
1361 954 1444 986 April.
1462 955 1500 982 19,
1517 954 1666 986 prioratum
1682 955 1708 977 S.
1725 954 1872 978 Salvatoris
1887 954 1914 977 in
1930 955 1995 983 Ruu,
2011 954 2148 978 Viennens.
2165 954 2258 983 dioec.,

389 1004 484 1035 petivit
506 1004 610 1035 (Suppl.
627 1004 703 1026 Mart.
720 1004 748 1031 V,
765 1007 794 1025 n⁰
813 1003 866 1030 106,
890 1003 934 1025 sol.
958 1001 1038 1031 281b);
1059 1001 1128 1029 1420,
1150 1001 1203 1023 Jul.
1225 1001 1246 1028 3,
1268 1001 1353 1023 factus
1371 1003 1411 1022 est
1430 999 1513 1022 abbas
1530 999 1719 1022 Talmundens.
1738 998 1895 1022 Lucionens.
1915 999 1997 1023 dioec.
2015 999 2101 1028 (Arch.
2118 999 2186 1028 Vnt„
2203 999 2258 1028 XII,

389 1048 443 1077 121,
457 1056 482 1079 p.
498 1049 556 1076 131;
571 1048 676 1070 omnino
691 1047 821 1070 incertum
837 1046 863 1069 in
879 1046 950 1071 Gall.
967 1046 1076 1077 christ„
1090 1045 1123 1073 ΙΙ,
1139 1045 1223 1074 1424),
1240 1052 1282 1068 nn.
1296 1045 1366 1071 1429,
1382 1043 1503 1067 Decemb.
1519 1045 1542 1073 9,
1560 1043 1643 1066 abbas
1660 1044 1686 1066 S.
1703 1043 1833 1066 Martialis
1849 1043 2028 1067 Lemovicens.
2046 1043 2130 1072 (ibid.‚
2147 1052 2174 1074 p.
2189 1044 2258 1073 245„

389 1100 431 1115 an.
445 1093 514 1122 1432,
526 1092 613 1114 Martii
627 1092 665 1120 31,
679 1091 762 1122 episc.
776 1091 903 1122 Dignens.
915 1090 1002 1120 (ibid.‚
1014 1098 1041 1121 p.
1055 1090 1123 1120 271);
1136 1097 1179 1112 an.
1194 1089 1263 1117 1439,
1278 1088 1413 1119 Septemb.
1426 1089 1464 1116 25,
1476 1088 1623 1111 translatus
1639 1088 1672 1111 ad
1687 1088 1774 1111 sedem
1789 1086 1914 1111 Meldens.
1931 1087 2028 1118 (Oblig.
2041 1092 2070 1110 n⁰
2080 1088 2118 1115 66,
2137 1088 2182 1111 sol.
2197 1087 2260 1117 41¹²),

389 1137 421 1159 ad
435 1144 510 1167 quem
527 1136 618 1166 plures
631 1143 691 1166 epp.
706 1135 817 1159 Germ-di
832 1134 952 1158 Mneheti.
972 1134 1042 1157 Petri
1060 1133 1138 1165 epist.
1153 1133 1186 1156 ad
1201 1133 1314 1156 Johnnn.
1327 1133 1453 1156 Jouvenel
1468 1132 1499 1155 de
1517 1135 1644 1163 corrupto
1660 1135 1730 1155 statu
1748 1132 1875 1155 Franciae
1891 1140 1933 1163 ap.
1947 1131 2088 1162 MARTisz,
2105 1132 2183 1156 Thes.
2194 1139 2259 1156 ηου-

388 1182 496 1209 anecd„
512 1181 529 1210 I,
542 1181 611 1203 1723.
627 1180 701 1210 Apud
722 1179 862 1202 Martinum
884 1179 964 1202 Poree
987 1180 1045 1207 (ms.
1060 1179 1107 1201 lat.
1124 1178 1211 1207 14851,
1232 1177 1277 1200 fol.
1290 1177 1340 1206 57¹²)
1357 1180 1385 1200 ut
1403 1187 1416 1198 κ
1434 1177 1518 1199 hostis
1536 1176 1660 1208 publicus
1681 1176 1809 1200 Johannis
1829 1176 1903 1199 ducis
1924 1176 2076 1207 Burgundie
2097 1179 2122 1199 et
2137 1176 2257 1199 notorius

388 1225 509 1247 inimicus
525 1227 550 1247 ct
565 1224 681 1246 omnium
697 1223 815 1246 fidelium
831 1223 988 1246 servitorum
1006 1223 1123 1254 ejusdem
1135 1232 1148 1244 ³>
1164 1222 1329 1253 designatur.

394 1421 533 1457 1941.
556 1429 700 1455 lohannes
718 1431 818 1455 XXIII
833 1429 1065 1465 praerogativam
1085 1430 1182 1463 quinti
1204 1429 1319 1455 articuli
1345 1429 1529 1455 Universitati
1543 1428 1640 1454 Paris.
1662 1428 1790 1454 concedit
1809 1428 1863 1454 sub
1884 1427 1963 1454 hulla
1981 1427 2126 1464 plumbea,
2147 1431 2178 1454 ut
2198 1428 2261 1454 alia

477 1479 564 1504 etiam
578 1479 739 1514 privilegia.

1618 1514 1686 1543 1412,
1702 1514 1820 1540 «Ianuarii
1835 1514 1856 1542 7,
1872 1514 1972 1539 Romae.

478 1602 662 1635 Johannes
695 1602 891 1647 episcopus
920 1614 1049 1635 servus
1083 1614 1273 1635 servorum
1305 1602 1372 1634 Dei
1403 1602 1537 1635 rectori
1569 1608 1605 1634 et
1633 1601 1868 1635 Universitati
1899 1601 2011 1634 studii
2043 1600 2260 1633 Parisiensis

391 1669 543 1702 salutem
569 1676 603 1702 et
624 1669 857 1714 apostolicam
880 1668 1188 1702 benedictionem.
1212 1670 1252 1701 In
1274 1680 1445 1714 supreme
1468 1668 1657 1714 dignitatis
1677 1668 1824 1713 specula
1918 1669 2009 1701 Sane
2033 1667 2261 1700 attendentes

391 1736 551 1781 preclara
573 1743 608 1768 et
628 1735 867 1768 saluberrima
889 1736 1022 1777 studia,
1045 1748 1114 1780 que
1135 1735 1342 1768 actionibus
1363 1735 1576 1777 indefessis,
1600 1735 1711 1768 nullis
1737 1735 1920 1780 parcendo
1942 1734 2144 1773 laboribus,
2167 1734 2262 1779 peri-

391 1802 483 1835 culis
505 1809 561 1835 aut
588 1803 764 1847 impensis
790 1814 860 1847 que
887 1802 980 1835 circa
1002 1802 1195 1835 salutarem
1217 1802 1383 1835 effectum
1407 1802 1567 1843 unionis,
1591 1814 1629 1835 ac
1651 1814 1716 1847 pro
1738 1802 1927 1847 dignitate,
1950 1808 2043 1834 statu
2065 1808 2100 1834 81
2122 1800 2262 1834 honore

392 1869 601 1913 hujusmodi
623 1869 797 1902 hactenus
818 1869 1048 1901 laudabiliter
1069 1869 1314 1914 impendistis,
1333 1881 1371 1902 ac
1392 1869 1606 1914 impendere
1622 1869 1761 1913 jugiter
1781 1880 1854 1901 non
1875 1868 2040 1909 cessatis,
2063 1880 2102 1900 ac
2123 1868 2262 1900 fructus

394 1935 600 1968 uberrimos
629 1936 689 1980 qui
716 1947 758 1968 ex
786 1935 918 1980 plantis
945 1936 1078 1968 vestris
1106 1942 1182 1969 toto
1208 1942 1386 1968 terrarum
1418 1935 1506 1968 orbe
1536 1935 1712 1968 hactenus
1741 1941 1991 1980 provenerunt
2015 1947 2054 1967 ac
2081 1934 2264 1979 prodeunt

394 2002 635 2039 incessanter.
663 2002 812 2047 dignum
842 2003 1052 2035 censuimus
1077 2009 1112 2035 et
1137 2014 1346 2044 censemus,
1373 2009 1410 2035 ut
1438 2014 1505 2035 nos
1534 2009 1569 2035 et
1594 2002 1718 2035 sedem
1746 2002 1859 2047 ipsam
1890 2002 1926 2034 in
1957 2001 2199 2046 prerogativis
2228 2007 2263 2034 et

395 2069 616 2114 specialibus
637 2069 763 2113 gratiis
784 2069 977 2101 inveniatis
1003 2069 1222 2102 favorabiles
1249 2076 1279 2102 et
1308 2070 1412 2102 etiam
1440 2069 1634 2114 gratiosos.
1660 2069 1750 2101 Hinc
1774 2075 1830 2101 est
1850 2068 1947 2113 quod
1975 2080 2043 2101 nos
2064 2068 2262 2113 premisso-

396 2147 473 2168 rum
502 2135 633 2168 intuitu
662 2142 697 2167 ct
725 2135 807 2179 quia
837 2146 1026 2179 speramus
1053 2135 1204 2168 indubie
1230 2136 1327 2180 quod
1356 2148 1442 2181 erga
1474 2142 1543 2168 tam
1579 2135 1772 2168 laudabilia
1807 2135 1926 2168 studia
1957 2134 2263 2179 propensioribus

395 2202 492 2234 curis
514 2208 547 2234 81
568 2201 774 2234 actionibus
800 2201 930 2234 sedulo
951 2202 1145 2243 insistetis,
1169 2214 1207 2234 ac
1228 2203 1360 2235 vestris
1382 2203 1418 2235 in
1440 2202 1505 2235 hac
1528 2209 1627 2247 parte
1649 2201 1981 2247 supplicationibus
2002 2201 2180 2243 inclinati,
2202 2201 2265 2234 de-

397 2269 626 2309 clarationes,
650 2268 911 2313 prerogativas,
935 2268 1082 2312 regulas
1110 2280 1174 2301 seu
1203 2269 1454 2302 ordinationes
1477 2282 1516 2302 ac
1544 2276 1674 2302 statuta
1702 2281 1767 2314 per
1789 2281 1856 2301 nos
1883 2269 2020 2301 dudum
2043 2268 2080 2300 in
2105 2268 2264 2301 favorem

395 2342 555 2368 vestrum
582 2341 617 2367 et
645 2334 861 2367 dilectorum
888 2334 1046 2366 filiorum
1073 2335 1329 2379 magistrorum
1359 2342 1393 2368 81
1424 2335 1577 2368 aliorum
1607 2336 1651 2368 de
1678 2335 1925 2369 Universitate
1955 2341 2075 2368 vestra
2102 2334 2263 2379 predicta

395 2402 489 2434 edita
511 2408 545 2434 et
564 2402 601 2434 in
623 2400 837 2434 cancellaria
858 2407 981 2433 nostra
1003 2401 1047 2433 de
1069 2401 1217 2445 speciali
1242 2402 1409 2434 mandato
1432 2409 1557 2435 nostro
1582 2402 1814 2447 postmodum
1841 2402 1910 2435 sub
1936 2402 2164 2435 diversorum
2190 2401 2265 2434 die-

397 2479 473 2500 rum
495 2468 588 2500 datis
615 2467 830 2500 solemniter
853 2467 1033 2512 publicata
1055 2474 1090 2500 et
1109 2468 1147 2499 in
1168 2468 1322 2512 quodam
1349 2468 1443 2500 libro
1469 2469 1684 2501 cancellarie
1706 2469 1902 2514 predicte¹,
1927 2468 1964 2500 in
1990 2480 2061 2512 quo
2086 2467 2262 2500 nonnulle

395 2534 675 2567 constitutiones
706 2541 741 2566 et
771 2534 1021 2566 ordinationes
1047 2540 1171 2566 nostre
1199 2534 1350 2575 inserte,
1379 2534 1423 2567 de
1450 2535 1563 2568 verbo
1594 2535 1637 2568 ad
1667 2535 1818 2568 verbum
1845 2535 2000 2576 redacta,
2027 2533 2262 2579 presentibus

394 2601 437 2633 ad
458 2601 744 2633 consolationem
766 2607 922 2634 vestram
944 2600 1113 2633 duximus
1135 2601 1356 2643 annotanda,
1379 2613 1532 2645 quorum
1555 2608 1660 2634 tenor
1681 2602 1848 2646 sequitur
1869 2608 1904 2634 81
1923 2608 1979 2634 est
1999 2600 2080 2634 talis
2103 2612 2110 2633 :

485 2681 501 2698 «
524 2667 781 2700 Sanctissimus
798 2667 968 2700 dominus
990 2674 1115 2700 noster
1134 2667 1320 2700 Johannes
1343 2679 1432 2712 papa
1452 2669 1587 2709 XXIII,
1605 2669 1654 2712 vj⁰
1670 2668 1719 2700 id.
1737 2668 1823 2701 Julii
1843 2667 2073 2713 pontificatus
2090 2667 2147 2700 sui
2168 2679 2262 2699 anno

397 2733 525 2778 primo,
549 2734 585 2765 in
605 2734 763 2766 savorem
786 2740 821 2766 et
841 2745 905 2778 pro
926 2734 1151 2766 incremento
1173 2734 1431 2767 Universitatis
1457 2734 1687 2775 Parisiensis,
1710 2740 1773 2768 etc.
1796 2740 1835 2768 ut
1853 2745 1963 2779 supra
1988 2737 2026 2766 n⁰
2049 2734 2133 2767 1925
2158 2745 2263 2778 usque

398 2800 433 2833 in
446 2800 570 2844 finem.
593 2800 754 2833 Deinde:

487 2880 503 2897 «
526 2867 613 2898 Item
640 2866 835 2899 declaravit
856 2874 890 2899 et
909 2866 1025 2900 voluit
1045 2867 1141 2911 quod
1167 2867 1353 2912 magistris
1379 2867 1415 2899 in
1441 2867 1591 2915 artibus,
1620 2868 1681 2912 qui
1707 2879 1772 2912 per
1797 2867 2027 2912 septennium
2053 2866 2262 2900 studuerint
