2502 3418
298 448 360 471 2024

298 550 359 572 2025

297 652 358 675 2026

297 753 357 776 2027

296 856 357 879 2028

296 914 357 936 2029

296 1015 357 1039 2030

296 1073 355 1097 2031

297 1132 357 1155 2032

296 1234 357 1257 2033

296 1337 357 1360 2034

295 1690 356 1713 2037

295 1793 356 1815 2038

296 1851 356 1873 2039

295 1954 356 1976 2040

294 2056 353 2079 2041

294 2159 355 2182 2042

294 2262 354 2284 2043

294 2320 354 2342 2044

294 2377 354 2400 2045

294 2436 355 2458 2046

293 2493 354 2516 2047

293 2551 354 2574 2048

293 2654 353 2677 2049

292 2762 353 2784 2050

292 2869 350 2893 2051

416 473 418 475 .
435 447 502 474 1414
518 472 521 475 .

1150 329 1314 351 TABULA.

619 447 691 475 Junii
710 448 738 470 10
813 447 888 470 Natio
904 447 1029 470 Franciae
1045 447 1277 478 processionaliter
1296 448 1316 471 it
1333 448 1366 470 ad
1385 448 1556 477 Coclestinos,
1573 449 1617 471 ubi
1639 449 1804 472 inhumatum
1826 453 1865 473 cst
1879 459 1975 482 corpus
1992 451 2073 474 Ludo-

844 491 894 515 vici
908 492 981 514 ducis
997 491 1167 514 Aurelianens
1172 509 2071 520 ....................................

814 549 979 573 Universitas
994 549 1174 573 assistentiam
1188 549 1321 581 promittit
1335 550 1508 573 Universitati
1524 550 1707 581 Andegavensi
1724 551 1757 574 ob
1776 551 1904 574 decimam
1922 553 2072 575 solvendam

843 594 996 618 reclamanti
1009 611 2072 620 ..........................................

813 651 977 675 Universitas
1003 660 1030 675 se
1054 652 1176 683 adjungit
1199 652 1372 676 Universitati
1394 653 1586 683 Andegavensi,
1614 661 1680 685 quae
1699 656 1810 684 propter
1834 654 1906 676 laesa
1933 654 2072 685 privilegia

843 696 1002 719 cessationes
1016 696 1110 720 indixit
1113 714 1815 722 ............................
1835 718 1839 722 .
1861 715 2072 723 .........

573 754 639 785 Aug.
650 756 673 783 5,
685 755 708 783 6,
720 755 743 784 7,
754 755 783 777 23
812 754 1019 777 Deliberationcs
1035 755 1066 778 de
1081 755 1156 785 gravi
1170 754 1267 786 injuria
1282 763 1351 786 mag.
1367 755 1481 778 ,Iohanni
1497 755 1633 786 Campani,
1649 755 1753 783 rectori,
1766 755 1841 779 illata
1856 755 1882 778 in
1898 755 2073 778 Mathurinen-

844 798 916 821 sibus
931 799 964 822 ab
980 799 1088 822 asseclis
1105 799 1194 823 Ursini
1208 799 1239 822 de
1255 799 1425 822 Taillcvande
1429 817 2073 824 ..........................

577 856 738 887 Septembris
754 858 781 880 11
812 857 871 880 Joh.
887 857 969 880 XXIII
984 857 1106 888 antiquas
1123 857 1301 880 ordinationes
1317 865 1365 889 pro
1380 857 1496 888 Collegio
1513 858 1674 881 scholarium
1690 858 1856 881 Cluniaccns.
1875 858 2021 881 confirmat.
2042 875 2048 881 .
2068 875 2073 880 .

601 914 722 938 Octobris
738 916 753 945 9
813 925 825 936 «
843 915 907 938 Jean
922 923 983 938 sans
999 916 1066 938 Peur
1086 923 1178 938 accuse
1195 916 1291 939 devant
1307 916 1331 938 le
1346 924 1414 947 pape
1430 915 1538 939 maistre
1553 916 1618 939 Jean
1639 916 1670 939 de
1685 917 1780 939 Jarson
1796 916 1827 939 de
1842 916 1948 947 publicr
1968 916 2073 947 paroles

843 968 958 983 sonnans
974 961 989 982 ἰι
1004 960 1170 991 de'nigmtion
1185 960 1216 983 de
1232 968 1259 983 sa
1276 960 1362 983 bonne
1378 961 1446 984 fame
1461 964 1486 983 et
1501 962 1658 984 renommee.
1672 972 2072 984 ................

607 1017 753 1041 Novembre
812 1017 934 1048 Magistri
948 1021 1068 1049 regentes
1083 1018 1216 1041 facultatis
1229 1017 1374 1041 medicinae
1387 1026 1428 1041 an.
1446 1018 1579 1041 1414-1415
1584 1035 2073 1043 ....................

578 1075 733 1099 Novembris
748 1076 782 1099 19⁴
813 1075 922 1098 Carolus
939 1076 971 1099 VI
987 1075 1161 1099 Universitati
1177 1076 1277 1104 scribit,
1294 1079 1322 1099 ut
1335 1076 1475 1107 supposita
1488 1076 1614 1099 seditiosa
1626 1076 1793 1100 eliminentur
1797 1093 2073 1100 ............

587 1133 738 1157 Decembris
755 1134 766 1157 1
813 1133 976 1157 Universitas
990 1142 1005 1156 a
1017 1134 1077 1158 Joh.
1089 1134 1169 1157 XXIII
1184 1134 1250 1165 petit
1259 1134 1332 1157 litem
1345 1134 1437 1157 Adami
1450 1134 1481 1157 de
1493 1134 1648 1165 Franseriis⁷
1662 1134 1695 1157 ob
1710 1134 1888 1166 praebendam
1901 1134 2074 1164 lnsulensem,

843 1178 952 1201 Parisiis
969 1178 1054 1201 decidi
1061 1195 2073 1203 ........................................

813 1235 903 1260 Oratio
920 1236 1048 1260 ,lobannis
1065 1236 1190 1260 Gersonis
1210 1236 1236 1259 in
1257 1237 1318 1259 aula
1334 1247 1346 1258 (ι
1360 1237 1440 1260 bassa
1455 1247 1468 1258 »
1485 1237 1511 1261 S.
1527 1237 1603 1260 Pauli
1617 1245 1622 1260 z
1641 1237 1662 1260 si
1677 1245 1747 1268 papa
1766 1241 1811 1260 aut
1826 1237 1974 1260 cardinales
1989 1237 2075 1262 Justi-

840 1281 966 1313 ficationi
981 1281 1060 1305 ducis
1076 1282 1266 1311 Burgundiae
1282 1282 1408 1310 furerent,
1429 1290 1508 1304 eausa
1523 1285 1592 1304 esset
1607 1282 1780 1313 depositionis
1800 1290 1891 1305 eorum
1895 1299 2073 1306 ........

813 1339 904 1362 Frater
917 1339 1010 1362 Petrus
1027 1339 1138 1370 Anjolat,
1151 1347 1221 1370 mag.
1231 1339 1311 1362 theol.
1326 1347 1355 1362 ac
1370 1339 1512 1362 celerarius
1528 1339 1680 1362 monasterii
1698 1340 1724 1364 S.
1739 1339 1863 1363 Florentii
1878 1339 1988 1369 Veteris,
2004 1347 2074 1362 occa-

844 1383 916 1406 sione
937 1383 1107 1413 decimarum,
1130 1384 1163 1406 ab
1183 1384 1319 1407 officiariis
1335 1384 1405 1415 regis
1421 1384 1465 1415 qui
1487 1384 1709 1415 temporalitatem
1724 1384 1780 1415 ejus
1796 1388 1927 1415 ceperant,
1949 1384 2075 1415 appellat.

844 1428 1040 1451 Parlamentum
1055 1428 1184 1452 deliberat
1198 1429 1304 1452 Petrum
1320 1429 1418 1452 dictum
1432 1429 1499 1451 male
1513 1429 1664 1460 appellasse
1668 1445 2075 1452 .................

813 1486 922 1509 Carolus
940 1486 973 1509 VI
992 1486 1103 1509 laudans
1121 1486 1307 1509 Universitatis
1321 1486 1353 1510 de
1366 1487 1417 1510 fide
1432 1486 1625 1515 certitudinem,
1645 1490 1735 1510 contra
1749 1486 1984 1518 Juslificationem
1996 1486 2075 1511 ducis

843 1530 1030 1561 Burqundiae
1045 1531 1179 1554 invehitur
1183 1548 2073 1556 ...................................

602 1589 723 1613 Januarii
739 1592 752 1613 5
813 1588 903 1612 Oratio
920 1589 980 1613 Joh.
998 1589 1122 1613 Gersonis
1143 1589 1170 1612 in
1190 1589 1285 1612 Nostra
1303 1589 1423 1613 Domina.
1442 1589 1468 1612 Si
1490 1597 1560 1620 papa
1581 1598 1611 1612 ac
1629 1589 1777 1612 cardinales
1801 1589 1996 1620 propositiones
2016 1589 2075 1613 Joh.

843 1633 921 1657 Parvi
937 1634 1075 1657 damnatas
1093 1633 1246 1663 tolerarenty
1262 1634 1387 1657 haeretici
1403 1634 1495 1657 fierent
1498 1651 2074 1658 .......................

587 1691 723 1715 Februarii
739 1693 768 1715 23
812 1692 944 1715 Johannes
961 1692 1041 1715 XXIII
1058 1692 1216 1715 cancellario
1235 1695 1259 1715 et
1276 1692 1374 1715 decano
1390 1692 1468 1715 theol.
1489 1693 1549 1720 sac„
1567 1695 1594 1715 ut
1609 1692 1722 1715 Yvonem
1738 1691 1828 1722 Eveni,
1845 1691 1908 1715 Ord.
1924 1692 2026 1720 Praed.‚
2043 1692 2075 1715 ad

843 1736 972 1759 lecturam
989 1737 1185 1760 Sententiarum
1201 1737 1342 1760 admittant
1346 1753 2073 1761 .............................

619 1794 705 1818 Max-tii
722 1796 736 1818 4
812 1794 871 1818 Joh.
886 1795 976 1824 XXIII,
991 1798 1020 1818 ut
1033 1795 1092 1818 Joh.
1110 1794 1211 1826 Vulpis,
1227 1794 1289 1818 Ord.
1306 1795 1409 1823 Praed.‚
1427 1795 1459 1817 ad
1478 1794 1602 1825 legendas
1619 1794 1765 1818 Sententias
1782 1794 1937 1817 admittatur
1941 1811 2074 1818 ......

650 1867 678 1870 -
708 1853 734 1876 11
812 1852 978 1876 Universitas
994 1853 1146 1884 papetarios
1163 1853 1194 1876 de
1209 1852 1341 1876 consortio
1356 1852 1507 1884 juratorum
1522 1860 1579 1875 esse
1595 1852 1720 1879 declarat.
1737 1860 1833 1884 cosque
1852 1852 2002 1883 privilegiis
2024 1852 2074 1875 frui

843 1898 936 1921 debere
940 1914 2073 1922 .............................................

649 1969 677 1972 —-
707 1957 736 1979 15
811 1956 871 1979 Joh.
885 1956 916 1979 de
934 1955 1061 1986 Crepone,
1080 1955 1171 1978 doctor
1185 1958 1246 1978 actu
1258 1963 1351 1985 regens
1366 1955 1392 1977 in
1409 1956 1457 1978 sac.
1470 1955 1577 1985 decret„
1596 1955 1691 1978 rectori
1706 1958 1826 1984 testatur,
1843 1963 1913 1986 mag.
1929 1955 2072 1978 Johanncm

843 2001 874 2024 (lc
891 2000 971 2031 Gieyo
988 2000 1070 2024 fuisse
1084 2008 1161 2023 suum
1176 2000 1329 2023 continuum
1343 2000 1490 2023 scholarem
1504 1999 1530 2022 in
1545 1999 1591 2022 illa
1607 2000 1730 2023 facultate
1734 2016 2073 2024 ..............

625 2058 726 2082 Juniis
811 2059 871 2082 Joh.
893 2058 990 2087 Mailie,
1005 2058 1132 2081 librarius
1155 2061 1180 2081 et
1201 2058 1321 2081 bodellus
1345 2058 1540 2085 Universitatis,
1563 2060 1702 2081 accusatus
1726 2058 1794 2089 quod
1818 2058 1853 2080 sit
1872 2061 1973 2081 tantum
1989 2058 2073 2081 taber-

842 2103 942 2131 narius,
965 2111 992 2126 se
1013 2103 1138 2126 defendit.
1163 2119 2071 2127 ....................................

621 2161 686 2184 Julii
702 2162 730 2185 12
813 2161 949 2184 Librarius
972 2161 1104 2185 Oliverius
1127 2161 1159 2184 dc
1180 2161 1294 2192 Imperio
1315 2161 1467 2184 Boemundo
1487 2161 1518 2183 de
1540 2161 1643 2189 Lutrea,
1662 2160 1763 2183 bcdello
1788 2163 1840 2184 nat.
1865 2160 1976 2191 Anglic.,
1998 2169 2071 2183 suam

841 2206 948 2229 domum
968 2206 1058 2229 vendit
1072 2206 1104 2229 ad
1120 2214 1198 2229 usum
1213 2205 1363 2228 scholarum
1367 2222 2071 2230 ............................

597 2264 709 2294 Augusti
725 2264 753 2287 ’19
811 2264 886 2287 Natio
899 2264 1034 2287 Picardiae
1047 2264 1139 2287 ducem
1155 2263 1324 2295 Burgundiae
1339 2267 1443 2294 gratum
1458 2263 1544 2291 habet,
1558 2263 1704 2286 Johannem
1719 2263 1861 2286 Gcrsonem
1881 2266 1994 2286 revocat.
2014 2280 2020 2286 .
2041 2281 2046 2286 .
2066 2282 2071 2287 .

637 2335 665 2339 —
724 2322 750 2345 21
811 2323 871 2346 Fac.
884 2322 1048 2345 decretorum
1065 2322 1157 2345 ducem
1172 2321 1341 2353 Burgundiae
1358 2324 1463 2352 gratum
1480 2321 1566 2349 habet,
1582 2324 1673 2344 contra
1693 2321 1753 2344 Joh.
1769 2320 1912 2344 Gcrsonem
1929 2320 2069 2344 invehitur.

577 2379 738 2410 Septembris
755 2381 767 2403 7
810 2380 942 2403 Johannes
958 2380 1065 2403 Fusoris
1084 2383 1222 2403 accusatus
1240 2380 1271 2402 de
1287 2379 1395 2402 crimine
1411 2380 1497 2402 laesae
1513 2378 1657 2409 majestatis
1662 2395 2070 2401 .................

643 2451 672 2455 -
739 2439 765 2461 21
810 2438 931 2461 Facultas
950 2438 1094 2461 medicinae
1109 2446 1179 2469 mag.
1197 2437 1344 2461 Johannem
1362 2437 1468 2460 Fusoris
1487 2437 1678 2459 incarceratum
1693 2436 1803 2467 requirit
1807 2453 2069 2460 ...........

646 2506 672 2513 ¹·—
697 2496 767 2519 19-26
810 2498 942 2519 Statutum
963 2496 1095 2519 facultatis
1113 2496 1277 2519 decretorum
1295 2495 1326 2518 de
1341 2495 1443 2526 locagio
1458 2495 1608 2518 scholarum
1613 2511 2069 2518 ...................

591 2553 756 2585 Mam-Sept.
809 2554 919 2577 Nomina
938 2554 1044 2577 illorum
1067 2554 1111 2585 qui
1132 2553 1286 2584 inceperunt
1305 2553 1330 2575 in
1355 2554 1404 2575 fac.
1424 2553 1586 2575 decretorum
1611 2552 1733 2575 lectiones
1755 2560 1816 2574 suas
1834 2551 1858 2574 in
1877 2551 1952 2574 nonis
1979 2552 2071 2575 Nostro

840 2599 947 2622 Domine
956 2614 1606 2622 ..........................
1628 2617 1632 2621 ,
1652 2613 2069 2621 .................

593 2656 713 2680 Octobris
729 2658 758 2680 20
809 2657 959 2687 Alphonsus
979 2657 1103 2688 princeps
1119 2656 1256 2679 Cei-undae
1274 2655 1374 2686 gratias
1391 2655 1446 2686 agit
1460 2654 1572 2677 Martino
1590 2655 1718 2685 Talayero
1737 2663 1786 2685 pro
1807 2654 1971 2678 transmissis
1989 2658 2072 2678 astro-

839 2701 917 2724 labiis
933 2717 1349 2725 .................
1371 2720 1375 2724 ,
1396 2716 2069 2723 ...........................

637 2777 665 2780 ——
729 2765 757 2787 28
809 2765 867 2787 Fac.
883 2763 1026 2787 medicinae
1051 2766 1183 2794 regentem
1205 2765 1310 2794 reputat
1331 2770 1400 2793 mag.
1422 2762 1549 2785 Jacobum
1570 2762 1734 2792 Sacqucspec
1754 2765 1863 2792 propter
1878 2762 2069 2793 aegritudinem

840 2812 996 2839 quartanam
1015 2808 1149 2831 absentem
1154 2823 2069 2831 ....................................

620 2892 621 2895 ,
636 2884 664 2888 —
728 2871 754 2896 31
808 2871 857 2894 Pro
872 2871 1002 2895 defunctis
1015 2871 1086 2902 apud
1102 2870 1242 2894 Azincourt
1256 2869 1393 2893 servitium
1406 2869 1543 2892 ordinatur
1547 2885 2068 2893 .....................

789 2909 795 2923 ι

2098 323 2161 355 757

2118 496 2163 518 288

2119 597 2163 619 288

2119 699 2163 721 288

2119 801 2164 823 289

2120 858 2163 880 293

2120 961 2164 983 293

2120 1019 2165 1040 293

2120 1076 2164 1099 294

2120 1178 2165 1201 294

2120 1280 2165 1305 294

2120 1427 2165 1450 295

2121 1530 2166 1552 295

2121 1632 2166 1654 296

2121 1734 2165 1757 290

2120 1793 2165 1815 296

2120 1898 2165 1919 296

2119 2000 2163 2022 298

2118 2102 2162 2124 298

2118 2210 2162 2231 299

2117 2267 2162 2288 300

2117 2325 2162 2346 300

2117 2383 2164 2404 300

2117 2440 2160 2463 301

2117 2498 2161 2520 302

2116 2601 2163 2631 303

2116 2703 2163 2740 3⁰⁷,

2115 2810 2164 2846 307,

2115 2872 2160 2895 308
