2502 3418
381 325 444 357 534
956 335 1276 357 ann’rnLAnlum
1311 335 1504 357 umvssns.
1542 336 1672 358 rmus.
2156 325 2253 362 [1431

379 409 413 432 ad
427 409 513 432 sedem
531 409 667 440 Bajocens.
682 410 821 433 transtulit
836 411 909 440 (Reg.
926 410 982 433 Lat.
999 410 1099 440 Eugen.
1118 409 1159 438 lv,
1171 414 1200 432 n⁰
1216 410 1271 438 306,
1287 410 1332 432 fol.
1349 409 1412 439 61¹²).
1429 409 1469 433 Cf.
1485 409 1517 432 de
1528 418 1557 433 eo
1572 410 1773 439 Bmmuzrune,
1785 410 1866 435 Note-s
1880 417 1933 435 sur
1948 411 1988 436 les
1997 412 2083 442 juyes
2100 413 2132 436 de
2147 413 2256 437 Jeanne

383 454 475 482 d'Arc,
491 462 517 484 p.
535 454 579 476 122
595 462 653 485 sqq.
667 454 744 477 Natio
759 454 935 478 Normanniae
954 462 1005 477 non
1024 457 1146 477 contenta
1161 454 1308 477 Johnnnem
1326 454 1467 485 d'Esquay,
1485 462 1498 477 e
1511 454 1594 477 nobili
1610 455 1738 486 prosapia
1753 455 1895 478 oriundum
1914 458 1940 478 et
1954 463 1969 478 a
1984 455 2101 487 capitulo
2117 456 2255 487 Bajocensi

380 499 501 526 electum,
519 498 653 529 Septemb.
668 499 697 521 22
713 502 804 522 contra
822 498 979 521 «intrusum
997 507 1007 520 n
1024 499 1155 521 Zanonem
1171 498 1288 521 Concilio
1304 498 1451 521 Basileensi
1469 499 1695 522 recommendavit
1711 499 1797 530 (Bne,
1813 499 1832 523 l.
1848 508 1881 529 c.,
1899 508 1925 531 p.
1941 500 1997 528 419,
2015 503 2041 523 et
2055 500 2132 525 Mon.
2150 501 2255 525 concil.

380 550 444 573 yen-
459 550 529 567 saec.
546 544 609 571 XV,
626 547 645 567 t.
667 544 700 572 11,
716 552 743 574 p.
760 544 824 572 202),
838 543 947 574 ejusque
959 543 1072 574 epistola
1089 542 1207 566 Basileae
1222 542 1291 565 lecta
1306 546 1346 565 est
1359 543 1486 566 Novemb.
1502 544 1530 566 21
1548 544 1677 574 (HALLER,
1695 544 1799 568 concil.
1815 544 1913 574 Basit.,
1930 545 1963 575 11,
1974 553 2001 576 p.
2018 545 2072 574 275,
2088 546 2121 575 8).
2140 545 2255 569 ,Iohanni

381 588 524 619 d'Esquay,
540 596 591 611 non
607 588 682 611 Petro
698 588 820 611 Cauchon
837 595 920 619 neque
929 587 1036 615 Zenoni,
1054 587 1159 610 favebat
1173 587 1225 609 dux
1238 587 1409 618 Burgundiae
1422 587 1505 616 (ibid.‚
1520 596 1547 619 p.
1563 588 1617 617 149,
1634 588 1688 619 167,
1705 589 1759 617 275,
1775 589 1840 618 438).
1860 589 1929 612 Zano
1947 597 2009 612 vero
2023 597 2067 612 an.
2085 589 2155 619 1433,
2170 590 2254 621 April.

382 633 420 657 16.
435 632 534 655 nationi
554 632 679 655 Franciae
696 632 866 663 supplicavit,
881 635 909 655 ut
925 631 975 654 sibi
989 631 1060 662 apud
1074 631 1221 654 Concilium
1236 634 1328 654 contra
1338 632 1552 662 praetendentem
1570 632 1703 664 d'Esquny
1718 633 1866 663 assisteret,
1882 633 1951 665 quod
1967 633 2046 656 etiam
2062 634 2112 657 sub
2127 642 2255 665 procura-

380 679 437 700 tore
452 677 571 701 Gen-ardo
588 677 658 700 Gehe
673 677 805 700 concessit
817 676 901 707 (ihid.,
919 685 946 707 p.
959 677 1023 705 423).

475 761 500 785 1.
516 761 585 792 Mag.
602 764 651 785 art.
669 760 763 790 Paris„
780 769 822 783 an.
839 761 909 790 1427,
925 760 989 789 Jul.,
1006 761 1072 792 Aug.
1086 760 1097 783 1
1113 763 1139 783 et
1158 761 1196 790 28,
1213 760 1319 791 adjutus
1335 760 1368 783 ab
1382 760 1559 784 Universitate
1574 761 1692 793 litigavit
1705 770 1764 785 cum
1779 765 1952 793 procuratore
1967 762 2038 794 regis
2049 762 2076 786 in
2088 763 2255 794 pat-lamento

384 805 472 836 (Arch.
487 809 540 828 nat.
558 805 651 833 Paris„
669 806 713 828 Χ(ΒΔ
730 806 799 834 1480,
818 805 861 828 sol.
876 804 947 832 380¹²;
964 806 1035 832 4795,
1053 805 1099 828 fol.
1116 804 1181 833 1241),
1197 805 1250 833 128,
1269 804 1346 835 15912).

384 967 527 1004 2400.
551 977 691 1002 Ilenricus
712 978 754 1009 Vl,
775 977 916 1002 Franciae
937 980 964 1002 et
984 977 1108 1011 Angliac
1130 986 1189 1012 rex,
1214 977 1409 1003 coronationis
1429 986 1502 1003 suae
1521 978 1638 1012 causat,
1667 978 1863 1004 Universitatis
1883 979 2042 1014 libertates,
2064 979 2253 1016 franchisias,

471 1025 631 1061 privilegia,
650 1025 754 1060 quibus
770 1029 837 1052 ante
852 1025 955 1051 bellum
969 1034 1004 1051 ea
1019 1026 1080 1060 frui
1093 1030 1287 1062 consueverat,
1306 1028 1466 1061 confirmat.
1483 1026 1587 1053 Donne'
1601 1025 1618 1053 a
1635 1028 1721 1057 Paris,
1736 1028 1763 1054 le
1778 1029 1855 1062 xxvj*⁵
1866 1029 1936 1062 jour
1950 1029 1986 1055 de
2006 1029 2176 1060 Decembre,
2198 1030 2256 1056 l'an

471 1075 507 1100 de
519 1082 602 1107 grace
618 1074 671 1100 mil
683 1074 772 1100 CCCC
788 1076 883 1101 trente
897 1076 926 1101 et
941 1083 1012 1108 ung.
1029 1077 1058 1101 et
1073 1075 1108 1102 de
1124 1077 1221 1102 nostre
1236 1084 1325 1109 regne
1339 1076 1366 1102 le
1378 1075 1526 1102 dixiesme.
1542 1091 1574 1096 -
1591 1077 1645 1102 Par
1659 1077 1685 1103 le
1704 1084 1756 1110 roy
1773 1085 1810 1103 en
1829 1085 1881 1103 son
1902 1077 2026 1108 Conseil‚
2042 1078 2154 1112 ouquel
2168 1086 2256 1105 mon-

470 1123 604 1156 seigneur
619 1124 645 1149 le
659 1124 716 1149 duc
731 1124 766 1149 de
782 1124 916 1154 Bedford,
933 1124 1142 1158 monseigneur
1155 1125 1182 1151 le
1197 1125 1325 1151 cardinal
1337 1125 1546 1158 d’Angleterre,
1564 1126 1662 1156 vous²‚
1677 1126 1716 1152 les
1727 1134 1862 1160 evesques
1874 1126 1910 1152 de
1921 1127 2066 1157 Beauvais.
2080 1127 2116 1154 de
2126 1128 2217 1154 Noion
2227 1130 2256 1154 et

472 1173 507 1198 dc
522 1173 607 1201 Paris,
625 1173 651 1198 le
663 1174 748 1198 conte
763 1173 799 1198 de
814 1173 965 1206 Warwick,
983 1173 1010 1199 le
1022 1174 1149 1207 premier
1163 1174 1320 1207 president,
1336 1175 1452 1200 messire
1470 1175 1562 1201 Jehan
1578 1175 1614 1201 de
1632 1175 1803 1209 Courcelles,
1822 1175 1940 1202 messire
1957 1176 2020 1202 Gile
2039 1176 2075 1202 de
2092 1177 2210 1211 Clamey
2227 1179 2256 1204 et

472 1221 605 1254 pluseurs
619 1222 716 1247 autres
728 1221 860 1248 estoient.
875 1237 910 1241 —
927 1232 939 1245 «
957 1222 1055 1248 Savoir
1069 1223 1174 1249 saisons
1188 1233 1211 1248 ».

1551 1259 1620 1289 7431,
1634 1259 1781 1286 Decembris
1794 1260 1840 1289 26,
1856 1261 1969 1286 Parisiis.

476 1346 552 1369 Arnh.
562 1349 616 1369 nat.
628 1346 722 1375 Paris„
733 1346 763 1369 JJ
778 1346 833 1376 175,
846 1350 874 1368 n⁰
885 1347 922 1369 29.
932 1360 963 1363 —
973 1346 1097 1371 Ordonn.
1108 1348 1154 1371 des
1166 1347 1232 1376 rois,
1245 1347 1313 1376 xm,
1321 1356 1349 1378 p.
1360 1348 1419 1376 1159;
1433 1349 1461 1371 Α.
1473 1348 1614 1377 Lon-oxon,
1627 1348 1716 1373 Paris
1725 1350 1852 1378 pendam
1864 1349 1892 1373 la
1902 1349 2008 1373 domin.
2020 1350 2158 1380 anylaise,
2167 1358 2194 1382 p.
2202 1351 2257 1375 324.

475 1430 499 1455 1.
517 1431 642 1454 Sacratus
658 1434 851 1462 coronatusque
868 1432 953 1454 fuerat
967 1430 993 1454 in
1007 1431 1102 1454 Nostra
1118 1431 1236 1461 Domina,
1254 1431 1313 1454 Dec.
1328 1431 1366 1459 16,
1383 1439 1398 1454 a
1415 1431 1550 1454 cardinale
1563 1431 1734 1456 Wintoniens.
1754 1432 1886 1462 (Journal
1901 1432 1970 1457 d'un
1985 1433 2140 1464 bouryeoisx,
2152 1442 2179 1465 p.
2192 1434 2257 1464 277).

381 1489 409 1493 —
426 1476 450 1501 2.
468 1476 487 1499 l.
504 1484 527 1499 e.
541 1475 716 1498 cancellarius
731 1475 868 1506 Franciae⁷
882 1475 1030 1499 Ludovicus
1045 1476 1075 1499 de
1091 1475 1287 1507 Luxemburgo,
1303 1475 1385 1507 episc.
1400 1475 1543 1500 Mol-inens.

382 1626 507 1663 2401
519 1655 526 1662 .
550 1635 691 1661 Hem-icus
714 1637 755 1670 Vl,
777 1636 918 1661 Franciae
934 1639 960 1660 et
975 1635 1100 1669 Angliae
1116 1643 1175 1669 rex,
1190 1634 1352 1671 privilegiis
1365 1643 1419 1670 per
1434 1634 1548 1660 litteras
1562 1634 1769 1670 praecedentes
1784 1634 1939 1669 recognitis
1955 1635 1984 1660 in
1996 1637 2123 1670 favorem
2143 1636 2258 1662 Univer-

469 1685 567 1710 sitatis
584 1684 677 1718 addit,
698 1684 774 1720 quod
787 1693 805 1710 α
822 1685 893 1710 veris
909 1685 971 1719 ejus
983 1684 1144 1720 suppositis
1161 1684 1273 1718 talliae,
1290 1688 1422 1718 quartae,
1437 1684 1644 1720 impositiones,
1659 1683 1783 1718 vigiliae,
1798 1683 1949 1710 custodiae
1958 1688 2118 1721 portarum,
2134 1685 2258 1721 denique

470 1734 598 1759 decimae
612 1743 629 1759 a
645 1734 714 1760 sede
730 1734 892 1770 apostolica
907 1734 967 1768 regi
984 1734 1124 1759 Franciae
1140 1742 1303 1768 concessae,
1321 1742 1413 1769 neque
1428 1742 1501 1759 nunc
1523 1742 1614 1768 neque
1631 1734 1659 1758 in
1670 1737 1818 1769 posterum
1839 1733 2003 1768 exigantur.
2024 1734 2159 1760 Omnibus
2177 1734 2258 1761 bonis

471 1783 541 1817 suis,
557 1782 692 1817 herediis,
713 1783 860 1818 beneficiis
875 1792 974 1809 secure
990 1782 1115 1808 membra
1137 1782 1337 1808 Universitatis
1352 1786 1480 1808 utantur.
1497 1781 1602 1809 Donne
1617 1781 1633 1809 a
1649 1782 1736 1812 Paris,
1753 1783 1779 1809 le
1794 1784 1872 1817 xxvjss
1882 1783 1952 1816 jour
1963 1783 2000 1810 de
2013 1784 2182 1815 Decembre,
2199 1784 2258 1811 l’an

470 1833 505 1859 de
520 1841 603 1866 grace
614 1834 666 1859 mil
682 1833 772 1859 CCCC
788 1834 883 1859 trente
897 1834 926 1859 et
941 1841 1012 1866 ung.
1030 1835 1058 1859 et
1071 1833 1106 1859 dc
1122 1834 1219 1859 nostre
1232 1840 1321 1866 regne
1336 1833 1362 1859 le
1377 1832 1525 1858 dlxiesme.
1544 1843 1558 1856 «
1575 1832 1674 1859 Savoir
1690 1832 1808 1859 faisons*
1828 1844 1852 1858 ».

1546 1921 1615 1951 1431,
1632 1921 1780 1948 Decembris
1793 1922 1838 1952 2⁶¹,
1855 1922 1969 1948 Parisiis.

476 2009 552 2032 Arch.
564 2013 618 2033 nal.
628 2009 722 2037 Paris.,
736 2009 765 2032 JJ
778 2010 830 2037 175,
842 2004 870 2031 u'0
883 2010 920 2032 30.
930 2023 956 2026 —
967 2010 1093 2034 ordonn.
1104 2009 1222 2037 desrois‚
1234 2009 1302 2038 xm,
1314 2017 1340 2040 p.
1354 2010 1397 2033 171
1409 2018 1414 2034 z
1426 2010 1455 2032 Α.
1469 2010 1611 2038 Loxexox,
1622 2009 1845 2040 Paris-pendam
1856 2010 1884 2034 ta
1895 2010 2002 2034 domin.
2014 2010 2151 2041 cmylaise,
2161 2019 2187 2042 p.
2202 2011 2257 2035 325.

475 2093 499 2118 1.
515 2093 595 2116 Iidem
611 2094 766 2117 assistentes
784 2094 850 2117 utin
864 2094 1020 2117 documento
1035 2093 1214 2125 praecedenti.

387 2255 529 2292 2402.
553 2266 655 2290 Petrus
674 2265 915 2301 Guillzcliaudelli,
933 2268 1012 2302 prior
1022 2266 1057 2292 de
1072 2266 1194 2301 Αηιςίοε1
1217 2267 1388 2293 Tornacens.
1404 2266 1507 2302 dioec.‚
1525 2266 1556 2291 Ο.
1571 2267 1598 2292 S.
1611 2266 1654 2300 13„
1674 2269 1701 2291 et
1715 2265 1859 2291 lohannes
1873 2264 1908 2291 de
1930 2266 2062 2300 Votonno,
2074 2264 2218 2291 licentiati
2229 2265 2258 2291 in

471 2313 586 2348 decret.,
605 2314 695 2348 legati
709 2314 863 2349 facultatis
878 2315 985 2342 decret.
998 2315 1038 2341 ad
1052 2325 1190 2341 summum
1199 2315 1364 2351 pontificem
1378 2324 1439 2341 cum
1451 2314 1543 2340 rotulo
1555 2314 1768 2340 licentiatorum
1779 2318 1807 2340 et
1818 2313 2055 2340 baccalareorum
2065 2316 2124 2349 fac.
2137 2314 2255 2349 decret.,

472 2362 555 2388 electi
571 2363 712 2399 Septemb.
730 2365 771 2398 96,
788 2373 850 2390 cum
866 2364 971 2390 litteris
986 2364 1096 2391 clausis
1111 2365 1166 2390 iter
1180 2365 1220 2391 ad
1233 2366 1312 2391 Rom.
1328 2365 1437 2390 curiam
1452 2363 1584 2390 Decemb.
1602 2365 1636 2390 29
1651 2363 1807 2399 arripiunt.

1348 2453 1417 2483 1431,
1433 2453 1593 2485 Septembris
1606 2453 1651 2482 26,
1667 2452 1783 2479 Decemb.
1796 2454 1840 2482 29.
1854 2453 1970 2479 Parisiis.

476 2539 552 2562 Mem.
570 2541 619 2562 sac.
629 2540 737 2569 decret.,
750 2541 768 2568 1,
780 2541 825 2564 sol.
837 2540 903 2569 1351’,
917 2541 970 2564 145.
980 2541 1192 2564 Ambassiutores
1208 2541 1288 2564 rotuli
1297 2541 1443 2564 eommunis·
1454 2541 1641 2565 Universitntis
1654 2542 1710 2573 jam
1720 2542 1815 2565 Romae
1831 2542 2013 2565 morabantur.
2028 2541 2063 2564 De
2072 2541 2159 2565 rotulo
2174 2541 2256 2565 licen-

382 2582 507 2605 tiatorum
522 2584 600 2615 longe
615 2584 641 2607 in
657 2585 781 2608 facultate
797 2585 893 2608 decret.
910 2585 1075 2616 disputatum
1091 2589 1139 2609 est.
1157 2585 1315 2609 Guillelmus
1336 2587 1459 2609 Estocurt
1474 2589 1498 2609 et
1513 2586 1617 2610 Gerosse
1633 2594 1660 2609 se
1678 2589 1862 2617 opposuerunt
1877 2586 2010 2610 Gerouldo
2025 2585 2158 2615 Boisselli,
2175 2585 2258 2617 porti-

383 2627 433 2649 tori
449 2628 527 2650 rotuli
541 2629 673 2651 facultatis
685 2629 791 2657 decret„
804 2629 848 2660 qui
859 2633 1071 2653 conservatorem
1082 2630 1286 2661 privilegiorum
1298 2631 1413 2659 (Petrum
1424 2630 1556 2660 Cauchon)
1569 2630 1721 2662 utjudicem
1734 2631 1914 2662 appellarunt.
1930 2630 2107 2654 Censen-vator
2120 2629 2255 2661 Septemb.

384 2672 573 2701 pronuntiavit,
595 2673 664 2703 quod
684 2673 775 2696 doctor
791 2673 836 2704 qui
857 2674 972 2697 deferret
986 2675 1102 2697 rotulum
1118 2675 1261 2703 facultatis,
1278 2675 1358 2698 etiam
1374 2675 1488 2698 deferret
1502 2675 1619 2698 rotulum
1635 2675 1842 2705 licentiatorum,
1858 2678 1918 2704 ctc.‚
1931 2678 1956 2698 et
1973 2682 2062 2698 secum
2079 2682 2162 2697 unum
2177 2674 2257 2697 licen-

386 2714 479 2738 tiatum
499 2720 645 2740 assumeret
664 2717 748 2747 (ibid.,
768 2718 812 2740 fol.
832 2718 908 2749 13512),
923 2718 1005 2741 Ambo
1028 2727 1110 2750 supra
1129 2719 1257 2742 nominati
1280 2720 1366 2742 nuntii
1386 2719 1605 2751 supplicaverunt
1626 2719 1744 2750 Eugenio
1764 2719 1798 2742 IV
1817 2727 1866 2750 pro
1883 2718 2025 2742 licentiatis
2047 2721 2073 2742 et
2092 2718 2255 2742 baccalareis

386 2759 484 2789 gratias
502 2760 662 2791 spirituales,
679 2765 704 2784 ct
719 2762 851 2785 Johanues
868 2763 898 2785 de
911 2763 1029 2786 votonno
1045 2763 1122 2795 petiit
1136 2763 1292 2787 beneficium
1307 2764 1411 2796 (Suppl.
1427 2765 1526 2795 Eugen.
1546 2764 1586 2793 IV,
1601 2768 1630 2787 11⁰
1645 2765 1699 2794 269,
1722 2764 1767 2787 fol.
1792 2763 1850 2787 124b
1864 2764 1897 2786 ad
1909 2763 1994 2795 April.
2007 2763 2046 2792 26,
2061 2766 2087 2786 et
2106 2763 2152 2787 sol.
2173 2764 2202 2786 67
2222 2762 2255 2786 ad

386 2803 468 2833 April.
483 2805 515 2833 7).

481 2886 504 2910 1.
525 2888 543 2910 Ι.
559 2896 580 2911 e.
598 2889 694 2919 Englos
711 2890 810 2919 (Nord).
