2502 3418
372 319 436 351 702
944 327 1268 350 CHARTULARIUM
1304 327 1496 349 uutvssns.
1533 326 1663 348 PAn1s.
2143 313 2241 351 [1451

462 404 642 445 Quantum
664 403 707 436 ad
725 403 925 436 secundnm
943 403 1133 436 articulum
1156 402 1329 448 magister
1344 401 1528 436 Johannes
1549 401 1720 434 Normani
1741 401 1958 446 supplicavit
1975 401 2073 446 quod
2092 400 2243 434 facultas

373 469 523 503 haberet
544 470 755 503 discernere
777 476 812 503 et
832 470 954 503 dicere
976 470 1007 503 si
1027 470 1137 503 suerit
1162 470 1206 502 de
1235 476 1355 502 mente
1384 476 1419 502 et
1443 481 1628 502 consensu
1653 468 1910 513 magistrorum
1935 474 1971 501 et
1994 468 2106 501 totius
2131 468 2244 501 facul-

373 537 468 578 tatis,
488 537 586 582 quod
608 537 780 570 dominus
802 543 921 570 rector
938 537 1088 570 duceret
1110 548 1322 582 processum
1344 543 1468 569 contra
1486 542 1684 569 tentatores
1705 536 1875 580 antiquos
1896 547 2050 580 quorum
2072 535 2151 580 ipse
2172 547 2244 568 ma-

371 608 487 653 gister
512 608 698 641 Johanncs
722 608 893 641 Normani
921 615 998 641 erat
1028 620 1135 649 unus,
1161 614 1196 640 et
1221 608 1257 640 in
1283 608 1383 640 curia
1411 607 1642 649 Parlamenti,
1666 614 1702 640 et
1727 607 1758 640 si
1782 607 1826 640 ad
1854 606 1922 640 hoc
1944 607 2138 652 negocium
2164 606 2244 652 ipsa

372 675 523 708 facultas
545 675 696 708 haberet
721 675 907 708 dominum
938 682 1115 708 rectorem
1144 681 1299 720 gratum,
1328 681 1442 707 ratum
1469 681 1505 708 et
1530 674 1733 708 advoatum.
1763 675 1880 719 Super
1906 686 1978 719 quo
2006 673 2158 707 articulo
2188 685 2245 707 se-

372 742 492 775 cundo
519 743 655 788 prefata
677 742 780 775 nacio
808 748 921 775 mater
946 754 1023 775 mea
1045 741 1263 775 deliberavit
1283 748 1317 775 et
1340 753 1514 786 expresse
1537 741 1627 775 dixit
1651 742 1748 787 quod
1776 753 1848 774 non
1869 741 1935 774 fuit
1963 741 2007 774 de
2034 748 2155 774 mente
2180 753 2244 774 sua

372 822 438 842 nec
460 810 504 842 de
525 821 722 850 consensu,
742 809 839 853 quod
857 810 1018 854 prefatus
1035 809 1206 842 dominus
1228 815 1348 842 rector
1368 809 1587 854 procederet
1602 809 1638 841 in
1658 808 1884 842 Parlamento
1902 815 2026 842 contra
2044 815 2244 842 tentatores

372 877 531 922 prefatos
554 876 640 909 etin
662 876 730 908 1100
751 876 888 921 prefata
910 876 1012 908 nacio
1036 875 1163 909 habuit
1183 876 1302 921 ipsum
1326 875 1513 908 dominum
1535 882 1714 909 rectorem
1736 876 1919 921 ingratum
1941 883 1977 909 et
1996 875 2242 909 inadvoatum.

372 945 416 976 Et
441 943 610 976 similiter
637 942 933 976 deliberaverunt
958 950 993 976 et
1020 955 1195 988 expresse
1224 943 1396 976 dixerunt
1420 943 1489 976 alie
1515 943 1586 976 (1110
1612 943 1799 985 naciones,
1827 943 1969 976 scilicet
1993 943 2189 976 Normanie
2210 949 2246 976 et

370 1010 549 1043 Almanie.
575 1011 616 1042 Et
639 1009 733 1042 ultra
760 1010 923 1055 predicte
946 1010 1016 1042 due
1045 1010 1219 1043 naciones
1245 1010 1440 1043 Normanie
1462 1017 1498 1043 et
1521 1010 1687 1043 Almanie
1709 1010 1821 1043 eciam
1844 1009 2143 1043 deliberaverunt
2167 1009 2244 1043 uni-

370 1078 535 1110 formiter
555 1077 651 1110 sicut
670 1077 805 1109 fecerat
826 1077 929 1109 nacio
952 1077 1101 1110 Francie
1124 1084 1237 1110 mater
1258 1089 1348 1119 mea,
1371 1077 1471 1122 quod
1491 1089 1578 1110 casu
1599 1089 1671 1122 quo
1694 1077 1865 1110 dominus
1888 1084 2007 1110 rector
2033 1070 2107 1110 non
2131 1076 2244 1111 vellet

372 1144 607 1185 concludere,
635 1144 839 1188 exprimere
867 1156 932 1176 seu
958 1144 1123 1189 proferre
1149 1144 1443 1177 deliberaciones
1470 1156 1567 1186 suas,
1595 1144 1693 1189 quod
1719 1156 1788 1189 ego
1818 1151 1997 1189 tamquam
2025 1144 2184 1177 decanus
2210 1151 2246 1178 et

374 1212 513 1256 primus
531 1217 807 1256 procuratorum
830 1210 1001 1244 haberem
1024 1211 1244 1245 concludere
1262 1218 1297 1245 et
1318 1212 1522 1257 exprimere
1544 1223 1608 1245 seu
1631 1212 1797 1257 proferre
1818 1211 1934 1245 dictas
1954 1211 2246 1245 deliberaciones

374 1291 471 1312 suas.
505 1278 850 1323 Supplicacionibus
881 1291 1034 1324 quorum
1066 1291 1134 1324 ego
1165 1279 1379 1324 compulsus
1406 1285 1442 1312 et
1466 1286 1613 1312 coactus
1646 1291 1710 1324 per
1734 1279 1922 1312 nacionem
1955 1286 2103 1313 matrem
2130 1291 2243 1312 meam

372 1353 588 1379 annuentem
621 1346 797 1391 predictis
824 1346 1173 1391 supplicacionibus,
1207 1347 1328 1392 previa
1358 1347 1627 1392 protestacione
1659 1359 1737 1380 mea
1766 1354 1801 1380 et
1829 1347 2076 1392 promissione
2105 1347 2194 1380 facta
2226 1359 2244 1380 a

374 1414 548 1459 predictis
573 1413 788 1446 nacionibus
816 1413 853 1446 in
884 1414 1075 1458 presencia
1106 1414 1330 1447 notariorum
1361 1414 1532 1455 duorum,
1563 1414 1704 1447 scilicet
1740 1426 1834 1459 mag.
1869 1414 2063 1448 Guillermi
2098 1414 2246 1460 Nicolay

375 1481 495 1514 scribe
518 1481 775 1514 Universitatis
798 1488 833 1514 et
853 1493 946 1526 mag.
970 1482 1066 1514 Petri
1089 1482 1270 1523 Boudien,
1293 1481 1392 1526 quod
1412 1481 1591 1515 haberent
1612 1494 1667 1515 me
1689 1482 1725 1514 in
1747 1481 1815 1515 hoc
1837 1482 2048 1515 deffendere
2069 1488 2104 1515 et
2124 1481 2246 1515 obser-

373 1560 456 1582 vare
478 1561 495 1581 a
517 1560 748 1593 quocumque
770 1548 951 1581 interesse
972 1549 1067 1593 apud
1089 1549 1370 1593 quemcumque,
1393 1548 1607 1594 accipiendo
1633 1548 1847 1593 hujusmodi
1872 1549 2004 1582 factum
2030 1561 2113 1582 esse
2139 1561 2243 1582 suum

375 1616 562 1661 proprium
584 1616 728 1648 factum.
753 1615 827 1648 Sul)
850 1615 909 1648 tali
928 1615 1101 1654 tuicione,
1125 1616 1394 1661 protestacione
1416 1622 1451 1649 ct
1471 1616 1717 1661 promissione
1737 1616 1841 1649 factis
1862 1616 1899 1649 in
1920 1616 2089 1650 absencia
2107 1616 2244 1650 domini

375 1683 540 1724 rectoris,
574 1683 634 1727 qui
666 1682 781 1715 noluit
812 1683 1032 1716 concludere
1061 1690 1096 1716 et
1121 1683 1287 1724 recessit,
1316 1683 1480 1716 conclusi
1508 1683 1545 1716 in
1570 1683 1666 1716 hunc
1693 1683 1852 1725 modum,
1878 1683 1976 1729 quod
2001 1690 2173 1729 quantum
2201 1683 2244 1717 ad

375 1750 529 1795 primum
547 1750 751 1791 articulum,
770 1750 867 1795 quod
885 1750 1050 1795 placebat
1070 1750 1230 1783 facultati
1251 1751 1415 1795 recipere
1431 1751 1645 1796 magistrum
1663 1751 1740 1783 Nic.
1758 1751 1910 1785 Juvenis
1927 1758 1962 1784 et
1978 1763 2071 1797 mag.
2089 1751 2134 1784 de
2149 1752 2246 1785 Vau-

375 1817 480 1859 cello,
506 1824 545 1850 ut
574 1817 777 1862 predictum
805 1824 874 1859 est,
900 1818 943 1850 ad
974 1818 1089 1851 officia
1118 1818 1280 1863 predicta
1311 1830 1375 1863 pro
1405 1818 1475 1851 hoc
1502 1830 1609 1860 anno,
1636 1825 1671 1851 et
1698 1818 1867 1852 similiter
1892 1818 2056 1863 placebat
2080 1819 2244 1864 recipere

375 1885 466 1918 alios
488 1897 604 1918 novos
631 1891 831 1918 tentatores
858 1885 1058 1918 secundum
1086 1886 1359 1918 ordinacionem
1386 1886 1486 1919 curie
1509 1886 1738 1927 Parlamenti,
1762 1886 1842 1919 sine
1868 1886 2071 1931 prejudicio
2093 1892 2245 1920 statuto-

375 1964 452 1985 rum
484 1952 677 1994 facultatis,
707 1952 853 1997 dcmpto
882 1959 1023 1997 quarto,
1055 1953 1116 1998 qui
1147 1960 1223 1986 erat
1251 1959 1446 1998 suspectus
1474 1964 1517 1986 eo
1548 1953 1645 1998 quod
1676 1953 1884 1986 morabatur
1910 1953 1947 1986 in
1978 1953 2184 1998 pedagogio
2210 1960 2246 1987 et

375 2019 531 2053 habebat
552 2019 722 2065 proprios
740 2019 901 2053 scolares
923 2020 991 2053 sub
1013 2032 1065 2062 se,
1085 2027 1119 2053 et
1140 2020 1237 2065 quod
1254 2020 1353 2053 curia
1370 2020 1587 2054 Parlamenti
1607 2021 1725 2054 fuerat
1740 2020 1785 2053 de
1802 2020 1865 2054 illo
1882 2021 2002 2053 minus
2024 2020 2118 2054 bene
2134 2021 2245 2053 insor-

377 2093 479 2121 mata.
504 2088 545 2119 Et
567 2094 739 2132 quantum
761 2087 804 2119 ad
827 2087 1029 2120 secundum
1051 2087 1242 2120 articulum
1260 2088 1425 2121 conclusi
1442 2088 1679 2121 conformiter
1695 2088 1738 2120 ad
1756 2087 2062 2121 deliberacionem
2080 2087 2244 2121 nacionis

377 2154 525 2187 Francie
551 2154 676 2187 matris
707 2166 798 2195 mee,
830 2154 927 2199 quod
955 2166 1028 2187 non
1058 2155 1125 2187 fuit
1152 2155 1196 2187 de
1222 2161 1342 2188 mente
1368 2154 1548 2188 facultatis
1575 2167 1641 2188 nec
1668 2155 1712 2188 de
1738 2166 1923 2188 consensu
1950 2155 2048 2200 quod
2073 2154 2244 2188 dominus

377 2227 496 2254 rector
522 2221 746 2266 processerit
771 2228 894 2254 contra
923 2222 1092 2266 antiquos
1121 2228 1331 2262 tentatores,
1359 2229 1394 2255 et
1418 2222 1456 2255 in
1481 2221 1549 2255 hoc
1574 2222 1725 2255 facultas
1755 2221 1881 2255 habuit
1909 2222 2028 2267 ipsum
2058 2222 2243 2255 dominum

377 2294 554 2320 rectorem
577 2288 773 2333 ingratum,
795 2289 949 2321 inratum
973 2295 1008 2322 et
1028 2289 1272 2323 inadvoatum.
1835 2290 1872 2322 P.
1896 2290 2062 2322 RAVELLI.

468 2386 526 2410 Lib.
540 2393 659 2417 procur.
675 2391 734 2411 nat.
755 2387 867 2417 Gallie„
885 2388 929 2411 sol.
947 2388 1002 2411 131.
1024 2388 1099 2416 Bon„
1115 2388 1143 2415 V,
1161 2389 1215 2411 556.
1232 2402 1261 2405 —
1277 2388 1323 2411 Die
1338 2390 1463 2419 sequente
1486 2387 1653 2411 Universitas
1674 2395 1716 2419 ap.
1734 2388 1761 2411 S.
1777 2387 1942 2411 Bernardum
1958 2390 2119 2418 congregata
2134 2386 2244 2410 rectoris

376 2434 442 2459 acta,
458 2431 539 2454 invita
555 2434 609 2455 nat.
623 2432 768 2459 Gallicana,
782 2435 860 2462 grata
876 2435 900 2455 et
915 2435 973 2455 rata
989 2432 1091 2456 habuit.
1107 2432 1226 2455 Breviter
1241 2433 1272 2456 de
1287 2433 1335 2456 hoc
1349 2434 1477 2461 Auctar„
1495 2433 1526 2461 11,
1541 2441 1568 2463 p.
1582 2433 1637 2462 848,
1654 2433 1683 2455 10
1698 2441 1756 2464 sqq.

468 2476 527 2499 Jam
544 2476 618 2500 Febr.
633 2477 646 2499 3
666 2480 838 2508 temptutores
859 2477 985 2500 examinis
1007 2478 1033 2501 S.
1053 2477 1200 2501 Genovesae
1221 2477 1448 2509 supplicaverunt,
1465 2481 1493 2501 ut
1508 2477 1657 2508 aperiretur
1675 2485 1793 2506 examen,
1816 2477 1885 2509 quod
1909 2479 2019 2509 propter
2037 2476 2244 2500 controversiam

377 2520 445 2543 inter
460 2520 581 2543 abbatem
597 2524 622 2544 et
639 2521 828 2544 cancellarium
844 2530 874 2545 cx
889 2525 965 2553 purte
981 2522 1052 2552 regis
1075 2522 1232 2553 impeditum
1247 2526 1314 2546 erat.
1334 2522 1392 2546 Toti
1412 2521 1513 2545 nationi
1529 2521 1655 2545 Franciue
1675 2522 1777 2553 placuit
1797 2525 1826 2545 ut
1839 2522 1996 2553 aperiretur,
2013 2521 2058 2544 sed
2074 2521 2157 2553 aliqui
2174 2521 2243 2544 vole-

376 2565 439 2587 bant
454 2568 482 2588 ut
497 2565 645 2596 aperiretur
660 2574 691 2588 ex
705 2569 780 2597 parte
796 2566 957 2595 cancellarii,
973 2566 1019 2590 alii
1035 2575 1062 2590 se
1076 2570 1258 2598 opposuerunt
1272 2567 1341 2596 (Lib.
1357 2573 1471 2598 procur.
1486 2571 1547 2591 nat.
1566 2566 1678 2595 Gallio„
1694 2567 1738 2590 sol.
1754 2566 1830 2596 12812),
1842 2566 2004 2598 proindeque
2019 2574 2103 2590 novus
2116 2565 2245 2589 cancella-

377 2609 432 2632 rius
449 2610 481 2632 ad
498 2613 601 2641 tempus
617 2611 715 2634 electus
732 2614 780 2634 est.
