2502 3418
440 311 481 343 76
1011 322 1330 347 CHARTULARIUM
1365 322 1554 344 Uvamis.
1593 323 1722 344 PARIS.
2197 308 2295 344 [1403

437 395 614 422 Christianos
633 404 684 430 per
703 404 750 422 eos
768 397 799 422 in
819 398 914 422 nostre
935 397 1003 423 fidei
1025 397 1185 423 Christiane
1207 397 1399 430 opprobrium
1422 398 1587 423 maximum
1610 397 1805 423 crudelissime
1826 397 1958 423 detentos
1978 398 2007 422 et
2028 397 2171 424 tractatos,
2189 396 2296 429 quibus

436 445 544 470 Vlcibus
559 445 703 471 reddemit
722 453 781 471 una
803 454 871 471 cuin
894 446 955 471 aliis
970 446 1106 472 fratribus
1125 446 1193 471 dicti
1207 446 1323 472 Ordinis
1343 448 1371 472 et
1390 446 1425 472 de
1446 447 1529 472 bonis
1548 447 1637 480 ipsius
1652 446 1767 472 Ordinis
1785 447 1904 472 centum
1924 447 1952 471 et
1968 446 2105 478 quatuor.
2122 444 2201 477 apud
2222 452 2296 478 quos

436 493 532 526 plures
546 494 715 520 detinentur
730 494 895 522 Christiani.
912 502 1017 520 manus
1038 503 1141 521 eorum
1156 495 1231 521 exire
1252 503 1310 521 non
1331 495 1465 524 valentes,
1483 495 1537 521 nisi
1560 495 1692 521 fidelium
1708 495 1919 521 catholicorum
1941 493 2104 520 elemosinis
2119 493 2295 526 adjuventur

436 541 479 576 [ut
494 543 685 569 consessorem
698 543 802 576 eligere
816 544 925 577 possint
940 544 971 568 in
986 544 1098 569 civitate
1111 546 1139 569 et
1153 544 1242 570 dioec.
1258 544 1355 573 Paris.‚
1373 544 1423 577 qui
1437 552 1530 577 usque
1545 544 1582 570 ad
1597 552 1710 569 annum
1726 551 1779 577 pro
1794 543 1995 576 redemptione
2009 543 2082 568 duos
2097 542 2209 568 francos
2223 550 2294 576 por-

434 591 581 626 rexerintj.

522 641 594 673 Mag.
613 642 696 666 Petro
707 641 832 670 Waardi,
847 641 939 674 presb.
957 642 1182 674 Rothomagens.
1199 642 1284 670 dioc..
1299 650 1376 674 mag.
1391 642 1421 667 in
1435 644 1488 667 art.
1503 644 1531 668 et
1546 642 1634 668 theol.
1649 643 1776 674 actuque
1790 641 1902 675 regenti
1918 641 2040 667 Parisius
2053 641 2083 665 in
2099 640 2227 674 predicta
2239 641 2292 667 sac.

433 689 577 722 theologie
592 689 628 715 ab
642 690 725 715 annis
738 689 874 715 undecim
890 692 918 715 et
933 690 1019 715 ultra.

521 738 593 771 Mag.
612 738 745 772 Philippo
759 739 894 768 Parentis
911 739 1003 772 presb.
1021 739 1218 765 Cameracens.
1235 739 1321 768 dioc.‚
1336 739 1367 765 in
1381 741 1435 765 art.
1450 741 1478 765 et
1493 740 1581 766 theol.
1599 747 1676 772 mag.
1693 740 1820 772 actuque
1837 739 1949 772 regenti
1970 738 2054 764 Paris.
2076 738 2107 763 in
2122 738 2223 764 eadem
2239 739 2291 765 sac.

432 787 585 820 theologie.
2072 820 2074 823 Ι

520 836 593 869 Mag.
611 837 694 862 Petro
709 837 744 862 de
759 836 929 869 DyerreyM,
943 837 1036 869 presb.
1052 838 1181 863 Trecens.
1196 837 1281 865 dioc..
1296 845 1358 863 can.
1374 838 1512 871 prehend.
1529 838 1596 864 eccl.
1612 838 1753 866 Trecens..
1768 845 1845 870 mag.
1860 837 1891 862 in
1907 838 1960 862 art.
1973 838 2002 862 et
2016 836 2105 862 theol.
2121 836 2293 870 regentique

432 885 553 910 Parisius
568 885 598 910 in
611 885 738 918 predicta
753 886 804 911 sac.
824 885 968 918 theologie
982 894 998 911 a
1013 886 1112 911 decem
1125 886 1217 911 annis.

519 934 591 967 Mag.
607 934 761 967 Radulpho
778 935 924 960 Laurentii
943 935 1020 960 dicto
1040 935 1127 965 Paris,
1147 935 1309 961 Lexoviens.
1327 935 1400 961 dioc.
1420 936 1525 969 presb,
1542 943 1620 969 mag.
1639 936 1669 961 in
1685 937 1738 961 art.
1756 937 1784 961 et
1799 935 1888 961 theol.
1905 936 1972 960 actu
1991 934 2103 967 regenti
2125 934 2246 960 Parisius
2260 934 2291 961 in

429 982 530 1008 eadem
545 983 597 1008 sac.
615 983 703 1009 theol.

517 1031 591 1064 Mag.
612 1031 740 1057 Johanni
754 1032 790 1057 de
804 1032 1000 1058 Mullechner5
1015 1033 1051 1058 de
1072 1033 1196 1062 Austria,
1211 1033 1304 1066 presb.
1322 1033 1478 1059 Pataviens.
1497 1033 1583 1062 dioc..
1600 1041 1678 1066 mag.
1694 1033 1724 1058 in
1742 1034 1795 1058 art.
1813 1034 1841 1058 et
1863 1032 1965 1061 theol.‚
1988 1032 2100 1065 regenti
2123 1032 2245 1058 Parisius
2260 1032 2290 1058 in

428 1080 556 1113 predicta
570 1081 622 1107 sac.
638 1081 726 1106 theol.

516 1130 589 1162 Mag.
606 1130 732 1155 Johanni
748 1130 862 1155 Ulcheti
881 1130 949 1155 alias
967 1130 1050 1159 Fioti,
1067 1131 1159 1164 presb.
1175 1131 1356 1157 Cabilonens.
1371 1131 1457 1161 dioc.,
1474 1139 1551 1164 mag.
1569 1132 1599 1156 in
1614 1132 1667 1156 art.
1685 1133 1714 1157 et
1729 1131 1817 1157 theol.
1834 1132 1901 1156 actu
1915 1130 2025 1164 regenti
2041 1130 2164 1156 Parisius
2175 1130 2206 1156 in
2221 1138 2289 1164 pre-

427 1178 503 1204 dicta
516 1179 567 1204 sac.
583 1179 672 1204 theol.

515 1227 587 1260 Mag.
605 1228 718 1253 Matheo
729 1228 765 1254 de
776 1228 924 1260 Longolio,
939 1229 1032 1261 presb.
1048 1229 1272 1262 ltothomagens.
1285 1229 1371 1258 dioc..
1383 1237 1460 1262 mag.
1475 1229 1506 1254 in
1521 1231 1574 1254 art.
1592 1231 1620 1255 et
1635 1229 1723 1255 theol.
1741 1230 1868 1262 actuque
1882 1228 1993 1261 regenti
2009 1228 2132 1254 Parisius
2147 1229 2177 1254 in
2188 1229 2288 1255 eadem

426 1276 478 1302 sac.
495 1276 597 1306 theol.‚
613 1276 765 1303 archidiac.
781 1277 817 1302 de
831 1277 942 1310 Gaceyo
957 1277 988 1302 in
1002 1278 1069 1303 eccl.
1088 1278 1262 1306 Lexoviensi,
1277 1278 1313 1304 de
1328 1278 1500 1304 canonicatu
1515 1279 1581 1304 eccl.
1600 1278 1763 1304 Lexoviens.
1780 1278 1917 1311 predicte.

514 1325 586 1358 Mag.
604 1325 704 1358 Egidio
719 1326 755 1351 de
767 1326 987 1359 Asperomonte.
1002 1327 1134 1352 Remens.
1147 1327 1220 1352 dioc.
1235 1327 1340 1360 presb.,
1353 1335 1430 1360 mag.
1445 1327 1475 1352 in
1487 1329 1540 1352 art.
1554 1329 1582 1352 et
1595 1327 1683 1353 theol.
1698 1329 1824 1360 actuque
1837 1327 1948 1360 regenti
1961 1327 1991 1352 in
2004 1327 2105 1353 eadem
2118 1327 2169 1353 sac.
2185 1327 2286 1357 theol.,

425 1381 488 1399 can.
504 1374 643 1407 prehend.
661 1375 728 1400 eccl.
753 1375 884 1401 Remens.
905 1383 937 1401 ac
952 1377 1052 1401 curato
1067 1376 1200 1408 parroch.
1218 1376 1284 1401 eccl.
1303 1376 1329 1401 S.
1347 1376 1459 1409 Nicolay
1477 1377 1512 1402 de
1527 1376 1712 1402 Cardonneto
1728 1376 1887 1405 Pa1·isiens.‚
1904 1383 1936 1402 ac
1957 1377 2097 1410 perpetue
2111 1376 2288 1410 cappellanie

423 1423 460 1448 ad
475 1423 563 1449 altare
578 1423 608 1448 B.
625 1424 710 1449 Marie
725 1423 755 1448 in
771 1424 838 1449 eccl.
854 1425 988 1457 parroch.
1003 1424 1038 1450 de
1054 1424 1223 1453 Gentiliaco,
1241 1425 1326 1450 Paris.
1343 1425 1417 1450 dioc.
1434 1425 1565 1454 fundate,
1582 1425 1739 1458 capellano.

512 1472 585 1505 Mag.
600 1472 739 1498 Gausrido
753 1473 899 1502 Latacher,
911 1473 1004 1506 presb.
1019 1473 1256 1506 Rothomagensi,
1272 1481 1348 1506 mag.
1363 1474 1394 1499 in
1406 1476 1461 1499 art.
1475 1476 1504 1500 et
1519 1474 1607 1500 theol.
1623 1474 1794 1507 regeniique
1808 1474 1929 1500 Parisius
1943 1474 1974 1499 in
1990 1474 2117 1507 predicta
2131 1474 2183 1500 fac.
2195 1474 2284 1500 theol.

511 1521 583 1553 Mag.
601 1521 727 1546 Johanni
743 1522 920 1551 Manchonis,
937 1522 1028 1555 presb.
1048 1523 1192 1555 BajocenS.
1208 1522 1294 1552 dioc.‚
1311 1530 1388 1555 mag.
1410 1523 1441 1548 in
1456 1525 1509 1549 art.
1531 1525 1559 1549 et
1581 1523 1669 1549 theol.
1689 1525 1755 1549 actu
1778 1523 1889 1556 regenti
1911 1523 2033 1548 Parisius
2054 1523 2085 1548 in
2107 1523 2208 1549 eadem
2230 1523 2283 1549 fac.

423 1570 511 1595 theol.

510 1619 583 1651 Mag.
598 1619 725 1644 Johanni
738 1619 886 1649 Trouillet‚
903 1620 997 1652 presb.
1015 1620 1211 1646 Caincracens.
1226 1620 1313 1649 dioc..
1330 1628 1408 1654 mag.
1432 1620 1462 1646 in
1482 1622 1536 1646 art.
1558 1623 1587 1646 et
1606 1621 1707 1649 theol..
1724 1623 1790 1647 actu
1806 1621 1917 1654 regenti
1933 1621 2056 1646 Parisius
2070 1621 2101 1646 in
2113 1621 2214 1647 eadem
2229 1621 2282 1647 sac.

422 1668 512 1693 theol.

510 1717 583 1750 Mag.
598 1717 711 1743 Matheo
727 1717 886 1750 Reginam,
902 1718 994 1751 presb.
1011 1718 1204 1744 Attrebatens.
1221 1718 1307 1748 dioc„
1324 1726 1402 1751 mag.
1419 1719 1449 1744 in
1463 1720 1529 1748 art.,
1546 1719 1623 1745 med.
1638 1721 1666 1745 et
1681 1719 1769 1745 theol.

510 1766 582 1799 Mag.
600 1766 726 1792 Johanni
741 1766 777 1792 de
790 1766 898 1795 Londa,
915 1767 1060 1799 Bajocens.
1078 1767 1184 1800 presb.v
1198 1767 1229 1792 in
1244 1769 1297 1793 art.
1315 1769 1343 1793 ct
1358 1768 1446 1794 theol.
1461 1770 1621 1800 mag.,actu
1636 1768 1747 1800 regenti
1762 1768 1884 1794 Parisius
1898 1768 1929 1794 in
1942 1768 2043 1794 eadem
2059 1768 2111 1794 sac.
2128 1768 2217 1794 theol.
2234 1775 2286 1802 per

421 1815 554 1848 quinque
568 1823 660 1840 annos
675 1815 822 1841 continue.

508 1864 580 1896 Mag.
600 1864 702 1890 Ursino
714 1865 749 1890 de
764 1865 931 1894 'l'alevende,
946 1865 1040 1898 presb.
1058 1865 1271 1891 ConstancienS.
1293 1865 1378 1895 dioc.‚
1396 1873 1473 1899 mag.
1490 1866 1521 1891 in
1536 1867 1589 1891 art.
1614 1868 1642 1892 et
1665 1866 1753 1892 theol.
1776 1868 1842 1892 actu
1865 1867 1977 1900 regenti
1993 1866 2115 1893 Parisius
2138 1866 2170 1892 in
2184 1866 2285 1893 eadem

420 1912 471 1938 sac.
488 1913 590 1942 theol„
606 1913 641 1939 de
656 1913 747 1938 nobili
762 1921 865 1946 genere
882 1916 1039 1947 procreato.

507 1962 580 1994 Mag.
597 1962 710 1987 Nicolao
726 1962 866 1991 Piternen,
884 1963 1108 1996 Rothomagensi
1124 1963 1263 1991 subdiac..
1280 1971 1357 1996 mag.
1374 1963 1405 1988 in
1421 1965 1474 1989 art.
1489 1965 1517 1989 et
1532 1964 1620 1990 theol.
1636 1964 1807 1997 regentique
1823 1964 1946 1990 parisius
1959 1965 1991 1990 in
2008 1965 2109 1991 eadem
2125 1965 2177 1991 sac.
2192 1964 2282 1990 theol.

506 2011 578 2043 Mag.
597 2011 719 2036 Henrico
734 2011 855 2040 Chicoti,
872 2012 965 2045 presb.
991 2013 1122 2038 Remens.
1140 2012 1225 2041 dioc..
1250 2020 1325 2045 mag.
1352 2013 1383 2037 in
1405 2014 1458 2038 art.
1482 2014 1510 2038 et
1533 2013 1689 2046 theologia,
1706 2014 1772 2039 actu
1794 2013 1904 2046 regenti
1929 2014 1959 2038 in
1980 2014 2107 2047 predicta
2127 2014 2179 2040 sac.
2196 2013 2282 2040 theo-

418 2059 492 2091 logie
496 2079 549 2084 .....
567 2067 681 2085 necnon
696 2060 784 2086 altera
799 2060 927 2086 duarum
941 2061 1187 2094 cappellaniarum
1202 2061 1399 2087 Universitatis
1414 2061 1500 2086 Paris.
1515 2062 1546 2087 in
1559 2062 1695 2088 thesauro
1710 2062 1784 2095 regis
1798 2062 1920 2087 Parisius
1937 2063 2138 2088 fundatarum.

506 2109 578 2141 Mag.
593 2108 883 2142 Jol1annid·Acl1e1-y.
900 2110 992 2142 presb.
1009 2110 1192 2135 Laudunens.
1210 2110 1296 2139 dioc..
1320 2118 1396 2143 mag.
1421 2111 1451 2135 in
1473 2112 1526 2136 art.
1543 2112 1571 2136 et
1586 2111 1675 2137 theol.
1694 2111 1824 2140 Parisius‚
1846 2113 1911 2137 actu
1928 2112 2040 2145 regenti
2061 2112 2092 2138 in
2107 2111 2208 2138 eadem
2224 2111 2279 2137 sac.

418 2157 506 2182 theol.

504 2206 576 2238 Mag.
594 2206 721 2232 Johanni
737 2207 851 2235 Mathie.
875 2208 968 2240 presb.
988 2208 1126 2233 Leonens.
1150 2208 1235 2238 dioc.v
1253 2216 1329 2241 mag.
1351 2209 1382 2233 in
1403 2210 1457 2234 art.
1474 2210 1503 2234 et
1525 2209 1612 2234 theol.
1635 2211 1762 2242 actuque
1784 2210 1895 2243 regenti
1918 2210 2041 2236 Parisius
2062 2210 2093 2235 in
2108 2209 2210 2236 eadem
2226 2209 2278 2234 sac.

416 2254 504 2280 theol.

504 2304 575 2336 Mag.
591 2304 696 2329 Jacobo
711 2305 879 2338 Pathoynifi,
892 2305 986 2338 presb.
1001 2306 1131 2331 Trecens.
1145 2306 1230 2335 dioc„
1246 2314 1323 2338 mag.
1338 2306 1367 2331 in
1380 2308 1447 2335 art.‚
1459 2307 1571 2332 doctori
1584 2307 1613 2332 in
1627 2307 1703 2333 decr.
1718 2309 1747 2333 et
1760 2315 1780 2332 s.
1796 2308 1899 2340 pagine
1915 2308 2076 2341 professori,
2089 2309 2155 2334 actu
2168 2308 2280 2341 regenti

415 2352 537 2378 Parisius
557 2353 588 2378 in
609 2353 737 2386 predicta
753 2354 805 2379 sac.
827 2354 982 2387 theologie,
999 2355 1179 2380 thesaurario
1199 2355 1301 2387 regalis
1325 2355 1452 2388 cappello
1477 2356 1560 2381 castri
1583 2357 1710 2382 nemoris
1725 2356 1921 2382 Vicennarum
1943 2357 2083 2382 nundum
2106 2365 2140 2383 ex
2164 2357 2279 2391 integro

413 2408 481 2434 ymo
497 2409 549 2427 nec
564 2409 617 2435 pro
632 2402 755 2428 dimidio
771 2402 902 2429 fundate.

501 2451 573 2483 Mag.
590 2451 717 2476 Johanni
736 2451 843 2481 Parvi⁷.
864 2452 958 2485 presb.
976 2453 1202 2486 Rothomagens.
1219 2453 1305 2482 dioc..
1323 2461 1399 2486 mag.
1415 2453 1446 2478 in
1461 2455 1514 2479 art.
1532 2455 1560 2479 et
1576 2454 1663 2479 theol.
1681 2456 1808 2488 actuque
1824 2455 1936 2487 regenti
1950 2455 2098 2481 in‘eadem
2114 2455 2166 2481 sac.
2184 2455 2274 2482 theol.

414 2497 458 2532 [de
477 2499 617 2525 beneficio
637 2500 674 2525 ad
695 2500 881 2526 collationem
903 2501 1039 2534 episcopi.
1065 2502 1164 2528 decani
1187 2504 1215 2528 et
1240 2502 1359 2534 capituli
1381 2502 1448 2528 eccl.
1466 2503 1564 2531 Paris,
1589 2510 1649 2528 non
1669 2503 1802 2529 obstante
1823 2504 1890 2529 eccl.
1908 2504 2026 2537 paroch.
2043 2504 2079 2530 de
2100 2503 2277 2530 Benecclesia

412 2548 526 2573 Botom.
544 2547 641 2582 dioc.].

499 2597 571 2628 Mag.
590 2597 736 2623 Germano
752 2598 866 2623 Fainuli
881 2598 949 2624 alias
963 2598 998 2624 de
1014 2599 1170 2631 Rongiaco,
1187 2600 1280 2632 presb.
1300 2599 1446 2625 Parisiens.
1464 2600 1551 2629 dioc..
1566 2608 1643 2633 mag.
1656 2601 1687 2626 in
1700 2603 1753 2626 ari.
1771 2603 1799 2627 et
1814 2601 1845 2627 in
1860 2602 1962 2631 theol,
1979 2602 2092 2635 regenti
2106 2601 2229 2628 Parisius
2244 2601 2275 2627 in

410 2644 511 2670 eadem
526 2646 578 2671 sac.

498 2694 570 2727 Mag.
587 2695 700 2720 Nicolao
715 2695 750 2721 de
765 2696 931 2723 Gonnessia.
949 2697 1042 2730 presb.
1060 2697 1246 2723 Laudunens.
1264 2697 1350 2727 dioc.‚
1366 2705 1442 2730 mag.
1460 2697 1491 2723 in
1504 2699 1558 2723 art.
1575 2700 1604 2724 et
1619 2699 1708 2724 theol.
1723 2701 1849 2732 actuque
1862 2699 1974 2732 regenti
1991 2699 2114 2725 Parisius
2129 2700 2158 2725 in
2173 2699 2274 2726 eadem

409 2742 460 2767 sac.
476 2743 621 2776 theologie
626 2763 678 2769 .....
696 2752 755 2769 non
770 2745 903 2771 obstante
925 2746 1005 2778 quod
1027 2746 1147 2772 alteram
1172 2746 1263 2771 trium
1285 2747 1533 2779 cappellaniarum
1549 2747 1746 2773 Univcrsitatis
1766 2748 1852 2774 Paris.
1875 2756 1962 2782 supra
1984 2749 2115 2775 redditus
2129 2748 2274 2775 Castelleti

409 2791 610 2821 fundatarum,
626 2793 709 2825 cujus
724 2793 853 2819 redditus
868 2795 960 2820 annui
975 2795 1053 2820 ultra
1068 2803 1216 2820 sumniam
1232 2795 1268 2828 xij
1286 2795 1428 2820 librarum
1441 2795 1525 2828 paris.
1544 2803 1603 2821 non
1617 2797 1787 2822 ascendunt.

496 2840 568 2873 Mag.
586 2841 712 2866 Johanni
728 2842 848 2871 Baiilivi,
864 2843 956 2876 presb.
974 2844 1108 2869 Mcldens.
1128 2844 1213 2872 dioc..
1231 2852 1307 2877 mag.
1326 2844 1356 2870 in
1371 2846 1426 2870 art.
1450 2847 1478 2870 et
1500 2845 1589 2870 theol.
1606 2847 1733 2878 actuque
1754 2846 1866 2879 regenti
1884 2846 2007 2872 Parisius
2026 2846 2057 2872 in
2073 2847 2201 2880 predicta
2216 2846 2269 2872 sac.
2284 2871 2286 2873 .

408 2888 496 2913 theol.
