2502 3418
308 321 404 357 1452]
646 334 692 356 ΑΒ
728 334 833 356 ΑΝΝο
868 334 1158 356 MCGCLXXXXIV
1187 334 1320 362 USQUE
1357 334 1404 355 An
1439 334 1577 355 ANNUM
1613 334 1818 356 mccccrii.
2102 324 2166 357 719

394 408 588 442 Multorum
612 408 763 442 abusum
781 409 977 442 reformare
994 408 1172 450 volentes,
1192 409 1252 453 qui
1274 420 1312 441 re
1330 415 1464 441 tantum
1483 415 1517 441 et
1534 408 1678 441 nomine
1700 420 1738 441 se
1761 408 1920 441 scolares
1939 408 2165 453 profitentur,

305 476 375 508 ut²³
398 476 588 521 privilegia
609 482 644 509 et
662 476 907 509 immunitates
929 482 1182 520 assequantur,
1206 476 1267 520 qui
1294 482 1412 508 tamen
1436 487 1502 507 nec
1524 475 1642 507 scolas
1667 476 1898 520 frequentant.
1923 488 1988 508 nec
2017 476 2061 508 dc
2087 488 2166 508 sco-

304 542 428 575 lastica
455 542 647 587 disciplina
673 543 864 587 quicquain
894 543 1092 575 ostendunt
1117 544 1211 586 (cum
1243 542 1314 575 hiis
1342 549 1474 575 tantum
1505 542 1695 587 privilegia
1722 542 1966 574 concedantur
1992 543 2052 587 qui
2082 554 2165 575 vere

304 609 436 642 studiis
458 616 493 642 et
512 610 719 655 disciplinis
745 609 978 649 incumbunt,
1006 622 1072 642 nec
1094 610 1231 654 premia
1256 622 1327 642 11011
1354 610 1425 642 11151
1446 609 1608 654 legitime
1630 608 1901 642 decertantibus
1927 609 2138 652 debeantur)
2157 621 2163 641 :

304 688 520 710 renovamus
545 683 649 710 vetus
673 683 858 717 statutum,
882 684 917 709 et
940 677 976 709 id
1002 677 1200 722 apostolica
1221 677 1432 710 auctoritate
1453 676 1696 721 approbantes
1718 676 1961 717 decernimus,
1984 677 2164 708 nominem

303 744 346 776 de
368 750 490 776 cetero
512 744 735 777 censendum
759 756 840 777 0550
867 744 1043 777 scolarem
1070 744 1250 777 facultatis
1273 744 1516 785 decretorum,
1538 750 1577 776 ut
1602 743 1804 788 privilegiis
1840 743 2081 776 Jniversitatis
2102 743 2166 775 im-

302 810 612 856 munitatibusque
632 811 816 856 fungatur,
840 811 911 844 nisi
933 818 987 844 ter
1008 818 1068 844 aut
1088 811 1144 844 bis
1165 811 1208 844 ad
1226 812 1345 844 minus
1367 823 1431 856 per
1451 811 1616 856 singulas
1637 810 1883 843 hebdomadas
1904 810 2103 854 legentium
2121 810 2165 842 de

302 890 404 910 inane
426 877 544 911 scolas
565 878 862 923 frequentaverit,
881 885 915 911 et
932 890 1031 911 more
1049 878 1241 911 scolarium
1258 878 1435 911 lectiones
1452 878 1619 911 audierit.
1643 879 1689 911 Ut
1708 884 1825 910 autem
1847 877 1916 910 hoc
1932 877 2031 909 nulla
2048 877 2165 922 possit

302 945 603 990 tergiversatione
624 945 746 986 celari,
770 945 1007 990 prohibemus
1036 958 1079 978 ne
1105 952 1226 978 rector
1253 945 1508 978 Universitatis
1535 957 1599 990 pro
1627 952 1790 990 tempore
1816 945 1982 989 cuiquam
2009 944 2161 977 litteram

302 1012 582 1045 testimonialem
609 1013 682 1054 det,
705 1025 773 1057 qua
799 1013 958 1045 declaret
984 1013 1101 1057 ipsum
1127 1024 1209 1045 esse
1231 1013 1420 1054 scolarem,
1449 1019 1483 1045 et
1509 1019 1546 1045 ut
1573 1012 1684 1057 vulgo
1714 1012 1850 1052 dicunt,
1873 1023 1984 1056 super
2013 1011 2165 1044 scolaria

301 1079 464 1112 cedulam
482 1080 596 1112 tradat
611 1086 671 1112 aut
687 1079 836 1125 sigillet,
856 1080 927 1112 nisi
944 1079 1014 1112 51111
1031 1092 1095 1124 per
1109 1079 1271 1112 cedulam
1289 1080 1345 1112 sui
1362 1079 1519 1124 legentis
1537 1079 1580 1112 de
1598 1091 1714 1120 mane,
1734 1079 1777 1111 (10
1794 1079 1977 1111 audientia
1993 1079 2165 1123 frequen-

301 1146 420 1191 tiaque
442 1146 621 1179 scolarum
644 1147 821 1191 premissa
848 1146 917 1179 sibi
945 1146 1151 1179 constiterit
1177 1159 1248 1179 una
1275 1159 1354 1179 cum
1384 1146 1511 1179 cedula
1539 1146 1595 1179 sui
1624 1146 1796 1179 doctoris.
1829 1146 1933 1179 Circa
1959 1145 2165 1178 licentiatos

300 1219 417 1246 tamen
439 1214 644 1246 continuam
671 1214 707 1246 in
730 1214 974 1247 Universitate
996 1213 1193 1246 Parisiensi
1214 1225 1350 1246 moram
1377 1213 1559 1246 trahentes
1586 1220 1620 1246 et
1640 1213 1865 1246 bachalarios
1892 1220 1947 1246 ter
1973 1213 2016 1245 ad
2045 1213 2164 1245 minus

299 1280 336 1312 111
362 1280 561 1313 ebdomada
583 1280 750 1325 legentes
772 1282 875 1325 (quos
896 1287 1037 1313 constat
1058 1280 1261 1325 privilegiis
1282 1281 1442 1325 gaudere
1470 1280 1630 1323 debere),
1653 1293 1732 1313 cum
1754 1280 1890 1325 gradus
1913 1286 1947 1312 et
1968 1280 2164 1313 residentia

300 1347 387 1380 satis
408 1354 570 1392 apertum
593 1348 742 1380 afferant
764 1348 1025 1388 testiinonium,
1047 1347 1215 1380 volumus
1236 1347 1398 1380 cedulam
1422 1348 1583 1392 ipsorum
1606 1347 1793 1380 doctorum
1816 1347 1889 1379 illis
1911 1347 1954 1379 ad
1975 1346 2164 1392 privilegia

299 1414 527 1459 assequenda
550 1421 585 1447 et
605 1415 793 1447 retinenda
815 1415 994 1448 sufficere.
1018 1415 1275 1447 Interdicimus
1297 1421 1414 1447 tamen
1436 1415 1599 1447 districtc
1625 1415 1715 1459 ipsis
1740 1414 1950 1459 legentibus
1976 1414 2020 1446 de
2046 1426 2164 1455 mane,

299 1488 404 1526 atquc
427 1481 652 1522 doctoribus,
678 1494 722 1514 ne
749 1494 813 1527 pro
835 1482 1045 1526 hujusmodi
1067 1482 1259 1514 traditione
1282 1482 1491 1514 cedularum
1519 1481 1813 1514 testimonialium
1841 1493 1859 1513 a
1881 1480 2084 1514 scolaribus
2105 1481 2163 1513 ali-

300 1549 387 1594 quid
408 1549 554 1594 exigant
573 1556 632 1582 aut
653 1549 841 1594 recipiant,
864 1548 932 1581 sub
959 1549 1343 1581 excommunicationis
1374 1556 1408 1581 01
1433 1549 1583 1593 perjurii
1606 1548 1709 1593 penis
1738 1560 1744 1580 :
1775 1560 1819 1580 110
1847 1548 1943 1592 quod
1974 1548 2017 1580 ad
2045 1549 2164 1593 provi-

300 1616 438 1649 sionem
460 1617 730 1658 constituimus,
753 1616 796 1649 ad
818 1623 985 1661 questum
1008 1617 1196 1649 referatur.
1216 1618 1259 1648 Et
1279 1628 1323 1648 ne
1345 1616 1477 1661 passim
1497 1616 1624 1648 cedule
1641 1628 1658 1648 a
1676 1615 1888 1648 doctoribus
1905 1615 2161 1656 concedantur,

300 1690 334 1716 et
355 1684 474 1716 omnia
495 1683 628 1716 clarius
649 1683 925 1728 ordinatiusque
953 1684 1162 1728 procedant,
1186 1683 1394 1715 inhibemus
1416 1695 1560 1727 quoque
1582 1683 1672 1727 ipsis
1694 1682 1921 1723 doctoribus,
1943 1695 1987 1715 ne
2016 1682 2163 1715 cedulas

288 1750 343 1783 'ad
368 1750 640 1783 baccalariatum
668 1750 876 1783 volentibus
907 1751 1113 1795 promoveri
1139 1751 1352 1790 concedant,
1382 1750 1453 1782 nisi
1482 1750 1581 1794 prius
1608 1749 1660 1782 eis
1691 1749 1809 1782 littere
1835 1749 2033 1794 legentium
2065 1749 2164 1781 exhi-

299 1817 452 1850 beantur
477 1817 521 1850 de
549 1818 707 1862 predicta
735 1818 1026 1862 frequentatione
1053 1818 1231 1851 scolarum
1259 1824 1293 1850 et
1325 1817 1517 1850 sedulitate
1547 1817 1744 1849 lectionum
1772 1816 2016 1849 testimonium
2044 1816 2164 1861 perhi-

298 1884 439 1917 bentes.
472 1885 718 1917 Mandamusss
747 1891 877 1926 autem,
906 1897 950 1917 ne
981 1885 1170 1929 quisquam
1201 1884 1417 1929 pretendere
1448 1884 1687 1929 ignorantiam
1718 1883 1881 1927 possit²⁵,
1909 1883 1975 1915 hoc
2005 1882 2163 1915 saluber-

299 1953 427 1984 rimum
450 1958 621 1984 statutum
644 1964 709 1996 per
729 1964 844 1985 annos
866 1951 1033 1997 singulos
1055 1952 1091 1984 in
1114 1952 1304 1996 principiis
1326 1951 1601 1984 Ordinariorum
1624 1950 1813 1995 publicari.

387 2020 475 2051 Item
498 2019 688 2051 statuimus
711 2025 746 2051 et
772 2019 997 2060 ordinamus,
1026 2019 1122 2063 quod
1150 2019 1220 2063 ipsi
1245 2017 1440 2051 bachalarii
1465 2018 1542 2050 loca
1567 2017 1759 2049 inhonesta
1784 2016 1935 2061 fugiant,
1959 2023 1994 2049 et
2018 2016 2162 2049 habitus

299 2086 476 2118 defferant
495 2085 672 2118 honestos
694 2092 726 2118 et
750 2086 880 2118 talares
901 2092 1023 2119 vestes
1045 2098 1117 2118 non
1139 2085 1323 2130 gorgiatas
1345 2085 1421 2118 sive
1443 2091 1597 2130 apertas,
1617 2091 1710 2116 etex
1728 2090 1800 2116 toto
1818 2084 1853 2116 in
1872 2090 1970 2128 parte
1991 2084 2163 2116 anteriori

298 2153 416 2194 fissas,
449 2165 567 2198 neque
595 2153 700 2185 etiam
730 2153 766 2185 in
793 2153 974 2198 superiori
1005 2153 1137 2197 parte²⁶
1169 2152 1274 2185 fissas
1303 2152 1361 2185 vel
1392 2152 1427 2184 in
1460 2151 1621 2184 001011527
1652 2157 1807 2195 apertas,
1835 2162 1953 2195 neque
1983 2150 2163 2183 sotulares

298 2226 488 2261 rostratos,
520 2232 638 2264 neque
670 2220 817 2265 capucia
838 2233 917 2253 cum
944 2220 1139 2252 borreletis
1159 2219 1250 2253 vel²⁸
1280 2218 1505 2264 gipponibus
1534 2225 1593 2251 aut
1622 2218 1844 2250 indumentis
1874 2217 2023 2262 gibbum
2054 2229 2161 2262 supra

298 2286 474 2332 spatulam
496 2286 716 2320 habentibus
739 2293 895 2328 utantur,
919 2293 979 2319 aut
998 2286 1079 2319 aliis
1101 2286 1292 2319 dissolutis
1313 2285 1490 2319 vestibus.
1513 2285 1618 2327 Quod
1640 2285 1670 2317 51
1697 2285 1732 2316 111
1754 2283 1814 2316 tali
1834 2284 2017 2316 indecenti
2038 2283 2161 2316 habitu

298 2353 532 2399 deprehensi,
550 2360 585 2386 et
604 2366 622 2386 a
644 2354 780 2386 decano
802 2353 993 2395 facultatis,
1012 2354 1055 2386 ad
1072 2366 1177 2398 quem
1195 2353 1363 2386 volumus
1384 2352 1492 2397 hujus
1513 2352 1564 2384 rei
1586 2363 1705 2384 curam
1728 2350 1923 2395 pertinere,
1942 2350 2047 2383 tertio
2065 2363 2162 2383 com-

298 2421 425 2453 moniti
447 2432 520 2453 non
542 2421 777 2466 resipuerint,
800 2421 881 2466 ipso
899 2422 982 2465 jure
1005 2420 1048 2453 ab
1074 2420 1244 2453 omnibus
1271 2419 1527 2453 Universitatis
1554 2418 1770 2463 privilegiis,
1794 2417 2010 2459 honoribus,
2033 2417 2162 2450 immu-

298 2487 471 2521 nitatibus
493 2494 710 2520 censeantur
731 2500 813 2520 esse
835 2488 975 2532 privati.

389 2555 584 2600 Statuiintis
606 2562 640 2588 et
660 2555 884 2596 ordinamus,
908 2555 1005 2599 quod
1027 2566 1154 2587 omnes
1176 2561 1210 2586 et
1231 2553 1368 2598 singuli
1390 2553 1558 2585 doctores
1579 2551 1757 2584 facultatis
1775 2551 2003 2584 decretorum
2021 2557 2163 2584 tenean-

298 2629 356 2655 tur
377 2622 501 2667 legere
523 2629 557 2655 et
578 2622 790 2655 continuare
808 2634 892 2655 suas
909 2622 1086 2654 lectiones
1104 2621 1304 2654 secundum
1323 2620 1467 2664 antiqua
1489 2620 1605 2664 ipsius
1622 2618 1800 2651 facultatis
1818 2624 1964 2659 statuta,
1983 2618 2029 2651 ita
2046 2624 2163 2651 tamen

298 2689 395 2734 quod
416 2689 508 2722 ultra
530 2689 737 2734 quindecim
760 2689 838 2722 (1105
861 2688 1067 2721 nullatenus
1090 2700 1214 2720 eorum
1236 2688 1413 2720 lectiones
1435 2687 1658 2719 differantur.
1682 2687 1725 2718 Et
1750 2697 1794 2717 ne
1816 2685 1923 2718 lectio
1945 2685 2164 2718 matutinalis

298 2756 414 2801 ipsius
434 2756 613 2789 facultatis
630 2756 858 2800 impediatur,
878 2756 1004 2800 prefati
1025 2756 1194 2787 doctores
1215 2755 1251 2786 in
1273 2754 1379 2799 pulsu
1398 2754 1514 2786 Prime
1532 2753 1686 2785 ecclesie
1703 2752 1919 2785 parisiensis
1941 2763 2024 2785 suas
2046 2753 2164 2786 scolas

298 2822 496 2864 intrabunt,
518 2823 647 2856 lecturi
669 2822 762 2855 bene
783 2829 818 2855 ct
838 2822 1082 2855 condecenter
1099 2834 1162 2867 per
1182 2821 1319 2862 horam,
1343 2827 1381 2854 ut
1401 2820 1599 2865 antiquitus
1622 2820 1700 2852 fieri
1722 2819 1867 2852 solitum
1890 2826 1976 2861 erat,
1996 2819 2083 2852 alias
2105 2821 2166 2852 mi-

300 2891 396 2923 nime
420 2902 553 2935 regens
575 2897 698 2923 contra
719 2890 855 2922 faciens
878 2896 1077 2934 reputetur.
