2502 3418
293 389 2154 409 ——————————

291 437 351 460 2080

290 541 348 563 2081

289 643 349 666 2082

288 746 348 768 2083

287 849 347 871 2084

287 906 347 929 2085

287 966 347 988 2086

285 1114 346 1137 2087

284 1216 346 1239 2088

284 1275 345 1297 2089

283 1423 344 1445 2090

283 1480 342 1503 2091

282 1538 343 1561 2092

282 1642 342 1665 2093

281 1745 341 1768 2094

281 1803 342 1826 2095

281 1862 342 1884 2096

280 2134 340 2157 2097

281 2192 341 2215 2098

280 2296 341 2318 2099

280 2398 341 2421 2100

280 2457 338 2479 2101

280 2514 340 2537 2102

278 2711 340 2734 2103

279 2814 339 2836 2104

425 436 491 462 1417

383 848 529 874 1415-1417

423 906 487 932 1417

573 439 648 463 Circa
663 440 722 463 Jan.
739 440 768 462 14

631 556 661 560 -
739 542 767 564 14

576 645 739 676 Septembris
753 646 766 667 8

641 762 669 766 —
735 748 763 771 15

642 864 668 868 —
734 852 763 874 26

575 909 730 932 Novembris
745 911 760 932 4

640 981 670 985 -
734 968 763 990 16

640 1129 666 1133 -
732 1116 761 1138 22

637 1232 668 1236 -
731 1219 760 1241 23

570 1277 719 1300 Decembris
735 1277 764 1300 14

625 1438 654 1442 —
734 1426 762 1448 27

591 1483 711 1507 Januarii
729 1485 741 1507 7

634 1543 740 1565 —25

637 1647 741 1669 -29

566 1749 714 1772 Jan.-Febr.
732 1749 761 1772 10

589 1807 665 1830 Febr.
683 1807 737 1830 7-27

573 1865 709 1889 Februarii
725 1867 755 1888 26

603 2136 690 2160 Martii
707 2137 719 2159 1

631 2209 661 2212 —
707 2196 720 2211 ἢ

708 2210 720 2218 .ι

581 2297 657 2321 Mart.
674 2298 745 2320 15-16

593 2400 680 2423 Martii
698 2400 727 2423 16

578 2459 655 2482 Mart.
669 2459 742 2482 27-31

598 2516 696 2548 Aprilis
712 2517 725 2539 2

596 2712 683 2736 Martii
699 2713 728 2736 16

557 2814 619 2838 Maii
628 2815 729 2838 29-Jun.
738 2815 767 2837 12

2089 319 2153 351 759

1139 323 1304 346 TABULA.

807 440 970 464 Universitas
988 441 1068 464 mittit
1083 441 1115 464 nd
1130 442 1277 465 Johannem
1293 444 1447 474 delphinum
1463 445 1643 472 Viennensem,
1660 445 1731 475 apud
1747 445 1937 476 Compendium
1953 454 2066 468 commo-

836 488 947 514 rantem,
963 489 992 508 ut
1004 485 1072 508 bono
1088 487 1162 517 regni
1179 490 1204 510 et
1218 488 1310 519 populi
1326 490 1471 514 consulat..
1493 507 1497 511 .
1519 506 1524 511 .
1545 506 1551 511 .
1572 509 1576 513 .
1597 506 2064 514 ...................

806 543 969 567 Universitas
986 544 1019 567 ad
1034 544 1126 567 ducem
1142 545 1310 569 Guillclmum
1327 547 1448 570 comitem
1464 547 1629 577 Ilollandiae,
1645 550 1673 569 ut
1688 547 1842 578 delphinum
1858 547 1977 578 impellat
1992 548 2065 570 Pari—

836 588 888 611 sios
907 588 996 611 venire
999 606 2064 616 ..........................................

805 646 946 670 Occasione
958 647 1089 670 bellorum
1103 656 1191 671 omnes
1208 649 1327 672 doctores
1345 650 1478 672 facultatis
1494 650 1591 673 decret.
1611 653 1670 672 actu
1686 652 1806 680 regentes
1822 649 1946 680 reputati,
1963 649 2065 672 etiamsi

834 694 895 722 post
911 693 1004 714 festum
1021 692 1143 715 Omnium
1158 693 1312 716 Sanctorum
1329 694 1474 725 inceperint
1491 711 2065 718 .......................

804 749 913 773 Carolus
935 750 967 773 VI
989 750 1115 781 epistolas
1131 751 1248 782 Philippi
1265 752 1298 775 IV
1313 752 1343 775 de
1359 753 1496 783 sexaginta
1511 752 1587 775 libris
1608 752 1688 775 annui
1709 751 1826 775 redditus
1847 752 1879 774 ad
1900 760 1963 774 usus
1987 752 2066 774 trium

833 795 1030 825 capellanorum
1044 795 1232 819 Universitatis
1246 797 1384 820 confirmat
1388 813 2065 821 ...........................

803 853 966 876 Consultatio
979 854 1153 885 quorumdam
1166 854 1302 877 doctorum
1316 855 1348 878 de
1363 855 1512 878 venditione
1526 863 1652 878 censuum
1667 858 1692 878 et
1708 854 1857 878 reddituum
1862 871 2066 879 .........

802 911 923 942 Magistri
936 914 1056 942 regentes
1072 913 1120 935 sac.
1137 912 1282 936 medicinae
1297 921 1338 936 an.
1355 913 1488 936 1417-1418
1492 929 2066 937 .......................

802 969 951 993 Gardianus
968 969 1033 993 Ord.
1049 970 1111 994 Min.
1126 974 1152 993 et
1167 971 1229 994 Ord.
1245 971 1352 995 Eremit.
1368 972 1393 994 S.
1411 972 1477 1002 Aug.
1496 974 1671 994 conventuum
1688 970 1771 994 Paris.
1788 979 1814 993 se
1831 970 1987 993 submittunt
2001 970 2066 993 Uni-

832 1014 951 1037 versitati
965 1018 1092 1046 quantum
1106 1015 1139 1038 ad
1155 1016 1255 1038 bullam
1266 1016 1406 1039 Alexandri
1418 1017 1438 1039 V
1449 1019 1474 1039 et
1486 1016 1730 1038 condemnationem
1745 1015 1958 1047 Justificationis
1973 1015 2067 1038 Johnn-

832 1059 873 1081 nis
887 1059 963 1082 Parvi
969 1076 2064 1084 ...........................................

801 1116 886 1140 Guido
902 1117 933 1140 de
947 1117 1075 1141 Versaliis
1093 1126 1178 1149 papae
1191 1118 1298 1149 exponit
1312 1127 1339 1141 se
1357 1118 1419 1141 olim
1435 1118 1587 1150 praeposito
1601 1118 1684 1141 Paris.
1699 1118 1830 1149 detegisse
1845 1117 2066 1149 conspirationem

831 1161 862 1184 de
878 1161 983 1185 civitate
998 1162 1082 1185 Paris.
1096 1162 1219 1192 inimicis,
1237 1163 1293 1187 scil.
1311 1163 1472 1193 Burgundis‚
1488 1163 1616 1186 tradenda
1620 1179 2065 1186 ..................

801 1219 1040 1243 Excommunicatio
1054 1220 1129 1243 ducis
1146 1221 1315 1251 Burgundiae
1332 1221 1364 1244 ab
1380 1221 1461 1252 episc.
1477 1221 1561 1244 Paris.
1576 1220 1745 1251 pronuntiata
1749 1237 2064 1244 .............

801 1277 860 1300 Fac.
881 1277 1027 1301 medicinae
1047 1279 1154 1301 Petrum
1175 1278 1330 1308 Bechebien,
1352 1279 1479 1301 decanum
1498 1287 1584 1308 suum,
1601 1278 1756 1309 portitorem
1775 1277 1855 1301 rotuli
1870 1277 1949 1309 primi
1969 1278 2067 1309 princi-

830 1322 899 1353 palis
922 1322 954 1345 ad
975 1323 1117 1346 Martinam
1136 1324 1157 1346 V
1172 1323 1256 1353 eligit,
1272 1327 1297 1346 et
1316 1324 1411 1346 iterum
1428 1323 1544 1346 Concilio
1566 1323 1761 1346 constantiensi
1782 1323 1958 1346 resistendum
1980 1323 2065 1354 quoad

830 1367 958 1390 beneficia
973 1367 1075 1399 majora
1091 1368 1222 1391 deliberat
1233 1384 2063 1392 .................................

800 1425 859 1448 Fac.
875 1425 1019 1448 medicinae
1034 1425 1179 1449 Johannem
1194 1426 1303 1449 Juvenis
1319 1434 1367 1457 pro
1384 1434 1434 1449 una
1449 1426 1657 1457 capellaniarum
1672 1426 1704 1449 de
1718 1425 1829 1456 Savoisy
1843 1428 1995 1456 praesentat
2007 1442 2012 1448 .
2033 1443 2039 1449 .
2058 1442 2064 1448 .

800 1483 964 1506 Universitas
980 1484 1153 1507 Remensibus
1167 1484 1323 1507 divisionem
1337 1484 1412 1515 regni
1427 1483 1533 1515 exponit
1541 1500 2064 1508 .....................

799 1541 890 1572 Legati
906 1541 1094 1565 Universitatis
1116 1542 1148 1565 ad
1169 1550 1267 1573 papam
1282 1545 1375 1574 petunt
1390 1545 1418 1565 ut
1433 1542 1554 1565 omnibus
1571 1541 1773 1573 praerogativis,
1795 1541 1940 1572 privilegiis
1956 1544 1981 1564 et
1995 1547 2066 1564 ante-

829 1586 973 1609 lationibus
990 1587 1027 1610 uti
1045 1587 1149 1618 possint
1152 1603 2063 1611 ....................................

799 1645 908 1668 Botulus
931 1645 1033 1676 primus
1057 1653 1102 1668 seu
1119 1645 1276 1676 principalis
1297 1645 1483 1668 Universitatis
1500 1653 1514 1667 a
1532 1645 1644 1667 Martino
1662 1645 1683 1667 V
1705 1644 1754 1667 suh
1771 1654 1782 1665 «
1804 1644 1830 1667 iv
1852 1644 1905 1667 kal.
1928 1644 2064 1667 Februarii

829 1698 896 1712 anno
912 1689 997 1720 primo
1014 1699 1026 1710 »
1043 1689 1165 1720 signatur
1174 1705 2062 1714 ...................................

800 1747 935 1770 Licentiati
951 1747 977 1770 in
993 1748 1118 1770 facultate
1134 1748 1298 1771 decretorum
1302 1765 1412 1771 .....
1432 1768 1436 1772 ,
1458 1763 2062 1771 ........................
2109 1754 2154 1776 33⁷4

798 1805 934 1829 Licentiati
950 1806 975 1828 in
990 1806 1114 1828 facultate
1129 1805 1275 1828 medicinae
1279 1821 2062 1829 ...............................
2108 1812 2152 1834 335

798 1864 862 1887 Cum
879 1872 947 1894 mag.
965 1863 1120 1895 Radulphus
1141 1864 1172 1886 de
1188 1864 1266 1886 Porta
1284 1863 1309 1886 in
1328 1863 1493 1886 Pul-lamento
1510 1862 1686 1893 postulaverit
1701 1865 1728 1885 ut
1745 1861 1878 1893 episcopis
1896 1865 1921 1885 et
1936 1861 2062 1893 praelatis

828 1908 1005 1937 resisteretur,
1022 1911 1047 1931 et
1066 1908 1172 1931 collatio
1192 1908 1378 1931 beneficiorum
1397 1908 1430 1930 ad
1449 1915 1545 1938 papam
1567 1906 1760 1935 devolveretur,
1780 1907 1920 1929 mandante
1939 1906 2062 1937 delphino

827 1953 991 1984 Radulphus,
1006 1956 1092 1976 rector
1108 1952 1203 1984 aliique
1219 1952 1406 1976 Universitatis
1420 1952 1446 1974 in
1462 1959 1593 1974 carcerem
1606 1951 1746 1974 mittuntur
1748 1968 2061 1975 .............
2107 1959 2152 1981 33ss

878 2038 1033 2063 Consilium
1043 2038 1130 2067 jussu
1144 2038 1219 2068 reyis
1234 2042 1259 2061 et
1272 2037 1398 2067 delphini
1413 2038 1445 2061 de
1463 2036 1639 2060 libertatibus
1654 2035 1794 2060 Ecclesiae
1808 2035 1981 2060 Gallicanae.

1283 2083 1395 2106 (Continet
1408 2085 1441 2101 11⁰³
1455 2082 1587 2105 2097-2102.)

797 2136 955 2159 Deliberatio
972 2135 996 2158 in
1013 2136 1179 2159 Parlamcnto
1195 2136 1225 2158 de
1241 2135 1384 2164 beneficiis,
1402 2135 1432 2157 de
1446 2134 1556 2157 ecclesia
1571 2134 1603 2156 ad
1617 2133 1739 2165 antiquas
1754 2133 1888 2157 libertates
1904 2133 2060 2156 reducenda.
2105 2142 2150 2164 333

797 2194 970 2222 Universitas,
986 2202 1045 2216 cum
1059 2193 1261 2216 comminatione
1276 2192 1461 2221 cessationum,
1479 2192 1546 2223 petit
1561 2191 1587 2214 in
1603 2191 1768 2214 Parlamento
1783 2194 1812 2214 ut
1824 2190 1946 2222 magistri
1961 2191 1987 2214 in
2002 2199 2059 2214 cur-

827 2247 885 2262 cere
903 2239 978 2262 missi
998 2238 1143 2261 liberentur
1147 2252 2058 2263 ....................................
2105 2245 2150 2267 339

797 2298 824 2320 ln
841 2297 1006 2320 Pariamento
1022 2296 1163 2328 delphinus
1177 2295 1290 2326 benigne
1306 2295 1380 2318 audit
1395 2294 1597 2318 deliberationes
1612 2293 1808 2322 Universitatis,
1825 2301 1922 2324 easque
1938 2293 1971 2316 ad
1987 2293 2060 2316 effee-

827 2345 883 2365 tum
898 2345 1023 2365 venturas
1041 2340 1172 2372 promittit
1176 2355 2057 2365 ...................................
2104 2343 2149 2365 339

797 2401 961 2431 Responsum
975 2399 1045 2430 regis
1058 2402 1083 2422 ct
1093 2398 1212 2430 delphini
1228 2397 1359 2421 Ludovico
1373 2397 1404 2420 de
1420 2397 1514 2426 Flisco⁷
1529 2397 1616 2427 legato
1629 2403 1714 2427 papae
1718 2412 2058 2419 ..............
2104 2402 2149 2423 340

797 2458 906 2481 Carolus
922 2458 954 2480 VI
971 2457 1138 2480 collationem
1156 2455 1342 2479 beneficiorum
1359 2455 1391 2477 ad
1411 2462 1529 2477 normam
1545 2453 1622 2477 edicti
1639 2453 1700 2476 anni
1715 2453 1783 2481 1407,
1802 2453 1877 2476 Febr.
1895 2453 1932 2481 18,
1948 2453 2057 2477 reducit.
2104 2459 2146 2481 341

797 2516 906 2539 Carolus
924 2516 956 2538 VI
979 2523 1110 2538 renovans
1126 2514 1239 2537 edictum
1263 2513 1324 2536 anni
1340 2514 1410 2544 1407,
1427 2512 1502 2535 Febr.
1519 2512 1556 2539 18,
1578 2511 1701 2542 prohibet
1716 2511 1765 2534 suh
1786 2511 1888 2541 magnis
1909 2511 2008 2541 poenis,
2028 2520 2059 2534 ne

828 2569 921 2583 aurum
938 2560 978 2583 vel
998 2562 1147 2590 argentum,
1166 2558 1271 2589 jocalia,
1289 2561 1348 2586 etc..
1368 2565 1415 2588 per
1432 2557 1584 2579 collectores
1601 2555 1688 2579 euriae
1708 2556 1838 2579 Romanae
1854 2556 1884 2578 de
1900 2563 1980 2586 regno
2000 2555 2060 2579 efl'e-

828 2608 920 2628 rantur
923 2616 2058 2628 .............................................
2103 2601 2149 2624 343

797 2713 928 2736 Arnoldus
951 2712 982 2734 de
998 2711 1114 2742 Glymez,
1134 2711 1192 2734 hac.
1212 2710 1292 2733 theol.
1314 2709 1408 2739 Paris.⁷
1426 2708 1552 2740 pensione
1575 2707 1663 2730 debita
1683 2706 1813 2738 privatus,
1837 2706 1970 2738 supplicat
1993 2708 2059 2730 Mar-

827 2757 882 2780 tino
898 2757 927 2786 V⁷
943 2760 971 2779 ut
986 2756 1109 2779 abbatem
1122 2755 1263 2786 compellat
1279 2754 1312 2777 ad
1326 2753 1477 2776 solvendam
1493 2752 1645 2783 pensionem
1649 2768 2057 2776 .................
2103 2753 2148 2775 343

798 2815 933 2846 Burgundi
957 2814 1065 2837 Parisiis
1084 2813 1231 2844 potiuntur.
1252 2811 1375 2843 Episcopi
1392 2819 1421 2834 ac
1437 2810 1559 2841 magistri
1578 2810 1668 2841 plures
1689 2809 1782 2839 occisi;
1798 2809 1917 2832 nonnulli
1937 2809 2058 2841 magistri

2103 2856 2147 2878 343

826 2860 917 2883 urbem
939 2859 1091 2890 relinquunt
1098 2870 2056 2882 ......................................
