2502 3418
274 315 368 352 1410]
615 328 660 349 AB
694 327 798 348 ANNO
833 326 1122 348 MCCCLxxxxw
1157 326 1287 354 USQUE
1322 327 1369 348 An
1403 327 1539 348 ANNUM
1575 328 1777 350 mccccmi.
2064 322 2123 352 181.

269 406 385 426 mentum
397 410 537 433 perperam
552 401 586 424 ad
597 409 637 424 an.
655 401 716 424 1408
727 402 815 424 refert.
832 401 860 423 ln
875 400 942 423 Bibl.
960 403 1013 423 nat.
1029 400 1113 423 Paris.
1128 408 1177 423 ηις.
1190 400 1236 423 lat.
1252 401 1334 426 14907,
1353 400 1398 423 sol.
1411 400 1452 422 78¹²
1463 401 1535 429 (olim
1552 401 1686 424 S.Vict01·.
1702 403 1766 429 403),
1783 410 1859 433 quem
1873 403 1935 425 citat
1952 403 2047 429 θυι-η’,
2062 404 2125 426 nihil

270 447 320 470 nisi
337 456 347 470 «
364 447 481 474 Quedam
495 445 693 477 proposieiones
710 448 829 476 excerpts
844 446 875 468 de
893 444 1002 467 lectione
1016 444 1166 467 cnm-ellarii
1182 444 1339 467 parisiensis
1355 453 1423 467 anno
1439 445 1499 467 1409
1513 446 1583 476 apud
1597 446 1721 468 Sanctum
1738 446 1874 476 Victorem,
1890 448 2024 470 (mensione
2038 449 2127 478 cujus—

269 492 329 514 dam
345 490 519 514 dubitat-jonis
538 490 563 512 in
585 491 652 513 sacto
668 490 745 512 unius
762 489 853 512 militis
872 489 1058 514 Cnrtusiensis.
1075 489 1143 520 quod
1167 488 1259 519 incipit
1275 497 1280 511 ·.
1299 497 1309 511 ι(
1329 489 1516 512 convertamus
1534 497 1600 511 nunc
1622 498 1767 512 sermonem
1785 491 1815 512 aul
1837 491 1994 513 derisionem
2012 492 2127 522 prodit-to.

269 535 444 558 dubitacionis
460 534 582 557 litteralis
600 534 631 557 de
646 533 811 557 vellicatione
829 533 963 564 spicarum
981 533 1126 556 alienarum
1146 541 1193 563 per
1208 533 1353 563 discipulos
1369 533 1501 556 Christi».
1518 534 1546 555 ln
1563 534 1612 556 fine
1628 542 1634 557 :
1651 542 1661 556 <t
1680 534 1791 564 Explicit
1806 535 1961 557 tractatulus
1978 536 2008 558 tle
2024 536 2126 566 obligu-

268 580 338 603 tione
361 579 424 603 furti
442 579 483 602 vel
498 579 607 602 alterius
629 579 667 601 rei
689 581 805 601 mutuate
818 578 859 601 vel
878 578 1042 600 commodate
1057 586 1079 601 J).
1101 577 1198 600 Deinde
1213 585 1217 600 :
1240 586 1251 600 ((
1266 578 1339 600 Anno
1360 578 1434 601 Dom.
1455 578 1478 600 M
1490 578 1571 601 CCCC
1584 578 1613 607 X,
1629 578 1743 601 crastino
1759 579 1971 602 Annuntiutionis
1983 588 2004 609 n,
2017 581 2085 610 quod
2103 581 2127 603 in

269 624 372 648 duabus
388 624 457 653 edd„
473 623 690 647 deliberationem
707 624 756 646 sac.
773 623 852 645 theol.
870 622 1014 653 praecedit.

362 707 386 732 1.
409 708 459 731 Seu
479 716 490 730 «
506 707 608 731 Bevilla
623 715 644 736 J),
669 707 732 730 Ord.
755 707 781 730 S.
805 707 872 737 Aug.
894 707 922 729 In
947 706 1055 737 antiqua
1077 706 1191 729 editione
1215 706 1340 730 Gersonis
1362 714 1367 728 ·.
1393 715 1404 729 t<
1423 706 1526 729 Gilb'no
1549 707 1579 730 de
1602 707 1714 729 Bunulla
1736 715 1757 736 ν,
1778 707 1804 729 in
1823 715 1888 729 nova
1906 715 1910 730 z
1930 716 1941 730 α
1961 708 2077 730 (litberto
2098 708 2128 730 de

269 753 382 776 Bunulla
394 761 415 776 ».
429 765 456 769 —
472 751 496 776 2.
512 752 578 775 Edd.
592 760 597 774 ·.
613 760 624 774 «
637 751 734 774 Baardi
747 759 767 774 ν.
779 765 809 769 —-
821 750 844 775 3.
860 751 896 774 De
911 751 1031 773 Mesnillo
1047 750 1204 780 Fouchardi,
1222 751 1342 774 minister
1357 752 1384 774 S.
1400 751 1542 774 Mathurini
1558 751 1642 774 Paris.
1656 765 1685 769 --
1697 751 1722 775 4.
1738 752 1784 774 Ed.
1801 752 1887 775 Durm
1904 760 1908 774 :
1925 761 1936 774 <c
1952 752 1983 775 (le
1999 752 2092 775 Ari-ath
2106 761 2128 775 ».

268 811 296 815 —
311 797 336 822 5.
353 797 456 828 Ubique
472 805 477 819 ⁴.
496 804 507 820 α
524 797 626 820 Roedor
642 804 664 819 υ.

273 925 412 961 1885.
439 933 600 967 Gener-ales,
616 932 818 968 praesidentes
834 936 861 958 et
874 936 1078 968 procuratores
1102 933 1238 958 Ordinum
1253 932 1501 966 Praedicatorum,
1524 933 1674 967 Minor-um,
1693 933 1810 958 lit-emit.
1833 936 1859 958 S.
1877 933 1961 967 Aug„
1984 933 2125 958 Carrnelit.

358 986 384 1008 et
405 984 560 1016 Servorum,
579 982 654 1008 inter
676 991 745 1017 quos
763 982 857 1007 Adam
878 982 985 1017 Payn⁴,
1004 982 1088 1008 theol.
1107 991 1180 1017 mag.
1204 982 1269 1008 Ord.
1289 982 1418 1016 Eremit.,
1437 986 1464 1007 et
1484 982 1544 1007 Joll.
1564 982 1653 1007 Cuoclc
1676 982 1741 1007 Ord.
1759 983 1827 1007 Min.
1846 991 1882 1007 ex
1897 982 2046 1013 Hibernia,
2067 991 2128 1007 cum

357 1031 477 1057 consilio
500 1035 527 1057 et
546 1040 668 1057 assensu
689 1031 851 1065 theologiae
873 1032 1083 1066 magistrorum,
1103 1035 1134 1057 ut
1156 1031 1276 1057 Ordines
1299 1035 1398 1057 contra
1420 1031 1591 1057 temerarias
1617 1031 1864 1067 impetuositates2
1885 1040 1916 1057 se
1939 1035 1965 1057 et
1983 1032 2054 1066 jura
2074 1040 2129 1056 sua

355 1081 550 1115 defenderent,
565 1082 630 1107 Jun.
647 1082 663 1107 6
682 1081 710 1105 in
726 1080 808 1106 curia
821 1081 899 1106 Rom.
917 1089 948 1106 se
968 1081 1140 1116 conjungunt
1159 1081 1331 1114 praesertim
1347 1089 1362 1106 ‹
1379 1084 1409 1105 ut
1425 1080 1589 1116 reprobatio
1604 1080 1791 1106 articulorum
1812 1082 1877 1116 [per
1891 1080 2089 1106 Alexandrum
2112 1081 2135 1106 V

355 1131 445 1164 facta)
463 1130 491 1155 in
504 1139 556 1156 suo
572 1130 672 1156 robore
684 1133 853 1165 perseveret,
873 1130 914 1156 vel
927 1129 961 1156 de
978 1139 1045 1155 novo
1063 1129 1144 1164 [illi]
1161 1129 1349 1165 reprobentur
1362 1139 1387 1156 7).

1458 1184 1527 1213 1410,
1542 1184 1598 1209 dun.
1614 1185 1637 1213 6,
1656 1184 1693 1213 10,
1710 1184 1842 1209 Romulae.

361 1272 464 1296 Chron.
481 1271 539 1295 Nic.
559 1272 738 1302 Glassberyer
751 1271 778 1294 in
793 1272 931 1295 Analecta
944 1271 1139 1295 Franciscana
1153 1271 1319 1300 (Quaracchi,
1335 1272 1412 1301 1887),
1430 1272 1460 1298 ΙΙ,
1475 1280 1503 1302 p.
1518 1272 1572 1294 239.

359 1356 384 1381 1.
400 1357 448 1380 An.
465 1356 534 1385 1413,
550 1356 603 1379 Jul.
620 1357 657 1384 26,
676 1357 759 1379 sactus
778 1359 817 1379 est
836 1356 977 1387 episcopus
996 1356 1119 1379 Clonens.
1135 1356 1161 1378 in
1187 1356 1312 1379 Hibernia
1334 1356 1407 1386 (Reg.
1426 1356 1480 1379 Lat.
1502 1356 1560 1379 Joh.
1579 1355 1668 1380 XXIII.
1686 1359 1714 1378 n⁰
1733 1356 1784 1382 174,
1804 1356 1848 1379 fol.
1872 1355 1948 1384 wsb).
1965 1369 1995 1372 —
2012 1355 2036 1379 2.
2054 1355 2088 1377 Ut
2103 1355 2128 1376 in

267 1402 369 1425 Chron.
386 1401 439 1429 cit„
456 1402 473 1424 l.
491 1409 523 1429 c.,
541 1404 672 1428 narratur.
691 1401 828 1424 occasione
843 1401 932 1424 bullae
952 1401 1072 1423 nonnulli
1092 1401 1123 1424 (le
1145 1401 1323 1424 Universitate
1345 1401 1554 1423 Mendicnntibus
1570 1400 1706 1423 molestias
1720 1400 1874 1429 intulerunt,
1890 1400 1993 1430 aliquos
2013 1400 2129 1422 incarce-

265 1446 348 1469 tando
364 1454 394 1469 ac
413 1446 491 1469 etiam
506 1446 748 1477 praedicationibus
764 1449 789 1469 et
806 1454 886 1469 cursu
901 1446 982 1469 studii
1001 1446 1140 1477 privando,
1158 1445 1194 1468 eis
1212 1446 1371 1476 imponendo
1387 1446 1456 1476 quod
1472 1454 1540 1468 nunc
1555 1448 1663 1476 possent
1678 1445 1792 1468 decimas
1809 1445 1912 1476 exigere
1928 1448 1953 1467 et.
1966 1446 2049 1467 facere
2063 1452 2129 1475 quae

266 1491 366 1514 faciunt
380 1490 474 1514 curati.

271 1614 410 1651 1886.
438 1623 612 1649 Universitas
627 1624 723 1649 Paris.
741 1623 914 1658 quibusdam
927 1623 1071 1657 fratribus
1088 1623 1248 1648 ,Minoribus
1265 1622 1375 1656 scribit,
1395 1626 1425 1647 ut
1441 1622 1505 1647 illos
1520 1623 1637 1656 fratres,
1657 1622 1706 1656 qui
1723 1621 1851 1656 regulam
1869 1624 1897 1647 S.
1915 1621 2062 1646 [francisci
2077 1620 2128 1645 sub

353 1682 464 1698 summa
481 1676 658 1708 paupertate
676 1673 760 1706 juxta
779 1673 839 1707 ejus
864 1673 984 1707 rigorem
1001 1673 1150 1698 obser-want
1165 1676 1192 1698 et
1207 1681 1225 1698 a
1241 1672 1393 1698 Benedicta
1409 1673 1482 1697 XIII
1501 1671 1635 1696 vicarium
1649 1670 1837 1705 generalem*7
1856 1671 1985 1696 ministro
2000 1669 2130 1704 generali

354 1722 539 1756 assentiente,
553 1722 743 1756 obtinuerunt,
757 1730 812 1747 non
828 1721 984 1756 molestent,
1003 1731 1058 1747 non
1073 1722 1205 1747 obstante
1220 1721 1299 1747 bulla
1316 1721 1443 1756 quadam
1458 1720 1621 1746 Alexandri
1637 1721 1663 1754 V7
1675 1720 1744 1756 piae
1758 1720 1975 1745 recordationis.
1988 1719 2130 1755 Imprimis

354 1775 515 1797 conventum
537 1773 562 1797 S.
582 1771 750 1805 Audomari,
773 1770 1009 1806 quemadmodum
1032 1779 1127 1796 omnes
1145 1774 1295 1796 conventus
1317 1771 1359 1795 sic
1380 1771 1507 1804 viventes,
1529 1770 1558 1795 in
1574 1778 1648 1805 pace
1669 1773 1695 1794 et
1716 1769 1938 1804 tranquillitate,
1957 1768 2009 1793 sub
2025 1768 2129 1793 vicario

351 1820 490 1855 generali,
510 1821 597 1846 vivere
614 1820 793 1856 permittant.
810 1821 875 1846 Dat.
892 1821 923 1846 in
938 1821 1162 1853 congregatione
1175 1822 1273 1846 nostra
1288 1820 1414 1853 generali
1430 1819 1552 1845 Parisius
1570 1827 1616 1852 ap.
1635 1819 1661 1844 S.
1680 1819 1861 1844 Maturinum
1877 1818 2044 1844 solemniter
2058 1818 2130 1843 celo-

353 1871 435 1896 brata
449 1870 495 1897 die
509 1870 593 1896 tertia
607 1870 719 1896 decima
734 1870 841 1896 mensis
856 1870 946 1897 Junii.
965 1879 979 1893 α
996 1870 1067 1896 Satis
1082 1877 1140 1896 esse
1153 1870 1239 1896 debet
1254 1880 1278 1894 n.

1507 1918 1575 1947 1410,
1592 1918 1661 1943 durtii
1676 1918 1713 1946 13,
1731 1917 1845 1943 Parisiis,

357 2008 493 2039 Originale
508 2008 534 2031 in
548 2008 624 2031 Arch.
641 2008 719 2031 Univ.
735 2008 829 2037 Paris„
844 2008 912 2031 thee.
926 2008 967 2036 lv,
981 2008 1011 2031 Α.
1026 2008 1064 2030 26.
1081 2016 1104 2031 a.
1121 2007 1267 2035 JounDAJN,
1286 2011 1314 2029 110
1329 2007 1398 2029 1041.
1415 2020 1445 2023 —
1458 2006 1494 2029 Ad
1511 2006 1573 2029 haec
1590 2006 1642 2029 vid.
1659 2005 1727 2029 infra
1744 2010 1771 2028 n⁰
1787 2006 1854 2033 1965,
1871 2008 1925 2028 not.
1940 2006 1963 2027 Ιι.

357 2093 382 2118 1.
399 2094 471 2116 Tunc
489 2093 616 2116 Thomam
632 2093 663 2116 de
679 2093 767 2116 Curia.

270 2207 409 2244 1887.
433 2216 576 2242 lohannes
591 2216 832 2252 XXIIIprohibet
845 2226 879 2242 ne
893 2217 956 2252 quis
973 2217 1001 2242 in
1015 2220 1160 2252 posterum
1174 2215 1279 2241 litteris
1296 2214 1459 2240 Aleaeandri
1480 2215 1563 2250 Vpro
1579 2213 1811 2240 Mendicantibus
1828 2214 1869 2238 uti
1882 2217 2062 2248 praesumat,

1485 2298 1554 2327 1410,
1572 2298 1641 2323 Junii
1650 2298 1694 2327 27,
1709 2297 1841 2322 Bononiae.

353 2389 537 2423 Johannes
559 2390 755 2434 episcopus
783 2401 911 2423 servus
938 2400 1125 2422 servorum
1155 2389 1232 2420 Dei.
1260 2387 1316 2420 Ad
1344 2388 1496 2419 suturam
1526 2386 1579 2418 rei
1610 2385 1830 2418 memoriam.
1860 2384 1900 2417 In
1929 2382 2127 2427 apostolice

266 2457 365 2489 sedis
387 2457 533 2501 specula
558 2456 644 2489 licet
671 2456 840 2489 immeriti
862 2456 1080 2501 disponente
1102 2455 1257 2487 Domino
1274 2454 1461 2487 constituti
1483 2453 1525 2486 ad
1547 2452 1813 2497 procurandum
1835 2450 1974 2483 cunctis
1991 2449 2130 2482 christi-

266 2523 437 2556 fidelibus
466 2523 565 2568 pacis
595 2523 782 2556 commoda
812 2522 969 2556 libenter
998 2522 1235 2563 intendimus,
1264 2533 1463 2565 eorumque
1496 2519 1690 2559 scandalis,
1719 2524 1889 2563 quantum
1920 2529 2127 2561 possumus,

266 2589 466 2623 obviamus.
490 2590 633 2622 Dudum
656 2590 836 2634 siquidem
863 2602 942 2622 cum
971 2589 1118 2634 querela
1146 2589 1361 2621 dilectorum
1393 2587 1549 2619 liliorum
1579 2587 1726 2618 fratrum
1756 2584 1931 2617 Ordinuni
1964 2584 2129 2616 Prodicu-

268 2663 384 2690 torum
407 2664 442 2690 et
461 2657 657 2698 Minorum,
683 2668 749 2689 nee
778 2669 851 2689 non
873 2656 1110 2689 Eremitarum
1135 2656 1168 2688 S.
1196 2655 1393 2700 Augustini
1415 2666 1453 2686 ac
1475 2653 1578 2686 beate
1599 2652 1711 2684 Marie
1733 2651 1776 2683 de
1804 2652 1926 2683 Monte
1948 2650 2127 2690 Carmelo,

267 2724 311 2756 ad
331 2724 390 2756 sel.
414 2736 485 2756 rec.
504 2724 701 2756 Alexandri
722 2735 812 2768 pape
827 2725 858 2757 V
875 2723 1150 2768 predecessoris
1172 2722 1287 2754 nostri
1309 2721 1540 2766 perduxisset
1559 2719 1732 2759 auditum7
1752 2718 1848 2762 quod
1870 2717 2036 2749 nonnulli
2057 2717 2130 2749 cle-

268 2790 332 2823 rici
354 2797 389 2823 et
408 2790 655 2823 ecclesiastice
673 2802 829 2835 persone
846 2802 884 2822 ac
902 2790 1091 2834 utriusque
1110 2800 1217 2821 sexus
1235 2788 1400 2820 homines
1417 2793 1536 2819 certos
1553 2785 1738 2825 articulos,
1757 2796 1848 2828 quos
1870 2784 1978 2816 iidem
1999 2785 2128 2816 fratres

269 2857 436 2890 dicebant
456 2869 645 2898 erroneos,
664 2863 854 2902 tangentes
876 2857 1058 2889 materiam
1077 2855 1304 2889 Clementino
1324 2854 1465 2887 Dudum
1482 2854 1518 2885 in
1540 2852 1779 2897 prejudicium
1801 2852 1961 2895 ipsorum
1980 2851 2126 2883 fratrum
