2502 3418
274 336 370 372 1432]
618 349 664 370 AB
701 349 808 370 ANNo
843 347 1132 369 MCCCLxxxxw
1162 348 1293 375 USQUE
1329 349 1376 369 An
1411 348 1549 369 ANNUM
1585 348 1790 371 mccccmi.
2075 343 2136 373 541

359 424 447 455 Item
474 423 571 467 quod
598 423 715 467 pridie
741 422 887 455 licentie
914 421 1125 462 olninentle,
1145 421 1266 453 habito
1289 422 1433 465 signeto
1455 434 1472 454 a
1494 422 1710 455 cancellario
1738 424 1948 465 parisiensi,
1981 425 2133 469 quilibet

270 489 514 522 licentiandus
535 489 695 522 visitabit
718 488 886 533 singulos
901 488 1083 528 doctores„
1107 488 1208 532 ipsos
1226 488 1389 532 rogando
1406 495 1443 520 ut
1464 489 1499 520 in
1517 477 1633 533 ipsius
1651 489 1794 521 licentia
1812 490 1925 522 velint.
1942 491 2133 524 interesse.

359 557 447 588 Item
474 556 572 600 quod
598 567 670 588 non
700 555 851 599 incipiet
874 554 941 587 sub
970 554 1040 587 alio
1069 554 1218 586 doctore
1246 555 1282 586 in
1310 554 1467 587 decretis
1497 555 1671 595 Pal-isius,
1699 567 1803 599 quam
1836 556 1904 588 sub
1926 569 1996 601 quo
2028 559 2136 590 suerit

268 623 488 663 licentiatus,
512 623 591 667 ipso
614 629 731 655 tamen
752 621 909 654 vivente.

357 691 446 722 Item
468 689 564 734 quod
590 688 745 733 quilibet
769 700 894 720 eorum
921 688 990 720 erit
1014 694 1208 721 contentus
1239 688 1318 720 loco
1348 688 1418 720 sibi
1447 688 1632 732 assignato
1660 700 1724 733 per
1753 689 1922 722 dominos
1951 691 2133 733 doctores7

269 768 334 788 nec
350 755 559 788 reclamabit
578 762 639 787 aut
659 754 898 787 murmurabit
919 755 1178 799 quoquomodo
1201 755 1244 787 de
1262 755 1472 799 hujusmodi
1494 755 1741 799 assignatione
1764 755 1846 788 loci.

355 822 533 866 Quodque
551 822 643 854 ultra
658 822 854 866 premissa⁵
867 833 932 865 per
946 822 1097 854 eandem
1110 821 1312 854 facultatem
1331 824 1385 864 (ex
1401 822 1511 854 certis
1522 822 1635 866 justis
1650 828 1685 854 et
1701 822 1985 856 racionabilibus
2000 826 2133 866 causis⁷

267 889 415 921 eosdem
429 889 597 921 dominos
612 889 782 921 doctores
799 888 842 921 ad
858 888 924 920 hcc
936 889 1036 932 juste
1049 888 1314 929 moventibus⁵7
1334 895 1371 921 ut
1392 901 1471 921 cum
1487 889 1556 933 ipsi
1575 901 1686 933 super
1703 890 1951 934 assignatione
1973 890 2135 924 locorum

267 956 429 1000 Ipsorum
451 955 755 988 licentiandorum
779 955 981 987 secundum
1003 967 1130 987 eorum
1153 956 1396 988 conscientias
1413 957 1511 999 juste
1534 963 1567 988 et
1589 957 1761 988 canonice
1789 957 1989 1000 procedere
2015 958 2134 991 inten-

266 1023 405 1065 derent)
425 1022 629 1055 ordinatum
651 1028 737 1063 erat,
766 1022 863 1066 quod
885 1021 1039 1066 quilibet
1064 1022 1366 1055 licentiandorum
1393 1022 1662 1066 sepedictorum
1690 1030 1962 1056 contentaretur
1987 1025 2030 1056 de
2052 1025 2132 1057 loco

266 1089 336 1121 sibi
362 1101 427 1133 per
447 1089 564 1122 dictos
585 1089 754 1121 dominos
776 1089 946 1121 doctores
972 1089 1210 1133 assignando,
1234 1101 1300 1121 nec
1322 1101 1433 1133 super
1453 1089 1663 1133 hujusmodi
1689 1090 1938 1134 assignatione
1967 1103 2132 1135 quoquo-

266 1156 373 1188 modo
396 1162 636 1188 murmuraret
657 1167 721 1188 seu
745 1155 882 1199 aliquid
905 1155 940 1187 in
966 1155 1185 1187 contrarium
1209 1156 1401 1188 occasione
1423 1155 1634 1200 hujusmodi
1655 1157 1787 1188 faceret
1808 1156 1865 1189 vel
1891 1164 2129 1202 attemptaret,

263 1223 365 1267 ipsos
379 1223 600 1255 examinatos
617 1229 652 1254 et
667 1222 710 1255 ad
725 1222 934 1266 hujusmodi
951 1222 1132 1255 licentiam
1152 1223 1416 1267 presentandos
1432 1223 1646 1255 summando
1664 1230 1696 1255 et
1715 1224 1936 1267 requirendo
1952 1231 2131 1268 quatenus

262 1289 470 1334 hujusmodi
493 1296 622 1322 statuta
645 1301 743 1321 more
766 1289 874 1321 solito
897 1301 966 1321 una
988 1301 1068 1321 cum
1091 1289 1319 1321 ordinatione
1343 1289 1682 1333 predictajurarent
1705 1301 1711 1321 ;
1737 1296 1820 1322 tunc
1839 1290 1932 1322 idem
1956 1292 2131 1336 magister

264 1356 387 1389 Simon
403 1357 447 1388 de
469 1355 723 1400 Lucemburgo
744 1368 947 1400 omnesque
971 1356 1031 1388 alii
1049 1362 1084 1388 et
1105 1356 1242 1400 singuli
1265 1356 1478 1400 singillatim
1497 1362 1532 1388 ct
1553 1357 1787 1396 suc[c]essive
1806 1363 1934 1389 statuta
1957 1359 2127 1402 superius

263 1419 398 1456 inserta
428 1435 497 1455 una
528 1435 608 1455 cum
640 1423 800 1467 predicta
831 1422 1060 1455 ordinatione
1092 1429 1228 1463 tenere,
1261 1422 1445 1466 complere
1471 1429 1506 1455 et
1535 1422 1794 1455 inviolabiliter
1824 1423 2031 1465 observare7
2064 1438 2130 1458 nec

262 1497 387 1523 contra
407 1490 525 1522 facere
550 1490 607 1522 vel
630 1490 755 1522 venire
777 1501 842 1534 per
865 1501 903 1522 se
925 1490 981 1522 vel
1003 1489 1125 1530 alium7
1149 1489 1286 1522 directe
1308 1489 1365 1522 vel
1388 1489 1579 1528 indirecte,
1603 1502 1691 1534 pure
1708 1490 1764 1522 vel
1782 1490 1896 1523 libere
1918 1504 1957 1523 ac
1979 1504 2074 1524 mera
2097 1499 2131 1525 et

262 1564 462 1602 spontanea
479 1557 679 1597 voluntate,
698 1557 802 1589 tactis
820 1568 964 1601 percos
982 1563 1158 1589 eteorum
1177 1556 1377 1600 quemlibet
1394 1556 1610 1588 manualiter
1625 1558 1870 1590 sacrosanctis
1888 1559 2128 1603 euvangeliis,

257 1625 474 1668 juraverunt
502 1630 536 1656 et
557 1623 818 1668 promiserunt,
850 1630 886 1655 et
915 1635 1039 1655 eorum
1072 1623 1225 1667 quilibet
1251 1623 1388 1667 juravit
1422 1630 1456 1655 ct
1487 1623 1666 1667 promisit.
1701 1624 1753 1655 De
1785 1630 1819 1656 et
1850 1636 1961 1669 super
1995 1625 2129 1669 quibus

263 1690 453 1735 premissis
479 1689 650 1722 omnibus
678 1696 713 1722 et
738 1689 896 1734 singulis
928 1690 1054 1734 prefati
1083 1689 1221 1722 domini
1252 1690 1421 1722 doctores
1451 1701 1514 1733 pro
1543 1696 1578 1721 et
1608 1690 1755 1722 nomine
1782 1690 1876 1722 dicte
1904 1691 2083 1724 facultatis
2111 1705 2127 1725 a

261 1757 369 1790 nobis
387 1757 539 1789 notariis
561 1757 753 1801 pecierunt
773 1756 844 1789 sibi
865 1756 944 1788 fieri
964 1756 1148 1801 publicum
1172 1757 1453 1788 instrumentum
1477 1768 1586 1788 unum
1605 1756 1661 1788 vel
1681 1756 1781 1801 plura
1804 1758 1954 1789 eandem
1977 1759 2127 1791 sormam

261 1824 499 1857 continentia.

348 1891 436 1923 Acta
456 1892 605 1923 fuerunt
625 1890 691 1922 hec
712 1890 793 1922 loco
817 1890 989 1934 superius
1012 1890 1204 1934 designato
1226 1889 1295 1922 sub
1320 1902 1429 1930 anno,
1452 1890 1668 1929 indictione,
1696 1902 1834 1931 mense,
1864 1891 1922 1923 die
1949 1898 1984 1924 et
2009 1893 2128 1936 ponti-

260 1958 366 1990 ficatu
387 1957 521 2002 quibus
542 1969 664 2002 supra,
690 1956 925 2001 presentibus
947 1957 990 1989 ad
1011 1956 1077 1989 hec
1099 1957 1269 1989 discretis
1295 1957 1384 1989 viris
1407 1956 1573 1988 Dionisio
1599 1957 1820 1989 Courteiller
1843 1956 1994 1998 bidello‚
2024 1959 2128 1991 Guil-

259 2024 368 2057 lelmo
389 2024 529 2058 Guiotti
550 2023 748 2064 subidello‚
772 2030 806 2056 et
827 2023 964 2056 Thoma
978 2023 1172 2056 Baseilliau
1194 2023 1371 2056 servitore
1389 2023 1484 2055 dicte
1502 2023 1681 2056 facultatis
1699 2024 1943 2065 decretorum,
1966 2026 2126 2058 Parisius

259 2090 582 2131 commorantibus,
606 2090 761 2123 testibus
783 2090 826 2122 ad
850 2090 1027 2134 premissa
1048 2090 1185 2123 vocatis
1208 2089 1416 2134 specialiter
1438 2096 1473 2122 et
1493 2090 1642 2134 rogatis.

349 2159 393 2190 Et
414 2169 483 2202 ego
506 2157 686 2189 Henricus
714 2157 861 2197 Camus,
890 2157 1047 2189 clericus
1077 2156 1339 2189 Silvanectens.
1363 2156 1472 2197 dioc„
1496 2168 1590 2201 mag.
1614 2157 1649 2188 in
1671 2157 1810 2189 artibus
1839 2164 1873 2189 et
1898 2157 2126 2191 bachalarius

258 2225 295 2256 in
328 2224 426 2256 decr.
462 2223 590 2260 Paris.q
627 2222 797 2268 publicus
836 2224 1049 2255 auctoritate
1090 2222 1269 2268 imperiali
1308 2223 1482 2267 curieque
1522 2223 1813 2255 conservationis
1849 2223 2123 2268 privilegiorum

258 2290 493 2324 famosissimi
515 2290 626 2323 studii
648 2290 905 2323 Universitatis
923 2290 1035 2322 Paris.
1059 2302 1097 2322 ac
1119 2290 1219 2322 curie
1241 2289 1461 2334 episcopalis
1479 2290 1642 2322 notarius
1658 2291 1815 2333 juratus,
1840 2297 1907 2322 etc.

348 2359 391 2390 Et
424 2369 493 2402 ego
519 2356 685 2389 Matheus
716 2356 881 2397 Anthini,
909 2356 1093 2401 presbiter
1120 2356 1214 2390 dioc.
1248 2357 1454 2400 Bajocens.7
1483 2356 1712 2388 bachalarius
1739 2357 1775 2388 in
1807 2357 1920 2398 decr.7
1953 2357 2122 2402 publicus

256 2424 455 2469 apostolica
473 2430 507 2456 et
527 2423 706 2468 imperiali
727 2423 1006 2456 auctoritatibus
1028 2424 1206 2464 notarius,
1229 2430 1297 2455 etc.

350 2514 456 2537 Memor.
472 2514 521 2536 sue.
537 2513 644 2539 decret„
662 2513 680 2540 1,
695 2513 739 2536 sol.
755 2513 821 2535 14111.
838 2513 892 2536 Fol.
910 2513 968 2535 14512
981 2513 1128 2535 afferuntur
1142 2512 1270 2535 licentiati
1284 2512 1367 2543 April.
1382 2513 1410 2534 '12
1422 2512 1471 2535 sub
1484 2513 1583 2535 decano
1596 2512 1736 2536 Guilletmo
1751 2513 1782 2535 de
1793 2513 1884 2544 Conty.
1900 2514 2064 2543 Suntiidem,
2079 2516 2123 2546 qui

256 2566 337 2589 supra
350 2558 518 2589 jumverunt;
530 2557 664 2580 adduntur
677 2557 804 2580 Hem-icus
816 2557 912 2580 Comus
923 2560 948 2580 et
958 2557 1105 2580 Matthaeus
1117 2557 1232 2585 Anthini,
1244 2557 1287 2588 qni
1302 2560 1388 2579 tamen
1402 2565 1484 2587 supra
1500 2556 1599 2587 scripto
1612 2557 1766 2580 documento
1778 2557 2002 2588 subscripserunt.
2016 2560 2123 2583 Summa

254 2603 372 2626 omnium
387 2603 425 2625 26.

349 2665 372 2689 1.
386 2665 434 2688 Ms.
447 2672 451 2687 z
466 2674 477 2685 α
489 2664 575 2695 primo
593 2672 615 2686 ι).
632 2664 681 2686 Sed
692 2663 824 2694 Eugenius
837 2664 870 2686 lv
885 2672 927 2686 an.
945 2664 1014 2692 1431,
1031 2663 1117 2686 Martii
1136 2663 1174 2690 1⁶2,
1191 2665 1331 2685 coronatus
1348 2666 1399 2690 est;
1417 2662 1487 2685 etsie
1504 2671 1588 2685 annus
1604 2662 1706 2693 primus
1722 2666 1791 2685 esset
1806 2671 1811 2686 ς
1828 2664 1897 2687 1431.
1910 2665 1956 2687 Ast
1969 2665 2039 2695 14:31,
2055 2666 2123 2688 Mar-

255 2710 284 2733 tii
300 2711 338 2738 28,
348 2709 457 2732 Parisiis
470 2708 584 2731 nondum
597 2708 740 2736 sciverunt,
753 2708 899 2738 Eugenium
910 2708 1021 2731 electum
1034 2716 1101 2730 esse.
1114 2707 1224 2730 Indictio
1234 2708 1267 2729 xa
1277 2707 1356 2729 etiam
1368 2710 1407 2729 est
1418 2715 1459 2730 an.
1474 2707 1541 2730 1432.
1550 2720 1580 2724 —
1591 2707 1614 2731 2.
1629 2707 1664 2730 De
1677 2707 1759 2730 nobili
1771 2716 1874 2738 genere,
1887 2716 1928 2731 an.
1942 2709 2002 2732 ‘1425
2014 2717 2120 2740 pram-0.

256 2754 359 2785 gativas
375 2762 390 2776 a
406 2753 517 2776 Martino
533 2752 608 2784 petiit
626 2753 730 2783 (Suppl.
747 2753 822 2776 Mart..
836 2753 865 2782 V⁷
878 2757 906 2775 n⁰
922 2753 975 2781 186,
997 2753 1041 2775 sol.
1058 2753 1121 2781 157).
1138 2765 1163 2769 —
1177 2751 1200 2776 3.
1220 2752 1340 2774 Fortasse
1358 2753 1437 2774 fratre
1455 2751 1559 2774 Roberti
1575 2751 1690 2781 Joliveti,
1714 2755 1748 2781 et,
1767 2755 1795 2774 ut
1811 2752 1869 2781 istc,
1890 2753 1960 2783 put-ti
1977 2754 2121 2785 Anglorum

255 2798 446 2826 addictissimo,
469 2797 514 2828 qui
530 2805 572 2820 an.
586 2797 646 2820 ‘1449
662 2796 827 2819 clementiam
842 2796 929 2819 Caroli
943 2797 987 2819 Vll
1004 2796 1145 2819 invocavit.
1161 2795 1218 2818 Vid.
1236 2796 1354 2819 Thomas
1367 2795 1466 2824 Rasin,
1484 2796 1554 2819 Hist.
1571 2797 1603 2818 (Ie
1617 2795 1730 2820 Charles
1756 2795 1810 2819 VII
1819 2801 1844 2820 et
1857 2798 1889 2820 de
1904 2797 1990 2821 Louis
2009 2798 2061 2828 XI⁷
2079 2800 2120 2822 ed.

254 2843 421 2872 chnmzn,
436 2843 456 2871 1,
473 2843 514 2869 14;
532 2842 574 2870 lV,
592 2842 644 2866 185.
662 2841 702 2864 Cs.
718 2841 802 2865 Μόνη.
817 2842 851 2865 de
864 2841 892 2865 la
902 2848 954 2865 soc.
972 2843 1017 2865 des
1031 2840 1210 2870 antiquaires
1226 2842 1257 2864 de
1273 2840 1455 2867 Nor-mandit»,
1473 2839 1548 2868 XXX,
1565 2849 1591 2871 p.
1608 2840 1651 2863 127
1665 2848 1705 2871 sq.
1723 2853 1747 2857 —
1759 2840 1783 2865 4.
1798 2841 1846 2864 Ms.
1864 2849 1868 2864 z
1885 2850 1896 2864 «
1910 2842 2044 2872 promissa
2063 2852 2120 2867 ,Ἀ-

256 2886 279 2911 5.
296 2888 342 2911 Ms.
359 2895 363 2910 2
382 2897 394 2909 «
412 2890 545 2909 moventes
559 2896 581 2909 n.
