2502 3418
413 342 480 377 588
751 366 754 370 -
990 351 1307 374 annTULAan
1343 350 1534 374 UNIVERS.
1570 351 1700 374 rmus.
1911 351 1920 370 1
2172 338 2285 375 ’[1436

413 427 474 451 11110
486 427 594 451 XXXVI.
612 444 640 452 ...
654 427 735 451 Leues
748 430 774 450 et
790 426 909 458 publiees
924 435 954 450 en
968 426 1105 458 jugement
1118 434 1148 449 en
1164 425 1313 449 l'auditoire
1328 425 1374 448 des
1394 425 1480 449 esleuz
1498 426 1512 449 u
1527 426 1601 449 Puris
1620 434 1665 449 sur
1682 426 1706 449 le
1725 425 1772 449 fait
1787 425 1833 449 des
1851 425 1925 449 uides
1943 442 1972 450 ...
1990 426 2014 449 le
2034 425 2109 449 lundi
2126 425 2163 457 iiij
2177 425 2238 457 jour
2253 426 2285 450 de

413 471 504 503 Juing.
519 485 550 489 —-
562 472 640 495 Lecta
659 475 684 495 et
700 471 836 503 publicata
850 471 875 494 in
892 479 997 494 camera
1019 471 1137 494 thesauri
1154 470 1179 493 in
1200 478 1251 501 qun
1269 473 1344 492 erunt
1358 470 1420 493 Joh„
1435 470 1467 493 de
1486 470 1512 493 la
1532 470 1658 494 Fontnine
1722 478 1770 501 per
1784 478 1854 501 mag.
1870 471 1977 493 Petrum
1990 469 2110 501 Muugier
2125 478 2194 493 unno
2209 471 2284 494 Dum.

414 516 438 539 M
450 516 531 540 CCCC
543 516 651 544 XXXVI,
669 516 711 540 die
725 516 786 539 lune
801 519 895 548 quartu
911 516 1009 539 mensis
1024 515 1096 539 Junii
1165 514 1495 548 presentibusyenerunde
1510 515 1755 546 circumspectionis
1776 523 1805 538 ac
1822 514 1929 538 scientie
1948 514 2013 538 viris
2029 514 2135 538 Nicolao
2154 514 2284 546 D'Auchy,

414 564 515 584 rectore
535 561 734 590 Universitatis,
750 569 820 591 mng.
837 560 972 591 Stephano
985 560 1065 583 Bur-et
1080 559 1106 582 in
1121 559 1213 587 theol„
1232 567 1302 590 mag.
1322 559 1398 582 Petro
1409 559 1530 582 columbi
1542 559 1641 582 decano
1652 562 1677 583 et
1690 559 1716 583 in
1733 559 1863 583 medicina
1876 559 2016 591 magistro,
2026 559 2146 583 ‚Iohanne
2161 559 2192 583 de
2208 559 2285 583 Oliva

414 605 528 628 nationis
553 605 670 634 Francie,
693 605 804 628 ilenrico
828 605 922 636 Lurys,
940 608 994 627 nat.
1017 603 1186 632 Normnnnie,
1209 603 1322 627 Roberto
1343 603 1479 632 Esschinc,
1504 607 1558 627 nat.
1576 604 1720 634 Alemnnie,
1742 603 1971 635 procuratoribus,
1994 612 2054 626 cum
2075 603 2198 635 pluribus
2224 604 2284 627 uliis

415 649 561 681 magistris.
575 650 613 673 lta
629 653 678 673 est.
693 650 834 673 Blnxtssz
848 658 870 673 i).
882 662 915 666 —
931 649 1059 673 Vidimus
1074 656 1116 671 an.
1134 649 1203 678 1457,
1219 647 1340 671 Decemb.
1357 648 1395 677 111,
1412 647 1509 671 ibidem
1521 649 1549 672 A.
1565 650 1588 672 9.
1604 650 1622 672 f.
1638 649 1716 672 Arch.
1728 652 1781 672 nat.
1794 648 1888 677 Puris„
1902 648 1922 671 Y
1934 649 1948 671 4
1962 648 2048 678 (Livre
2058 651 2116 671 vert
2125 646 2202 671 vieux
2214 649 2240 671 2⁸
2250 649 2284 671 du

415 694 552 724 ChAtelet),
566 694 610 718 sol.
626 695 649 718 9.
664 694 778 718 Recueiz
793 695 838 718 cles
850 693 1009 724 privileyes,
1023 702 1050 724 p.
1065 693 1103 716 15.
1116 693 1192 722 Bu„
1209 692 1237 720 V,
1252 700 1279 723 p.
1295 693 1351 715 438.
1369 693 1494 717 Ordonn.
1509 694 1556 717 des
1571 694 1638 721 rois,
1653 693 1720 721 xm,
1737 701 1764 724 p.
1779 693 1834 717 219.

510 777 534 803 1.
551 779 570 802 l.
587 787 610 802 e.
622 778 796 801 cancellarius
812 777 946 805 Franciae,
962 776 1124 808 Reginaldus
1142 776 1359 808 archiepiscopus
1376 777 1495 800 Remens.

414 989 558 1026 2487.
588 998 762 1025 Πηίνενείίαε
782 998 878 1024 Paris.
905 997 1007 1023 θαι-οἷο
1033 998 1087 1024 Vll
1101 997 1258 1034 supplicat,
1277 1000 1307 1023 ut
1327 997 1408 1034 apud
1421 1006 1533 1034 papam
1548 1000 1576 1024 et
1595 998 1750 1025 Concilium
1772 998 1807 1025 de
1824 998 2029 1035 suppressione
2050 998 2280 1033 Universitatum,

497 1048 655 1083 praecipue
673 1046 799 1081 Cadomi,
819 1051 846 1073 et
855 1046 1033 1081 facultatum
1046 1046 1155 1073 noviter
1172 1050 1331 1073 erectarum
1349 1056 1380 1073 se
1396 1047 1569 1084 interponat.

1554 1137 1634 1167 1436,
1648 1139 1711 1169 post
1724 1137 1793 1163 Jmu'i
1805 1137 1864 1166 2-4,
1879 1136 1995 1163 Parisiis.

500 1226 575 1269 Roy
596 1230 670 1257 tres
691 1224 862 1265 erestien,
879 1230 954 1257 tres
974 1224 1075 1257 hault
1092 1230 1127 1257 et
1147 1230 1222 1257 tres
1244 1223 1425 1257 excellent
1440 1223 1579 1270 prince,
1602 1231 1727 1258 nostre
1749 1224 1943 1258 souverain
1967 1223 2154 1270 seigneur.
2181 1219 2282 1258 Nous

409 1303 502 1324 nous
518 1291 823 1324 recommandons
844 1297 920 1324 tant
940 1291 1023 1336 plus
1044 1290 1295 1324 humblement
1316 1303 1385 1336 que
1406 1290 1495 1324 faire
1511 1303 1653 1336 povons
1674 1292 1692 1324 ὲ
1708 1298 1831 1325 vostre
1848 1297 1922 1324 tres
1943 1290 2052 1325 noble
2074 1290 2281 1324 excellence

410 1365 444 1391 et
460 1357 559 1403 royal
576 1358 744 1402 majesffi,
766 1364 801 1391 et
820 1369 912 1391 vous
929 1357 1044 1403 plaise
1062 1357 1194 1398 savoir,
1210 1364 1334 1391 nostre
1352 1358 1548 1391 souverain
1567 1357 1755 1403 seigneur,
1774 1370 1844 1403 que
1862 1370 1939 1403 ung
1955 1358 2020 1391 des
2034 1369 2144 1403 grans
2161 1357 2281 1391 desirs

409 1425 582 1470 qu’avons
599 1437 645 1457 en
667 1437 707 1458 ce
730 1424 861 1457 monde
883 1425 972 1457 c'est
992 1425 1037 1457 de
1058 1424 1161 1458 veoir
1181 1431 1304 1458 vostre
1326 1431 1401 1457 tres
1417 1424 1539 1458 haulte
1561 1424 1772 1469 seigneurie
1794 1431 1828 1458 et
1848 1425 1947 1470 royal
1963 1426 2113 1470 majeste
2130 1436 2280 1470 person-

408 1491 592 1524 nelement
609 1498 705 1524 estre
723 1503 767 1524 en
789 1498 888 1524 toute
910 1491 1116 1536 prosperite
1138 1497 1172 1524 et
1193 1491 1265 1524 bon
1287 1497 1380 1524 estat
1395 1503 1440 1524 en
1461 1497 1560 1524 ceste
1576 1498 1699 1525 vostre
1716 1491 1839 1524 bonne
1854 1491 1942 1525 ville
1962 1498 1997 1524 et
2012 1491 2082 1524 cite
2103 1491 2147 1524 de
2164 1490 2278 1533 Paris,

408 1571 452 1591 en
473 1558 631 1604 laquelle
652 1570 746 1591 nous
767 1564 802 1591 et
822 1565 904 1591 tous
925 1570 990 1591 vos
1012 1557 1106 1591 bons
1129 1557 1258 1603 subgiz
1278 1565 1354 1591 tres
1375 1558 1599 1591 ardamment
1621 1565 1655 1591 et
1676 1558 1720 1591 de
1741 1566 1824 1591 tous
1843 1570 1911 1591 nos
1932 1570 2065 1591 cuenrs
2085 1558 2280 1591 attendons

406 1632 530 1659 vostre
550 1637 668 1659 venue
691 1632 764 1658 tres
786 1625 948 1666 desiree3
974 1624 1127 1658 suchans
1148 1625 1411 1658 certaineinent
1431 1637 1514 1670 que,
1538 1625 1595 1659 s‘il
1615 1625 1725 1671 plaist
1747 1627 1766 1658 a
1785 1632 1909 1659 vostre
1930 1632 2005 1658 tres
2033 1625 2142 1658 noble
2163 1625 2282 1658 excel-

406 1692 509 1725 lence
530 1705 624 1726 nous
641 1692 836 1725 briesment
851 1692 991 1733 visi'ter,
1014 1699 1138 1725 vostre
1161 1699 1235 1725 tres
1257 1692 1378 1725 desire
1399 1692 1641 1725 advenement
1661 1704 1741 1726 sera
1758 1699 1832 1725 tres
1850 1691 2068 1737 prousitable
2089 1694 2107 1725 a
2129 1698 2227 1726 toute
2247 1691 2281 1725 la

405 1759 517 1793 chose
538 1759 714 1805 publique
743 1759 787 1792 de
807 1766 930 1792 vostre
951 1755 1124 1804 roy'alme,
1147 1766 1181 1792 et
1206 1759 1467 1804 specialement
1492 1759 1535 1792 dc
1566 1765 1688 1793 vostre
1715 1759 1824 1792 noble
1845 1759 1931 1792 ville
1952 1765 1988 1792 et
2008 1759 2076 1792 cite
2098 1759 2143 1792 de
2164 1758 2280 1792 Paris-

406 1827 502 1860 etde
523 1833 601 1859 tout
622 1826 655 1859 le
670 1827 747 1872 pais
764 1826 967 1867 d'environ,
992 1833 1067 1859 tant
1084 1838 1128 1859 en
1145 1827 1366 1859 Normandie
1383 1838 1453 1871 que
1470 1826 1633 1868 ailleurs,
1652 1826 1774 1871 lequel
1790 1833 1845 1859 est
1860 1826 1903 1859 de
1918 1833 2069 1871 present
2084 1826 2280 1871 griefment

406 1893 558 1926 moleste
580 1905 643 1938 par
658 1892 713 1926 les
730 1905 823 1938 gens
841 1893 996 1926 d'armes
1019 1893 1084 1925 des
1102 1893 1209 1926 villes
1227 1899 1261 1925 et
1277 1893 1487 1926 chasteanlx
1501 1893 1679 1926 d'autour.
1703 1894 1799 1926 Pour
1815 1905 1911 1938 quoy
1927 1899 1982 1926 est
1996 1893 2191 1938 expedient
2207 1904 2277 1938 que

406 1972 469 2006 par
488 1967 611 1994 vostre
632 1967 706 1993 tres
727 1960 836 1993 noble
865 1959 1088 2004 providence
1113 1972 1135 2005 y
1155 1959 1227 1993 soit
1247 1960 1316 1993 mis
1344 1960 1505 2002 reincde,
1528 1972 1587 1993 car
1607 1960 1825 1993 aultrement
1845 1966 1923 1992 tout
1946 1959 1980 1992 le
2002 1959 2079 2005 pais
2101 1959 2162 2004 qui
2183 1966 2239 1993 est
2259 1961 2277 1993 a

403 2034 526 2061 vostre
547 2027 656 2060 noble
673 2027 885 2072 seigneurie
907 2034 981 2060 tres
1002 2026 1190 2060 obeissant
1206 2034 1241 2060 et.
1261 2027 1346 2060 bien
1366 2027 1542 2060 vueillant
1563 2039 1642 2060 sera
1664 2039 1708 2060 en
1729 2026 1828 2059 brief
1845 2032 1922 2060 tout
1940 2029 2034 2072 gate.

494 2095 594 2127 Nous
615 2106 727 2128 avons
749 2106 792 2127 eu
815 2106 859 2126 en
882 2106 1031 2138 propos,
1053 2102 1178 2126 nostre
1200 2094 1395 2127 souverain
1417 2094 1605 2139 seigneur,
1629 2093 1741 2127 soubz
1761 2100 1884 2127 vostre
1906 2099 1979 2126 tres
1999 2092 2109 2126 noble
2133 2093 2278 2127 vouloir

407 2168 441 2194 et
461 2161 665 2194 correction
687 2161 823 2194 escrire
845 2166 921 2193 tant
940 2163 958 2193 a
979 2167 1103 2193 nostre
1125 2159 1220 2193 saint
1240 2164 1326 2205 pere
1347 2160 1380 2193 le
1402 2172 1492 2206 pape
1514 2172 1583 2205 que
1613 2173 1656 2193 an
1679 2160 1773 2193 saint
1793 2160 1944 2194 Concile
1966 2160 2010 2192 de
2032 2160 2138 2193 Basle
2159 2172 2223 2193 sur
2243 2159 2276 2193 le

407 2228 469 2261 fait
489 2228 687 2261 d⁷aucunes
708 2227 930 2260 universites
953 2227 1227 2260 nouvelleinent
1246 2227 1400 2260 sondees
1429 2239 1475 2260 ou
1503 2227 1656 2260 sacultcs
1677 2227 1865 2272 ampliees.
1886 2227 1915 2259 A
1942 2226 2138 2260 l'occasion
2164 2226 2209 2260 de
2235 2238 2277 2260 ce

408 2307 477 2339 que
498 2301 596 2327 ceste
617 2294 702 2328 ville
720 2294 764 2327 de
781 2294 881 2327 Paris
903 2294 1011 2326 estoit
1032 2293 1063 2326 si
1083 2289 1324 2339 longuenient
1352 2306 1397 2327 en
1418 2294 1450 2327 la
1477 2294 1572 2327 main
1607 2294 1651 2326 de
1680 2306 1746 2327 voz
1768 2293 1946 2335 ennemis,
1972 2306 2065 2339 pour
2094 2305 2190 2338 quoy
2218 2293 2278 2339 n'y

408 2362 503 2394 avoit
524 2373 586 2406 pas
608 2373 693 2394 seur
713 2373 816 2394 accez
846 2373 939 2406 pour
959 2373 1024 2394 voz
1046 2360 1175 2406 snbgiz
1192 2367 1227 2393 et
1251 2360 1461 2401 obeissans,
1484 2360 1642 2406 laquelle
1663 2361 1774 2393 chose
1796 2361 1945 2394 n'avons
1967 2372 2030 2406 pas
2051 2359 2162 2394 voulu
2186 2358 2275 2393 faire

408 2439 492 2461 sans
514 2440 576 2461 sur
596 2440 636 2460 ce
663 2428 829 2473 requerir
848 2434 971 2461 vostre
993 2434 1067 2460 tres
1088 2427 1198 2460 noble
1228 2427 1449 2472 providence
1481 2427 1592 2473 royal.
1620 2429 1663 2460 Et
1689 2426 1797 2469 donc,
1819 2434 1945 2461 nostre
1971 2427 2166 2461 souverain
2204 2426 2276 2460 sei-

404 2507 534 2539 gneur,
557 2495 703 2527 attendn
722 2507 792 2539 que
808 2498 895 2539 [par]
914 2494 947 2527 la
968 2506 1090 2539 mercy
1107 2494 1151 2526 de
1169 2501 1294 2527 nostre
1317 2501 1483 2527 createur
1503 2501 1601 2527 ceste
1618 2494 1703 2528 ville
1725 2501 1761 2527 et
1781 2494 1849 2527 cite
1867 2494 1911 2527 de
1929 2493 2029 2527 Paris
2051 2500 2107 2526 est
2127 2493 2175 2526 du
2196 2499 2276 2527 tout

408 2561 549 2594 reduite
571 2564 588 2594 ἱι
614 2568 736 2594 vostro
758 2561 879 2594 bonne
901 2560 1131 2602 obeissance,
1153 2567 1188 2593 et
1209 2573 1279 2606 quc
1305 2561 1349 2594 de
1370 2568 1492 2594 vostre
1518 2567 1592 2594 tres
1614 2561 1774 2605 benigne
1799 2561 1983 2594 cleinence
2003 2573 2025 2606 y
2045 2566 2153 2606 peust
2172 2559 2277 2593 venir

408 2628 570 2660 estudier
589 2640 680 2672 gens
702 2628 745 2660 de
768 2635 887 2660 toules
909 2628 1058 2673 regions
1075 2639 1215 2660 comme
1237 2640 1279 2660 au
1294 2622 1375 2660 'lieu
1397 2628 1441 2660 de
1462 2627 1605 2669 liberte,
1628 2627 1732 2673 ainsy
1753 2639 1822 2672 que
1844 2627 1889 2660 ilz
1909 2627 2081 2660 saisoient
2096 2625 2276 2660 audevant

409 2706 477 2738 que
501 2694 569 2727 elle
590 2695 686 2727 seust
706 2698 864 2739 occupee
888 2707 951 2739 par
976 2694 1101 2727 vozdiz
1122 2694 1300 2736 ennemiz,
1325 2695 1351 2727 il
1371 2706 1462 2728 vous
1484 2694 1598 2740 plaise
1619 2695 1663 2727 de
1685 2701 1807 2728 vostre
1829 2695 1936 2740 grace
1957 2693 2115 2739 especial
2138 2692 2274 2726 escrire

407 2773 474 2792 anx
495 2761 684 2793 dessusdiz
706 2767 829 2793 nostre
847 2762 939 2794 saint
964 2765 1050 2806 pere
1072 2768 1106 2794 et
1127 2761 1221 2794 saint
1246 2761 1409 2803 Concile,
1433 2774 1502 2806 que
1523 2762 1578 2795 les
1600 2762 1829 2795 Universitez
1846 2773 1892 2794 ou
1913 2760 2066 2794 facultez
2086 2759 2275 2793 nouvelle·

407 2833 505 2859 ment
525 2827 675 2859 sondees
697 2839 742 2859 ou
764 2827 936 2872 ampliees
958 2830 976 2860 a
992 2828 1187 2861 l'occasion
1210 2828 1421 2862 dessusdite
1443 2828 1563 2862 soient
1582 2828 1721 2861 abolies
1743 2840 1788 2861 en
1805 2827 2088 2873 contemplation
2109 2826 2153 2859 de
2169 2832 2272 2860 votre

407 2893 535 2925 devote
557 2893 628 2925 fille
660 2893 892 2926 l’Universite
914 2894 958 2926 de
984 2895 1099 2934 Paris,
1122 2894 1279 2940 laquelle
1301 2902 1356 2928 est
1377 2895 1421 2928 de
1447 2902 1546 2928 toute
1567 2895 1781 2928 anciennete
1805 2906 1944 2928 comme
1972 2894 2005 2927 le
2033 2889 2139 2927 soleil
2170 2891 2273 2926 lumi-
