2502 3418
395 344 460 378 628
970 353 1292 377 CHARTULAIUUM
1328 351 1520 376 UN1VERS.
1558 354 1689 376 muts.
2160 340 2259 379 [1442

490 431 598 455 Memor.
615 431 665 453 sac.
682 431 788 459 decret.⁷
803 431 822 459 Ι,
839 430 884 453 sol.
898 431 952 454 207.
967 430 1092 461 Sequitur
1109 438 1114 452 1
1132 438 1143 452 «
1159 430 1225 453 Nota
1241 429 1310 460 quod
1326 437 1340 451 a
1358 429 1400 452 die
1413 429 1603 460 assignationis
1617 429 1715 453 decreti
1728 429 1839 461 quilibet
1853 430 1944 453 doctor
1959 430 2052 453 habuit
2067 434 2188 462 quartum
2205 431 2260 455 vini

395 474 422 497 in
444 475 486 498 die
502 483 584 506 usque
603 478 664 506 post
685 475 836 498 clausuram
855 474 994 504 examinis,
1010 483 1056 497 nec
1077 474 1212 505 antiquior
1233 474 1324 496 doctor
1343 482 1390 497 nee
1405 474 1520 497 decanus
1535 474 1685 497 habuerunt
1699 474 1760 505 plus
1777 482 1855 506 quam
1871 483 1950 497 unam
1970 478 2092 506 quartam
2112 485 2135 498 n.
2156 489 2186 493 --
2201 475 2259 499 Vid.

396 527 478 550 supra
493 528 535 543 an.
552 520 620 548 1434,
636 519 720 550 April.
736 521 759 543 4.

491 604 515 629 1.
532 605 650 628 Decunus
665 604 772 628 Livinus
788 604 912 627 Neuelinc
927 612 941 626 a
956 604 1083 627 Novemb.
1099 605 1113 625 9
1124 612 1166 628 an.
1183 603 1324 631 1441-1442,
1339 603 1465 627 Novemb.
1483 604 1521 626 10.
1536 604 1586 627 Sed
1599 604 1654 635 jam
1669 612 1712 628 an.
1729 604 1789 627 1443
1806 604 1945 627 defunctus
1961 607 2010 627 est.
2024 618 2051 622 —
2067 604 2090 628 2.
2105 604 2125 627 1.
2141 612 2164 628 e.
2180 604 2261 628 Chuf-

398 650 458 672 sart.

398 776 543 813 2565.
567 785 704 811 Facultas
720 785 897 811 decretorum
913 784 1067 819 magistros
1080 788 1172 810 monet
1186 788 1216 810 ut
1228 784 1263 810 de
1278 784 1520 810 baccalareandis
1533 788 1612 811 certa
1628 785 1792 811 testimonia
1806 787 1919 820 ferant;
1930 784 2083 811 candidati
2095 794 2130 812 xv
2143 785 2262 814 cedulas

488 839 655 861 monstrent.

1663 871 1738 901 1442,
1753 871 1813 897 unii
1825 872 1849 901 9,
1865 871 1979 898 Parisiis.

487 959 548 999 [ἱιιιᾖ
568 958 663 998 Maii]
683 958 750 991 suit
770 965 959 991 accusatus
981 958 1146 991 Andreas
1168 958 1296 991 Monili
1318 965 1549 1003 presentatus
1574 959 1617 991 ad
1644 971 1793 992 examen
1814 959 1912 1004 quod
1936 959 2053 992 solum
2080 971 2144 992 sex
2164 971 2263 991 men-

398 1025 501 1058 sibus
531 1026 667 1069 injure
694 1025 868 1058 canonico
899 1025 1062 1058 Parisius
1089 1025 1305 1067 studuisset,
1338 1033 1487 1071 propter
1507 1026 1605 1071 quod
1631 1026 1792 1071 deputati
1817 1027 1965 1059 suerunt
1990 1026 2127 1059 domini
2153 1025 2263 1059 abbas

398 1093 545 1135 Gaud[ii
566 1092 713 1133 Vallis]¹
737 1099 772 1125 et
791 1093 891 1137 prior
912 1092 956 1125 de
982 1094 1097 1125 Becco
1119 1093 1162 1126 ad
1185 1105 1223 1126 se
1244 1093 1508 1126 informandos.
1532 1095 1576 1126 Et
1595 1094 1685 1126 facta
1706 1093 1882 1126 relatione
1904 1094 1973 1126 suit
1992 1093 2205 1127 conclusum
2228 1100 2266 1126 ut

398 1172 520 1204 supra.
536 1159 591 1192 Ab
608 1159 672 1192 hac
690 1159 748 1192 die
765 1159 802 1191 in
818 1166 922 1192 antea
939 1159 1108 1192 doctores
1125 1160 1430 1193 admittendorum
1445 1160 1488 1193 ad
1505 1160 1784 1193 bachalariatum
1802 1161 2000 1206 diligenter
2016 1173 2055 1193 se
2069 1161 2267 1193 informent

398 1226 442 1259 de
465 1232 558 1259 statu
580 1238 728 1259 suorum
751 1226 947 1259 scolarium
975 1233 1010 1259 et
1030 1227 1190 1260 reserant
1213 1227 1385 1268 fideliter,
1407 1234 1441 1260 et
1463 1227 1560 1272 quod
1582 1239 1654 1260 non
1680 1227 1916 1260 admittantur
1936 1228 2047 1273 aliqui
2073 1227 2117 1260 de
2143 1234 2265 1261 cetero

399 1293 470 1326 nisi
491 1293 647 1326 habeant
666 1305 712 1327 xv
728 1293 890 1335 cedulas,
913 1300 949 1327 et
969 1294 1068 1339 quod
1089 1294 1149 1327 fiat
1169 1295 1389 1327 informatio.

491 1392 598 1415 Memor.
615 1393 665 1415 fae.
679 1392 786 1422 decret„
803 1393 824 1421 Ι,
839 1393 884 1416 sol.
901 1393 955 1416 211.

491 1475 517 1501 1.
533 1477 666 1501 Johannes
683 1477 774 1509 Topeti
780 1494 786 1501 .

400 1586 545 1623 2566.
572 1596 734 1632 Capitulum
755 1596 891 1631 generale
912 1596 1027 1622 Cisterc.
1050 1596 1175 1631 ordinat,
1195 1596 1272 1632 quod
1293 1598 1331 1631 fr.
1351 1596 1532 1633 ΑνιιιιὶμΙιιιε1
1560 1597 1729 1622 monasterii
1744 1597 1780 1622 de
1799 1597 1929 1623 Ellantio
1953 1606 1972 1623 a
1996 1599 2071 1632 sesto
2094 1598 2122 1623 S.
2146 1597 2270 1632 Remigii

495 1648 632 1674 lecturam
651 1648 766 1674 Bibliae
782 1648 962 1674 ordinariam
979 1648 1007 1673 in
1026 1648 1150 1682 Collegio
1165 1650 1193 1675 S.
1211 1649 1355 1674 Bernardi
1370 1653 1548 1684 exsequatur
1563 1653 1590 1674 el
1607 1658 1697 1684 usque
1715 1649 1755 1674 ad
1769 1650 1875 1683 festum
1892 1650 1924 1675 B.
1942 1649 2056 1674 Mariae
2074 1649 2268 1684 Magdalenae

490 1698 596 1724 ibidem
612 1698 750 1724 resideat.
768 1698 800 1724 21
817 1697 974 1723 abbatibus
988 1698 1155 1733 injungitur,
1172 1701 1203 1723 ut
1217 1697 1364 1724 scholares
1381 1698 1513 1724 Parisios
1529 1698 1654 1724 mittant,

1539 1788 1615 1817 7442,
1630 1788 1791 1820 Septembris
1807 1789 1843 1818 12,
1861 1788 1985 1815 eistat-citt

495 1877 607 1902 Constit.
622 1880 648 1900 et
663 1877 749 1908 Capit.
764 1876 874 1900 Cisterc.
890 1876 916 1899 in
932 1875 1010 1899 Areh.
1024 1878 1109 1899 status
1127 1876 1246 1904 Luzern.‚
1264 1884 1314 1899 ms.
1329 1876 1383 1906 544,
1396 1884 1424 1907 p.
1440 1876 1485 1899 724
1500 1884 1560 1908 sqq.

495 1964 520 1989 1.
537 1964 587 1992 Qui
601 1971 643 1987 an.
657 1963 718 1986 1445
732 1966 760 1986 ut
773 1962 856 1985 abbas
873 1962 980 1985 Ellantii
994 1960 1119 1985 occurrit.
1138 1962 1212 1985 Gall.
1227 1961 1332 1990 christ.,
1350 1962 1392 1990 lx,
1405 1970 1433 1992 p.
1448 1961 1503 1985 311.

406 2128 550 2166 2567.
576 2136 723 2163 Conclusio
740 2140 864 2173 quatuor
882 2135 1029 2162 nationum
1046 2140 1145 2162 contra
1164 2135 1284 2162 Ordines
1300 2134 1525 2162 Mendicantium
1537 2145 1546 2161 :
1560 2134 1721 2170 gradualos
1742 2138 1769 2161 et
1783 2143 1838 2161 non
1855 2133 2026 2169 graduales,
2045 2134 2186 2160 consortio
2207 2132 2272 2160 Uni-

495 2187 639 2213 versitatis
652 2186 821 2223 privandos.

1545 2221 1619 2262 7442,
1635 2220 1794 2254 Septembris
1808 2221 1854 2251 20,
1869 2220 1986 2247 Parisiis.

496 2312 601 2344 Anno
620 2310 764 2343 Domini
783 2311 879 2351 1442,
899 2310 1143 2343 Universitate
1160 2317 1354 2343 convocata
1369 2310 1405 2342 in
1423 2310 1552 2343 Sancto
1570 2310 1756 2342 Bernardo
1773 2322 1838 2354 per
1855 2309 2040 2342 dominum
2058 2308 2270 2350 rectorem¹,

408 2379 450 2411 20
471 2377 710 2423 Septembris,
734 2384 884 2422 propter
904 2377 1082 2421 quandam
1111 2376 1245 2409 bullam
1274 2377 1589 2410 contradictoriam
1617 2389 1659 2410 ex
1684 2377 1823 2409 directo
1850 2376 2055 2422 privilegiis
2082 2375 2272 2409 Universi-

409 2445 490 2477 tatis
512 2451 546 2477 et
573 2444 782 2490 specialiter
806 2444 950 2476 statutis
975 2443 1154 2476 facultatis
1180 2443 1365 2489 theologie
1393 2456 1411 2476 a
1436 2450 1591 2488 quatuor
1617 2443 1819 2477 Ordinibus
1845 2442 2131 2477 Mendicantium
2159 2442 2273 2486 impe-

409 2518 532 2544 tratam
555 2524 573 2544 a
595 2523 735 2544 summo
764 2510 949 2556 pontifice,
979 2510 1192 2543 conclusum
1225 2520 1280 2544 est
1304 2523 1369 2556 per
1396 2511 1578 2544 nationem
1603 2511 1753 2544 Francie
1775 2517 1810 2543 et
1833 2510 2069 2543 conformiter
2093 2521 2158 2554 per
2184 2508 2271 2541 alias

410 2579 588 2620 nationes,
608 2578 705 2622 quod
726 2578 958 2622 privarentur
978 2589 1105 2610 omnes
1125 2584 1195 2610 tam
1217 2578 1383 2623 graduati
1400 2590 1503 2623 quam
1527 2590 1599 2610 non
1615 2578 1782 2623 graduati
1799 2578 1978 2611 dictorum
1995 2583 2150 2622 quatuor
2166 2575 2272 2609 Ordi-

411 2658 495 2678 num
512 2658 530 2678 a
550 2645 735 2678 consortio
757 2645 1026 2686 Universitatis‚
1049 2652 1084 2678 et
1105 2645 1323 2678 unanimiter
1343 2645 1387 2678 ad
1409 2646 1712 2691 supplicationem
1733 2645 1940 2679 venerande
1965 2643 2146 2677 facultatis
2171 2642 2274 2676 theo-

410 2712 508 2757 logie
529 2712 572 2744 ab
594 2711 763 2744 omnihus
789 2711 930 2744 actibus
957 2711 1173 2754 scolasticis,
1200 2712 1316 2745 donec
1347 2719 1382 2745 et
1407 2725 1599 2758 quousque
1625 2713 1711 2746 dicti
1737 2712 1988 2746 Mendicantes
2014 2711 2274 2756 impetrassent

412 2779 514 2811 aliam
536 2778 670 2811 bullam
693 2791 818 2811 novam
841 2779 1055 2811 contrariam
1077 2779 1122 2812 de
1142 2779 1255 2813 verbo
1276 2780 1320 2812 ad
1342 2780 1492 2814 verbum
1514 2780 1574 2813 isti
1595 2780 1695 2813 bulle
1716 2792 1781 2825 per
1802 2791 1865 2812 eos
1885 2779 2074 2823 impetrate
2095 2790 2114 2810 a
2131 2788 2271 2810 summo

413 2845 613 2889 pontifice?
639 2845 808 2887 Quinimo
831 2845 936 2877 etiam
962 2846 1078 2879 voluit
1107 2846 1204 2879 natio
1233 2859 1303 2879 una
1331 2859 1411 2880 cum
1437 2847 1518 2880 aliis
1546 2847 1769 2888 nationibus,
1793 2846 1890 2892 quod
1919 2845 2039 2878 habita
2061 2856 2152 2877 nova
2172 2843 2271 2876 bulla

413 2911 590 2943 contraria
614 2911 802 2955 impetrata
828 2912 1055 2945 Universitas
1083 2912 1234 2946 haberet
1260 2913 1398 2955 videre,
1422 2914 1510 2958 quid
1536 2920 1635 2947 esset
1657 2921 1778 2947 actura
1798 2913 1842 2946 de
1863 2924 1955 2946 nova
1975 2910 2271 2956 incorporatione

2488 2948 2502 3194 -ni‹..asw.ssmr.:.i;.zffl
2486 2910 2502 2938 aja.
2500 2892 2502 2897 .
2491 2784 2502 2873 mamm„
2496 2696 2502 2703 ».
