2502 3418
274 328 371 364 1418]
619 342 667 363 AB
702 342 807 363 ANNO
842 342 1130 363 MCCCLxxxxw
1165 341 1295 368 USQUE
1331 342 1378 362 AD
1412 342 1550 363 ANNUM
1586 343 1789 365 MCCCCLH.
2071 337 2136 368 345

272 421 344 448 met
374 421 441 447 tam
469 415 604 448 nefaria
632 428 674 448 ex
704 416 839 448 nostris
870 415 1052 448 mentibus
1081 415 1296 455 dessuxisse,
1326 421 1457 448 statum
1486 422 1610 448 nostre
1639 417 1894 450 Universitatis
1922 419 2038 462 qualis
2069 419 2135 452 hoc

271 482 388 514 extitit
408 482 694 526 quinquenni0¹,
714 482 949 527 aperiendum
973 482 1154 515 duximus.

362 549 521 581 Fuerunt
540 548 636 581 enim
660 548 727 581 hoc
755 555 918 593 tempore
938 549 1006 581 viri
1034 554 1204 593 corrupte
1232 548 1456 581 affectionis*
1485 549 1579 593 apud
1606 549 1701 581 dom.
1730 556 1891 582 nostrum
1915 562 2051 595 regem,
2075 553 2135 596 qui

271 625 336 646 sue
353 614 549 647 voluntatis
570 615 706 659 impetu
728 614 819 647 hanc
837 614 962 647 urbem
980 615 1115 659 regiam
1135 621 1170 648 et
1185 626 1350 659 magnam
1373 614 1477 659 regni
1500 621 1635 659 partein
1659 622 1841 656 rexerunt,
1861 617 1921 660 qui
1943 617 2135 650 artificiosa

269 680 402 713 malitia
432 681 622 714 universas
651 681 810 714 cautelas
842 681 1026 726 tyrannice
1057 681 1242 726 pravitatis
1272 681 1309 713 in
1339 680 1406 713 1100
1436 693 1588 726 regumn
1619 682 1802 714 invexere.
1835 683 1897 714 Isti
1930 683 2024 715 enim
2057 685 2133 716 suis

268 747 521 791 complicibus,
540 754 579 780 ut
599 754 759 780 nostram
777 748 1058 781 Universitatem
1082 754 1248 780 tenerent
1263 747 1462 792 subjectam
1485 754 1520 780 et
1541 759 1694 787 servam,
1713 760 1751 780 ae
1774 749 1805 780 ei
1828 748 1919 781 viam
1944 750 2133 794 preclude-

269 820 349 846 rent
369 825 492 846 verum
515 814 726 858 predicandi
755 821 787 847 et
817 814 1012 847 salubriter
1039 802 1291 855 consulendi³,
1316 814 1417 858 plura
1444 814 1615 846 notabilia
1638 815 1826 859 supposita
1852 822 1974 848 nostra
2002 816 2045 848 ab
2071 816 2134 849 hae

268 879 357 912 urbe
380 881 677 925 proscripserunt
697 888 732 914 et
752 881 894 913 banniri
915 882 1080 914 fecerunt
1101 893 1166 926 per
1190 881 1328 914 viarum
1351 881 1518 925 compita,
1544 881 1700 914 clamore
1722 882 1890 926 preconis
1912 889 1947 915 et
1968 882 2130 915 tubarum

267 946 457 992 clangore3
480 947 571 980 alios
587 948 780 992 jusserunt
799 948 896 980 exire
919 947 1052 988 subito,
1076 960 1114 980 ac
1136 947 1356 988 exturbatos,
1386 959 1504 980 rerum
1528 959 1672 980 suarum
1695 948 1936 993 dispositione
1958 961 2030 981 non
2052 962 2133 994 per-

267 1013 388 1054 missa,
417 1014 453 1046 in
480 1014 599 1047 varios
631 1014 723 1047 fines
753 1015 967 1059 prosugere3
1000 1014 1177 1059 plurimos
1207 1015 1311 1047 etiam
1343 1021 1529 1059 ceperunt,
1560 1015 1829 1048 incarcerarunt
1853 1028 1891 1048 ac
1918 1016 2132 1060 impiissime

267 1086 520 1121 tractaverunt,
539 1087 578 1113 ut
597 1081 707 1114 ceteri
723 1080 929 1114 vehementi
951 1087 1047 1113 metu
1069 1081 1251 1126 perterriti
1274 1081 1350 1113 suis
1372 1081 1590 1125 perniciosis
1611 1081 1799 1114 affectibus
1816 1094 1888 1114 non
1906 1083 2131 1116 resisterent.

266 1146 355 1179 Hinc
384 1147 472 1179 mala
500 1147 603 1180 malis
630 1147 903 1188 accumulando,
932 1160 971 1180 ae
1000 1147 1271 1180 remanentibus
1297 1148 1369 1192 jam
1399 1148 1573 1180 consectis
1605 1155 1700 1180 metu
1731 1149 1903 1181 continuo
2017 1151 2132 1194 turpia

259 1214 463 1258 juramenta
480 1214 557 1246 suis
574 1214 906 1258 conspirationibus
923 1214 1122 1247 adherendi
1139 1221 1174 1247 et
1189 1214 1332 1247 favendi
1350 1221 1593 1255 extorserunt,
1609 1215 1746 1248 litteras
1762 1215 1901 1248 clausas
1919 1222 1953 1248 et
1969 1223 2132 1261 patentes

264 1280 453 1325 sigillatas,
480 1280 682 1325 legationes
711 1287 746 1313 et
773 1280 1007 1314 ambassiatas
1034 1292 1122 1326 quas
1151 1281 1398 1321 decreverant,
1427 1281 1568 1313 mittere
1589 1288 1802 1326 coegerunt,
1827 1282 1959 1327 quibus
1986 1283 2133 1316 conclu-

264 1346 388 1379 siones
410 1347 598 1389 seditiose,
622 1348 827 1392 perniciose
850 1348 1122 1389 instructiones,
1150 1348 1282 1392 injurie
1304 1347 1428 1389 multe,
1454 1348 1655 1381 divisiones
1681 1361 1719 1381 ac
1746 1349 1843 1393 pacis
1865 1349 2015 1382 dissidia
2037 1350 2133 1382 clau-

264 1412 455 1446 debantur.
479 1415 591 1446 Nemo
613 1426 678 1459 pro
699 1426 785 1447 vero
811 1414 925 1459 loqui,
953 1427 1059 1447 nemo
1081 1414 1261 1447 obsistere
1283 1414 1449 1447 audebat.
1473 1415 1541 1457 Qui
1564 1415 1667 1447 etiam
1692 1415 1832 1456 tacitus,
1851 1416 1907 1448 vel
1929 1416 2057 1457 oculis,
2076 1417 2132 1450 vel

264 1480 340 1513 sola
361 1481 478 1513 fronte
500 1487 678 1514 tantorum
701 1481 875 1514 malorum
899 1482 1164 1526 displicentiam
1188 1481 1397 1521 testabatur,
1424 1482 1589 1526 protinus
1612 1482 1684 1514 illis
1705 1482 1904 1515 habebatur
1925 1490 2130 1528 suspectus,

264 1546 394 1580 dehinc
416 1547 506 1580 urbe
533 1547 748 1592 pellebatur,
772 1555 931 1581 terrores
960 1548 1121 1593 undique
1150 1555 1289 1581 mentes
1318 1548 1501 1593 agitabant
1527 1549 1786 1581 remanentium
1813 1561 1819 1581 :
1844 1549 1978 1594 ubique
2008 1562 2131 1595 pavor,

264 1613 399 1658 ubique
421 1621 551 1655 metus,
574 1621 609 1647 et
634 1615 816 1647 simillima
838 1616 965 1648 mortis
993 1615 1146 1660 imago'&
1181 1616 1305 1659 quue
1334 1615 1448 1660 magis
1478 1615 1574 1660 quod
1604 1622 1719 1656 antea,
1751 1616 1834 1660 quia
1865 1623 2077 1660 procurator
2098 1624 2133 1650 et

263 1681 425 1725 magistri
446 1681 666 1714 venerabilis
688 1682 845 1715 nationis
866 1682 1029 1715 Picardie
1050 1682 1188 1726 aliquas
1210 1694 1275 1714 sue
1297 1682 1450 1714 nefande
1467 1674 1663 1715 voluntatis
1686 1682 1823 1715 litteras
1845 1683 2006 1728 sigillare
2029 1696 2132 1716 recu-

261 1755 398 1787 sarunt,
423 1748 567 1781 incussa
589 1748 759 1781 violentia
790 1749 884 1781 dicte
915 1749 1072 1782 nationis
1094 1761 1209 1781 arcam
1232 1755 1266 1781 et
1293 1748 1413 1793 sigilla
1434 1755 1620 1793 ceperunt,
1649 1749 1798 1787 litteras,
1828 1756 1865 1782 ut
1895 1751 1971 1782 suis
1994 1751 2130 1783 violen-

260 1814 412 1847 tissimis
433 1815 563 1848 animis
585 1815 761 1856 collibuit,
785 1815 1004 1860 sigillarunt,
1033 1822 1068 1848 et
1092 1822 1360 1860 procuratorem
1385 1822 1419 1848 et
1440 1815 1634 1860 magistros
1656 1816 1790 1860 prefate
1813 1817 1969 1849 nationis
1991 1818 2065 1850 sere
2086 1818 2129 1850 ad

260 1892 449 1914 numerum
478 1882 521 1914 30
547 1881 758 1914 notabilium
786 1882 945 1915 virorum
975 1883 1073 1915 exire
1103 1882 1230 1915 urbem
1258 1883 1493 1927 eoegerunt⁵.
1518 1882 1607 1915 Ilinc
1629 1881 1762 1914 multos
1786 1895 1929 1927 pavere,
1952 1883 2129 1928 plurimos

257 1948 399 1992 sugere,
423 1948 513 1981 alios
534 1960 746 1981 communes
768 1950 1073 1994 congregationes
1095 1949 1280 1989 deserere,
1303 1948 1406 1981 multi
1427 1948 1463 1980 in
1484 1948 1603 1981 abdita
1625 1960 1663 1981 se
1687 1949 1944 1990 recondebant,
1967 1951 2070 1995 pauci
2093 1951 2128 1983 in

259 2021 442 2059 aspectum
464 2015 668 2048 veniebant.

350 2081 439 2113 Hinc
461 2093 605 2126 quoque
627 2082 805 2115 successit
824 2082 921 2114 aliud
945 2082 1084 2115 timoris
1106 2094 1170 2127 per
1191 2082 1373 2114 intensum
1396 2080 1614 2126 exemplum.
1639 2082 1678 2113 In
1700 2088 1839 2114 mentes
1861 2082 1955 2114 enim
1980 2090 2126 2116 venerat

260 2148 506 2191 procuratoris
527 2155 561 2181 et
582 2148 806 2182 honorabilis
828 2149 984 2181 nationis
1006 2149 1198 2181 Normanie
1220 2149 1263 2181 ad
1285 2160 1324 2181 ea
1346 2160 1415 2192 que
1438 2147 1536 2192 pacis
1558 2154 1642 2180 sunt
1662 2147 1838 2189 laborare,
1858 2155 1892 2181 et
1912 2161 1951 2181 ea
1974 2161 2125 2193 querere

259 2226 328 2258 que
350 2226 414 2246 sue
435 2214 652 2259 periclitanti
674 2216 785 2260 patrie
808 2222 1074 2256 succurrerent,
1094 2228 1198 2260 quam
1221 2214 1443 2247 notabilibus
1465 2226 1556 2259 pene
1574 2226 1732 2255 vacuam,
1751 2215 1859 2247 armis
1881 2215 2059 2256 nudatam,
2083 2216 2125 2248 ab

258 2280 315 2313 his
337 2281 397 2325 qui
424 2282 516 2313 tueri
545 2281 726 2315 debebant
751 2282 974 2322 derelictam,
1003 2282 1184 2315 hostiliter
1209 2282 1252 2314 ab
1277 2281 1408 2327 Anglis
1435 2281 1554 2314 invadi
1583 2281 1864 2325 prospiciebant.
1898 2282 2126 2315 Convocatur

258 2348 367 2388 natio,
392 2355 517 2380 assunt
539 2360 581 2381 ex
602 2349 699 2381 omni
720 2349 885 2382 facultate
908 2350 1076 2382 doctores
1098 2356 1133 2381 et
1152 2349 1335 2393 magistri,
1359 2348 1422 2381 scd
1446 2347 1506 2380 ubi
1529 2347 1731 2380 deliberare
1749 2355 1888 2392 ceptum
1909 2355 1974 2389 est,
1995 2349 2124 2382 turbati

258 2413 522 2459 gubernatores
557 2416 727 2448 antedicti
762 2416 953 2449 consilium
985 2416 1145 2448 inierunt
1177 2416 1352 2448 adversus
1383 2415 1582 2455 nationem,
1614 2420 1647 2446 et
1682 2414 1793 2446 misso
1826 2415 2012 2458 preposito
2043 2428 2122 2448 011111

257 2487 388 2513 armata
419 2481 567 2514 cohorte
605 2489 876 2526 procuratorem
911 2483 1196 2523 incarcerarunt,
1230 2482 1353 2527 plures
1388 2480 1607 2526 principales
1640 2479 1877 2525 collegiorum
1909 2487 1944 2513 et
1973 2481 2121 2514 aliarum

258 2547 446 2580 domorum
470 2555 507 2580 ut
527 2556 707 2593 caperent,
727 2550 952 2593 quesierunt,
973 2556 1008 2582 et
1029 2562 1099 2581 non
1122 2550 1289 2582 inventos
1311 2548 1618 2592 proscripserunt.
1641 2547 1702 2580 Sic
1720 2546 1967 2591 depopulatlmz
1988 2553 2018 2581 el
2034 2560 2122 2592 pene

256 2614 462 2648 exhaustum
488 2621 648 2649 nostrum
673 2615 827 2649 studium
855 2628 896 2648 eo
923 2617 1117 2649 deductum
1144 2622 1210 2656 est,
1239 2622 1277 2647 ut
1303 2616 1377 2647 sere
1407 2621 1525 2647 rector
1553 2613 1687 2654 nullus,
1715 2620 1775 2645 aut
1803 2621 2015 2658 procurator
2043 2617 2121 2659 ejus

257 2681 429 2722 extiterit,
462 2682 532 2714 nisi
567 2682 803 2727 gubernatori
833 2683 1040 2716 consentire
1074 2682 1373 2722 dissimulaverit,
1406 2687 1466 2713 aut
1497 2680 1673 2713 veraciter
1701 2679 1896 2712 tabefactus
1926 2681 2035 2714 suerit
2064 2683 2119 2714 sui

257 2747 373 2779 morbi
395 2749 574 2793 contagio.
606 2750 677 2781 Nec
700 2749 779 2781 istis
801 2749 960 2782 contenti
982 2749 1067 2781 boni
1089 2748 1353 2793 gubernatores
1376 2748 1426 2780 sit·
1452 2759 1517 2791 per
1539 2747 1664 2787 miuaS,
1693 2746 1940 2790 expulsiones,
1963 2750 2120 2792 proscri-

257 2814 411 2858 ptiones,
444 2815 747 2848 incarcerationes
778 2823 824 2856 et,
855 2816 950 2860 quod
982 2823 1037 2848 est
1068 2815 1288 2847 horrendum
1320 2815 1432 2855 dictu,
1454 2826 1518 2858 per
1543 2813 1712 2845 mortales
1739 2813 2059 2847 condemnationes
2086 2823 2121 2849 et

256 2881 350 2913 varia
373 2882 498 2914 mortis
520 2894 654 2927 genera
676 2889 947 2927 processerunt,
966 2894 1156 2927 quousque
1179 2888 1353 2914 rectorem
1377 2887 1499 2913 nostre
1522 2880 1788 2920 Universitatis,
1811 2888 2064 2924 procuratores
2087 2890 2123 2916 ct

379 2942 443 2959 ΗΜ
462 2940 557 2964 chart.
581 2941 659 2965 Unio.
677 2941 770 2965 Paris.
790 2941 831 2964 1v.
1965 2940 1993 2962 412
