2502 3418
762 334 993 356 UNIVERSITAS
1019 334 1193 356 POLITICIS
1219 335 1333 357 REBUS
1360 335 1548 358 anULGET.
2043 341 2091 363 VH

320 411 463 444 Praeter
478 409 542 444 has
557 408 734 456 politicas,
753 408 842 444 aliae
857 408 987 443 diversi
1009 408 1151 456 generis
1178 410 1449 452 controversiae,
1468 410 1654 446 vividiores
1676 411 1884 458 aliquando,
1902 413 1964 449 illa
1980 418 2091 450 aetate

221 479 471 523 succedebant,
490 491 581 527 quae
599 479 825 515 Universitati
846 479 1074 515 sustinendae
1087 483 1187 515 erant
1200 492 1282 515 cum
1298 480 1395 515 urhis
1411 481 1592 527 praefecto
1616 486 1648 517 et
1677 482 1901 526 vectigalium
1932 485 2094 532 redemp-

222 551 357 587 toribus
373 562 433 587 seu
453 550 712 598 «generalibus
731 565 746 583 »
770 550 814 586 de
835 550 1026 598 privilegiis
1050 543 1285 595 scholasticis,
1308 563 1392 586 cum
1422 552 1592 599 episcopo
1622 553 1822 597 Parisiensi,
1849 565 1930 589 cum
1953 556 2093 590 Mendi-

223 621 400 659 cantibus.
422 623 610 657 Praeterea
626 621 662 656 in
682 622 760 669 ipsa
774 621 1006 657 Universitate
1023 621 1266 657 dissensiones
1289 625 1385 657 ortae
1406 627 1487 658 sunt
1513 623 1556 658 de
1576 623 1750 659 electione
1782 625 1929 660 rectoris
1959 630 1991 661 et
2009 638 2093 672 pro-

223 697 439 738 curatorum,
459 693 652 740 aliquando
671 704 784 741 usque
799 693 843 729 ad
860 692 1018 734 verbera,
1037 696 1073 728 ut
1096 693 1238 740 proprie
1255 694 1290 728 in
1307 693 1475 729 Auctario
1491 694 1601 729 videri
1618 698 1750 741 potest.

1121 834 1197 870 ΙΙΙ

320 939 475 975 Politicis
490 938 779 975 contentionibus
795 938 939 974 habitus
964 938 1038 985 ipse
1063 938 1307 974 Universitatis
1333 942 1490 974 mutatus
1514 943 1579 975 est.
1609 940 1650 974 In
1675 939 1802 975 eodem
1824 940 1891 976 hoc
1912 941 2095 976 volumine

226 1010 494 1047 Universitatem
511 1010 547 1045 in
563 1021 704 1046 summo
721 1009 938 1045 auctoritatis
958 1009 1122 1057 publicae
1139 1009 1296 1045 culmine
1314 1010 1410 1056 quod
1430 1022 1590 1057 unquam
1613 1011 1765 1057 attigerit
1791 1014 1897 1058 atque
1923 1012 2030 1047 etiam
2060 1013 2093 1047 in

222 1081 348 1118 infimo
364 1081 577 1117 humilitatis
597 1081 708 1129 gradu
731 1093 800 1128 quo
819 1092 976 1128 unquam
998 1081 1177 1125 ceciderit,
1205 1081 1400 1117 cernimus.
1430 1081 1650 1117 Altissimam
1674 1081 1768 1117 enim
1791 1083 2039 1118 auctoritatem
2061 1084 2094 1118 in

222 1152 374 1201 publicis
391 1152 497 1188 rebus
513 1152 672 1188 exercuit
684 1164 741 1188 an.
764 1153 870 1196 1413,
885 1164 966 1187 cum
984 1152 1102 1187 cuncti
1116 1152 1284 1187 Franciae
1302 1153 1411 1188 duces
1430 1165 1470 1188 ac
1485 1153 1662 1199 principes
1676 1152 1833 1188 favorem
1849 1154 1924 1201 ejus
1937 1154 2095 1201 arriper(¹

223 1223 431 1260 tentareut'.
467 1225 517 1259 Eo
547 1227 710 1271 tempore
740 1223 848 1259 etiam
877 1223 989 1270 magis
1012 1235 1119 1270 quam
1148 1223 1272 1270 quovis
1303 1223 1372 1258 alio
1399 1235 1436 1258 se
1463 1223 1674 1270 interposuit
1700 1224 1913 1260 Universilas
1938 1229 1973 1260 ul
2001 1225 2099 1272 epis-

224 1295 407 1343 copatibus
420 1295 474 1330 vel
497 1293 647 1330 abbatiis
667 1294 947 1342 praeficerentur
967 1298 1087 1342 gratae
1115 1294 1180 1329 sibi
1203 1306 1376 1341 personae
1399 1295 1506 1342 (quod
1530 1295 1723 1330 ostendunt
1749 1306 1821 1330 non
1846 1307 1961 1342 pauca
1982 1296 2099 1331 docu-

224 1370 345 1402 menta
368 1366 439 1403 sive
463 1367 499 1401 in
521 1369 615 1401 textu
640 1369 764 1401 nostro
788 1366 858 1401 sive
886 1366 921 1400 in
947 1365 1038 1400 notis
1063 1365 1194 1413 allata),
1214 1369 1247 1401 et
1270 1377 1375 1412 saepe
1402 1377 1486 1401 cum
1510 1365 1626 1401 fausto
1654 1378 1834 1401 successu.
1863 1367 1933 1401 Sed
1955 1379 2034 1402 mox
2061 1368 2095 1402 in

222 1437 395 1474 humilem
417 1437 536 1472 locum
556 1437 700 1473 reducta
715 1440 780 1480 est,
806 1449 887 1472 curn
904 1448 962 1472 an.
986 1439 1091 1480 1446,
1117 1437 1235 1472 curiae
1256 1437 1472 1472 parlamenti
1488 1436 1676 1484 subjecta2,
1698 1437 1897 1473 libertatem
1913 1439 2095 1484 antiquam

223 1521 294 1557 qua
309 1508 528 1556 gloriabatur
541 1508 659 1544 amisit
676 1512 710 1543 et
725 1512 880 1543 veterem
897 1507 1135 1556 arrogantiam
1151 1520 1280 1543 exuere
1298 1512 1422 1543 coacta
1436 1513 1501 1543 est.
1520 1510 1566 1543 Ea
1582 1508 1647 1543 fuit
1664 1509 1779 1555 prima
1795 1509 2094 1544 contumeliarum

222 1592 311 1628 quae
322 1579 544 1627 temporibus
556 1579 788 1626 sequentibus
804 1579 834 1614 ei
853 1579 1081 1615 sustinendae
1098 1579 1254 1614 fuerunt.

320 1651 490 1693 Quisnam
506 1651 655 1686 miretur
679 1650 706 1686 si
725 1651 840 1686 studia
863 1651 1033 1686 scientiae
1057 1651 1231 1698 jacerent,
1263 1650 1391 1686 animis
1417 1662 1437 1685 a
1457 1650 1619 1686 doctrina
1643 1650 1940 1686 abhorrentibus?
1958 1653 2037 1687 Jam
2061 1652 2095 1686 in

222 1722 484 1758 Introductione
504 1721 752 1769 praecedentis
769 1721 979 1757 voluminis³
1004 1721 1119 1757 obiter
1145 1721 1250 1757 locuti
1285 1733 1408 1756 sumus
1434 1721 1478 1756 de
1504 1721 1643 1768 perdita
1666 1721 1835 1756 scientiae
1861 1723 2098 1769 propensione

224 1805 295 1840 qua
314 1793 496 1841 pollebant
513 1793 665 1828 saeculis
684 1792 919 1828 anterioribus
938 1793 1096 1839 magistri
1114 1793 1351 1835 Parisienses;
1376 1792 1438 1827 scd
1455 1804 1551 1827 nunc
1576 1804 1631 1827 res
1655 1792 1691 1827 in
1711 1792 1815 1840 pejus
1836 1793 1974 1837 ruebat,
2002 1794 2095 1828 dete·

224 1864 406 1912 rioresque
423 1864 531 1900 etiam
548 1863 659 1900 animi
679 1864 834 1912 politicis
855 1865 1107 1900 controversiis
1127 1864 1297 1908 enervati,
1322 1875 1403 1899 cum
1425 1875 1498 1899 non
1518 1863 1681 1910 publicas
1702 1875 1758 1898 res
1780 1863 1910 1910 agitare
1933 1864 1995 1899 scd
2012 1864 2097 1900 (loc—

223 1936 352 1972 trinam
374 1936 515 1971 tradere
534 1947 574 1971 ac
591 1935 770 1983 divulgare
791 1935 858 1971 sihi
874 1936 1099 1982 propositum
1114 1935 1215 1971 obliti
1234 1939 1366 1971 essent.
1385 1936 1436 1970 De
1461 1946 1532 1981 quo
1556 1935 1728 1981 quaedam
1750 1935 1899 1970 strictim
1922 1935 1957 1970 in
1979 1936 2097 1971 Intro-

225 2007 387 2043 ductione
406 2007 451 2042 ad
467 2010 596 2042 statuta
610 2006 800 2042 cardinalis
817 2007 860 2042 de
875 2006 1122 2042 Est011tevilla⁴
1138 2006 1309 2042 diximus.

321 2079 445 2114 Talem
482 2082 612 2114 statum
644 2089 717 2114 non
750 2089 876 2125 parum
912 2078 1133 2113 adduxerant
1166 2077 1371 2121 divisiones,
1406 2077 1513 2118 bella,
1546 2077 1784 2124 pestilentiae,
1817 2077 1882 2112 soli
1912 2078 2094 2121 sterilitas,

225 2161 388 2185 annonae
417 2149 558 2193 caritas,
594 2149 686 2184 mala
722 2149 864 2185 saeculo
893 2151 956 2185 XV
986 2150 1023 2184 in
1059 2149 1210 2185 Francia
1239 2148 1430 2185 horrenda.
1468 2148 1668 2195 Aliquoties
1702 2149 1904 2183 timendum
1939 2153 2012 2184 erat
2052 2161 2095 2184 ne

226 2220 439 2256 Universitas
465 2224 538 2256 tota
552 2220 802 2267 dissiparetur,
822 2220 872 2256 sic
889 2220 990 2256 anuis
1009 2223 1114 2265 1418,
1135 2223 1241 2263 1420,
1263 2222 1418 2256 1438-39
1431 2219 1459 2255 5.
1478 2221 1592 2254 lmmo
1618 2219 1714 2254 natio
1731 2219 1930 2266 Anglicana
1944 2231 2004 2266 per
2019 2220 2096 2255 lon-

320 2362 342 2386 l.
355 2361 417 2385 Vid.
435 2361 573 2391 Chartul.,
588 2365 617 2385 n0
631 2361 699 2391 1987,
713 2363 737 2384 et
750 2363 880 2390 Auctor.⁷
898 2361 931 2391 11,
948 2369 972 2393 p.
989 2361 1041 2391 155,
1061 2361 1088 2385 13
1104 2369 1158 2393 sqq.

317 2406 340 2430 2.
358 2406 495 2436 Charcul„
508 2406 555 2436 IV,
571 2410 599 2429 n⁰
613 2405 684 2429 2608.

317 2451 341 2474 3.
358 2450 434 2481 Ibid.,
450 2450 498 2480 111,
511 2458 536 2482 p.
550 2457 588 2479 VI,
605 2457 645 2480 1x,
661 2457 714 2474 xm
729 2458 783 2482 sqq.

320 2495 342 2519 4.
360 2496 488 2519 Chartul.
505 2495 552 2525 IV,
567 2503 592 2526 p.
609 2494 665 2519 713.

317 2540 339 2564 5.
356 2539 487 2568 Quantum
501 2539 534 2563 ad
552 2546 592 2563 an.
610 2539 670 2563 1418
686 2539 736 2562 vid.
760 2540 898 2569 Charcul.,
920 2539 965 2568 IV,
982 2543 1009 2562 110
1024 2539 1093 2563 2115.
1115 2539 1245 2568 Quantum
1260 2539 1293 2563 ad
1315 2547 1356 2563 an.
1378 2539 1436 2563 1420
1458 2539 1547 2563 scribit,
1570 2540 1719 2563 ROBERTUS
1740 2538 1871 2562 ssLoanL
1893 2539 2027 2568 (OEzwres,
2052 2539 2093 2562 ml.

224 2584 330 2613 Hssnox,
347 2584 368 2615 Ι,
384 2592 409 2616 p.
425 2584 478 2613 124)
496 2593 501 2608 :

894 2615 946 2639 Par
960 2615 1045 2646 laquel
1061 2622 1121 2646 rago
1136 2614 1226 2638 dcssus
1239 2615 1305 2638 dicte

894 2655 932 2679 On
947 2663 1017 2679 cesse
1032 2655 1058 2679 lu
1073 2655 1158 2678 (livine
1175 2655 1216 2686 loy

893 2695 916 2718 A
928 2695 1080 2726 cnseignicr,
1097 2695 1141 2726 qui
1153 2697 1210 2719 tant
1225 2694 1336 2726 prousitc

894 2735 952 2758 Aux
966 2735 1107 2758 chrestiens
1119 2735 1150 2758 dc
1166 2735 1246 2759 bonne
1262 2735 1317 2766 foy:

895 2775 947 2799 Par
964 2775 1007 2806 qui
1024 2775 1048 2799 la
1063 2775 1171 2798 lumiere
1186 2775 1220 2798 du
1237 2774 1327 2798 monde

894 2815 973 2839 Fault
988 2823 1018 2838 cn
1034 2815 1140 2839 l'estude
1152 2815 1182 2838 dc
1200 2815 1283 2839 Paris.

226 2886 355 2915 Quantum
370 2885 403 2910 ad
418 2893 477 2910 ann.
492 2885 624 2910 1438-1439
639 2885 691 2909 vid.
705 2889 796 2916 Amet„
814 2886 847 2915 11,
863 2894 888 2917 p.
902 2886 956 2916 505,
973 2888 1025 2909 not.
1041 2887 1061 2914 1,
1078 2888 1103 2910 et
1120 2886 1258 2916 Charcul„
1275 2885 1321 2915 IV,
1333 2894 1357 2917 p.
1374 2885 1420 2909 612
1434 2889 1458 2909 ct
1471 2894 1496 2908 n.
1512 2885 1535 2908 5.
1548 2884 1586 2908 Cf.
1603 2886 1734 2916 praetcrea
1750 2884 1816 2908 iutra
1833 2888 1859 2907 110
1875 2884 1945 2907 2:392.

350 2934 414 2950 *Hk*
433 2931 527 2955 Chare.
548 2931 625 2955 Univ.
641 2931 735 2955 Paris.
752 2931 793 2954 1v.
1955 2929 1968 2951 ο
