2502 3418
255 314 352 350 1410]
593 328 638 348 ΑΒ
673 328 778 348 ΑΝΝΟ
813 327 1102 349 MCCCLXXXX1V
1138 329 1268 356 USQUE
1304 330 1351 350 ΑΙ)
1388 330 1526 351 ANNUM
1562 331 1767 353 Mccccmt.
2051 327 2109 358 1⁷75

252 399 329 444 plar
349 400 495 433 celestis
512 400 726 442 iherarchie,
748 401 809 433 ubi
830 401 951 434 infima
973 402 1198 434 reducuntur
1218 402 1260 434 ad
1280 404 1391 435 Deum
1415 415 1479 447 per
1500 404 1616 436 media
1706 407 1776 437 llec
1794 419 1860 438 nos
1882 409 2108 442 attendentes

252 466 359 498 simul
381 473 416 499 et
437 467 678 511 professionis
704 474 824 501 nostre
851 480 1031 501 memores
1056 480 1124 513 que
1147 469 1324 501 doctrinis
1346 470 1454 502 variis
1476 477 1511 502 et
1530 471 1736 515 peregrinis
1758 472 1903 505 obviare
1926 474 2033 507 debet

252 533 438 566 reddimus
470 546 565 566 nunc
595 534 638 566 ad
667 535 871 567 instantiam
899 534 990 567 alme
1019 536 1142 568 matris
1173 542 1296 568 nostre
1330 537 1585 570 Universitatis
1615 538 1833 571 Parisiensis
1864 541 2105 574 testimonium

249 600 402 641 veritati,
426 613 529 645 quam
553 607 634 645 post
654 602 953 634 examinationem
976 602 1293 647 diligentissimam
1321 604 1497 636 sentimus
1526 616 1636 648 super
1663 605 1765 649 copia
1795 607 1981 650 cujusdam
2010 608 2107 641 bullc

250 678 313 711 per
344 667 486 712 aliquos
516 668 663 700 fratrum
693 668 975 701 Mendicantium
1008 669 1224 713 surrepticie
1249 670 1306 703 vel
1333 670 1420 703 alias
1450 671 1576 703 insciis
1603 672 1919 705 reverendissimis
1947 674 2107 718 patribus

248 733 405 766 dominis
431 734 689 772 cardinalibus,
713 742 750 768 ut
768 736 893 776 fertur,
918 742 1068 776 extorte,
1092 748 1160 780 que
1185 737 1312 781 incipit
1334 738 1523 782 :Regnans
1546 738 1582 771 in
1607 738 1764 778 excelsis,
1795 739 1918 772 finitur
1945 752 1951 773 ι
1981 742 2105 774 Datum

248 800 341 833 Pisis
358 801 426 845 iiij⁰
442 801 524 834 idus
545 801 716 834 Octobris
737 802 968 846 pontificatus
990 803 1104 835 nostri
1126 815 1220 835 anno
1238 804 1366 848 primo.

335 868 497 900 Dicimus
525 880 614 913 ergo
646 868 714 901 sub
742 870 839 901 omni
868 870 1070 902 reverentia
1099 877 1221 903 sancte
1249 871 1348 903 sedis
1378 871 1577 916 apostolice
1606 879 1640 905 et
1669 873 1831 906 sedentis
1853 874 1889 906 in
1911 887 1950 907 ea
1977 877 2105 908 suinmi

246 934 442 979 pontificis,
463 947 502 968 ac
524 936 634 968 totius
656 936 824 977 ecclesie,
848 937 944 981 quod
965 943 1070 970 tenor
1090 937 1189 970 illius
1209 938 1312 982 copie
1330 938 1472 971 videtur
1493 939 1599 972 nobis
1621 939 1813 984 plurimum
1837 941 2105 983 intollerabilis,

246 1001 376 1034 dehinc
398 1002 509 1035 totius
531 1002 768 1036 ecclesiastici
790 1010 904 1036 status
927 1003 1148 1037 turbaturus.
1172 1006 1214 1037 Et
1234 1005 1279 1037 ita
1302 1005 1444 1037 demum
1473 1006 1639 1047 dicimus,
1662 1007 1838 1040 adversus
1861 1008 1948 1041 tales
1969 1009 2105 1042 abusus

245 1068 454 1112 provisione
475 1069 586 1101 celeri
608 1076 642 1102 et
663 1069 800 1102 salubri
817 1082 909 1115 opus
927 1082 1020 1103 esse.

332 1135 485 1168 Videtur
506 1136 650 1180 quidem
674 1137 929 1170 intollerabilis
951 1149 993 1170 ex
1014 1138 1121 1170 modo
1139 1138 1478 1183 condempnationis
1499 1141 1547 1172 Xl
1570 1140 1820 1173 articulorum¹
1844 1141 1918 1174 illic
1939 1155 2104 1176 numera-

244 1208 360 1234 torum
391 1214 471 1235 cum
499 1202 749 1236 fulminatione
777 1216 950 1249 penarum
977 1204 1253 1246 horrendarum,
1277 1213 1312 1238 et
1338 1206 1554 1250 adjectione,
1578 1207 1675 1251 quod
1705 1219 1776 1240 non
1805 1208 1949 1242 obstant
1974 1217 2101 1244 statuta

243 1269 452 1313 apostolica,
477 1281 595 1314 neque
620 1270 711 1303 illud
738 1271 1014 1304 saluberrimum
1047 1279 1081 1304 et
1110 1272 1386 1305 celeberrimum
1415 1274 1537 1307 Omnis
1566 1274 1750 1319 utriusque
1772 1287 1875 1308 sexus
1904 1277 2038 1309 editum
2066 1279 2100 1310 in

243 1335 408 1369 Concilio
429 1336 626 1381 generali²,
645 1338 703 1370 cui
725 1344 857 1371 statuto
875 1338 1052 1383 derogare
1073 1339 1160 1383 quid
1182 1340 1252 1371 nisi
1276 1339 1387 1384 palam
1410 1340 1555 1373 deviare
1577 1347 1632 1373 est
1646 1342 1659 1373 Ρ
1674 1341 1769 1374 Dicit
1789 1342 1907 1387 itaque
1930 1356 2011 1387 pars
2034 1357 2100 1377 una

242 1403 583 1448 condempnationis
611 1404 679 1437 hoc
706 1405 814 1437 modo
838 1417 844 1437 :
867 1405 1032 1438 volentes
1054 1406 1151 1450 quod
1176 1407 1206 1439 si
1233 1407 1313 1451 quis
1338 1407 1511 1452 deinceps
1533 1408 1717 1452 predictos
1743 1409 1914 1442 articulos
1935 1423 2101 1444 asserere

241 1476 301 1502 aut
321 1470 357 1502 in
379 1470 490 1503 scolis
511 1478 570 1503 aut
591 1471 676 1504 alibi
697 1472 854 1517 glosare,
877 1473 1101 1513 deffendere,
1124 1485 1187 1505 seu
1210 1480 1333 1506 tencre
1350 1481 1410 1506 aut
1426 1475 1613 1518 predicare
1628 1477 1904 1520 presumpserit,
1924 1484 2099 1522 tamquam

241 1536 423 1570 hereticus
440 1538 487 1570 sit
507 1539 715 1571 censendus
736 1546 771 1572 et
787 1540 1173 1572 excommunicationis
1191 1541 1406 1573 sententiam
1424 1541 1503 1586 ipso
1525 1542 1617 1574 facto
1634 1542 1805 1581 incurrat,
1825 1555 1841 1575 a
1859 1555 1927 1587 qua
1945 1545 2014 1576 nisi
2037 1557 2100 1589 per

241 1615 420 1636 summum
449 1605 670 1648 pontificem,
694 1612 761 1638 etc.
785 1606 941 1639 Additur
968 1607 1064 1651 quod
1088 1619 1151 1651 per
1171 1607 1434 1640 invocationem
1463 1608 1600 1641 brachii
1629 1609 1817 1651 secularis,
1851 1610 1880 1641 si
1909 1623 2000 1655 opus
2031 1619 2097 1653 est,

241 1670 320 1703 talis
341 1671 588 1713 coherceatur,
612 1679 719 1717 prout
739 1685 781 1705 ex
802 1680 927 1705 tenore
954 1674 1117 1718 ejusdem
1148 1674 1247 1706 bulle
1280 1675 1461 1719 posterius
1487 1675 1661 1720 inscripte
1687 1676 1781 1708 clare
1816 1684 1921 1721 patet.
1949 1679 2099 1711 Constat

239 1749 325 1770 vero
355 1738 461 1771 nobis
482 1740 583 1783 juxta
614 1740 782 1784 proprios
811 1740 1017 1785 theologice
1045 1741 1209 1774 doctrine
1239 1742 1426 1783 terminos,
1464 1743 1561 1786 quod
1591 1743 1628 1774 in
1658 1743 1820 1776 articulis
1850 1746 1898 1776 Xl
1926 1745 1999 1777 illic
2024 1747 2096 1789 jam

239 1804 440 1849 dampnatis
461 1805 681 1850 inplicantur
702 1807 812 1839 multa
843 1819 912 1852 que
943 1814 1095 1852 possunt
1122 1808 1273 1852 glosari,
1296 1809 1429 1841 nedum
1451 1809 1588 1853 absque
1610 1810 1773 1854 periculo
1795 1810 1937 1844 heresis
1963 1818 1997 1844 et
2017 1825 2098 1845 ana-

239 1870 419 1913 thematis,
443 1872 507 1905 sed
537 1885 617 1905 cum
647 1874 798 1907 veritate
827 1881 861 1906 et
890 1875 1032 1915 merito,
1062 1875 1250 1919 presertim
1282 1887 1345 1920 per
1374 1875 1470 1916 illos,
1499 1875 1632 1920 quibus
1659 1889 1701 1909 ex
1730 1877 1847 1910 officio
1874 1877 2097 1912 iherarchico

238 1939 411 1983 competit
431 1939 662 1984 interpretari
683 1947 718 1973 et
737 1940 883 1985 glosare
910 1941 1122 1985 scripturas,
1146 1948 1213 1974 tam
1237 1942 1487 1974 doctrinaliter
1512 1954 1615 1986 quam
1642 1944 1904 1985 auctoritative,
1928 1946 2098 1989 quemad-

238 2005 383 2038 modum
402 2013 483 2039 sunt
503 2007 672 2040 doctores
689 2014 724 2040 et
740 2014 919 2052 pastores,
939 2008 1071 2053 quibus
1092 2008 1159 2041 hoc
1181 2009 1336 2041 officium
1355 2009 1483 2042 tollere
1505 2010 1591 2054 quid
1613 2010 1711 2042 aliud
1729 2017 1795 2051 est,
1815 2012 1967 2044 Domine
1985 2014 2095 2053 Deus,

238 2083 342 2116 quam
363 2072 508 2106 obstare
530 2086 574 2106 ne
596 2074 791 2107 declaratio
809 2087 1017 2107 sermonum
1041 2082 1182 2108 tuorum
1205 2076 1386 2108 illuminet
1406 2083 1439 2108 et
1461 2076 1684 2109 intellectum
1706 2078 1766 2110 det
1787 2078 1980 2122 parvulis³.
2003 2080 2096 2122 Quid

237 2138 333 2171 aliud
357 2146 520 2183 preterea
541 2152 644 2184 quam
662 2142 804 2174 veritati
823 2142 915 2174 viam
937 2142 1105 2174 claudere
1127 2149 1161 2175 et
1178 2143 1364 2175 erroribus
1385 2143 1554 2188 aperire?

327 2207 418 2238 Ecce
440 2207 538 2251 quod
559 2207 595 2239 in
613 2208 786 2252 predictis
802 2209 965 2242 articulis
982 2209 1087 2242 offert
1103 2221 1141 2242 se
1159 2209 1407 2254 multiplicitas
1425 2210 1661 2242 terminorum
1679 2217 1715 2243 et
1729 2211 1998 2257 amphibologia
2016 2226 2097 2257 pro-

237 2273 458 2317 positionum
481 2280 549 2306 tam
571 2274 615 2306 de
636 2275 670 2307 vi
701 2276 881 2308 sermonis
910 2276 1110 2308 secundum
1141 2277 1308 2309 diversos
1336 2289 1482 2317 sensus,
1508 2278 1749 2321 compositum
1771 2284 1806 2310 et
1831 2278 2000 2320 divisum,
2022 2281 2097 2312 uni-

235 2339 414 2372 versalem
444 2347 479 2372 et
508 2341 750 2383 indefinitum,
772 2354 876 2386 quam
905 2354 949 2375 ex
972 2343 1071 2375 vario
1100 2355 1167 2375 usu
1194 2355 1288 2375 nunc
1314 2343 1371 2376 hic
1398 2356 1492 2376 nunc
1514 2343 1564 2375 ibi
1586 2356 1649 2388 per
1675 2344 1856 2385 doctores,
1880 2352 1915 2377 ut
1942 2347 2096 2391 exempli

236 2406 349 2450 gratia
371 2413 426 2439 est
450 2407 518 2440 iste
545 2408 721 2441 terminus
751 2409 962 2454 complexus
982 2411 1157 2454 :proprii
1171 2409 1380 2450 sacerdotis,
1409 2417 1443 2443 et
1463 2411 1531 2443 iste
1558 2422 1564 2442 z
1588 2411 1731 2444 licentia
1754 2412 1948 2455 generalis,
1972 2419 2007 2445 et
2029 2413 2096 2446 ista

236 2473 438 2517 propositio
463 2485 469 2506 z
498 2479 614 2508 stante
640 2480 776 2508 statuto
802 2476 925 2509 Omnis
949 2477 1133 2521 utriusque
1154 2488 1257 2510 sexus
1279 2489 1373 2521 papa
1398 2489 1464 2510 non
1485 2482 1615 2521 potest,
1645 2484 1726 2518 ete,
1750 2484 1783 2509 et
1805 2478 1871 2510 ista
1894 2490 1900 2510 z
1922 2479 2094 2523 confessio

224 2538 331 2583 facta
348 2540 541 2584 fratribus
566 2541 702 2575 incerta
729 2547 792 2582 est,
820 2554 890 2587 que
918 2543 1119 2587 propositio
1148 2544 1242 2576 sicut
1272 2550 1306 2576 et
1331 2543 1399 2576 alie
1428 2543 1551 2588 plures
1579 2543 1665 2575 illuc
1692 2543 1820 2587 posite,
1850 2544 1880 2576 si
1911 2545 2096 2589 capiantur

235 2605 423 2638 indefinite
445 2614 552 2651 prout
573 2608 707 2652 jacent,
734 2609 919 2641 veritatem
951 2609 1085 2642 habent
1110 2610 1146 2641 in
1173 2610 1295 2642 multis
1325 2609 1483 2651 casibus,
1506 2621 1571 2642 nec
1602 2616 1760 2642 assertor
1786 2622 1904 2642 earum
1932 2612 1989 2644 vel
2016 2612 2095 2656 glo-

234 2679 332 2705 sator
352 2672 536 2706 hereticus
558 2681 614 2706 est
633 2675 839 2707 censendus
856 2675 914 2708 vel
935 2676 1232 2708 anathemandus.
1259 2676 1361 2709 Unde
1383 2677 1463 2708 etsi
1485 2676 1645 2720 acceptio
1663 2675 1770 2719 hujus
1789 2677 1931 2709 termini
1944 2680 2096 2722 proprii

233 2739 430 2773 sacerdotis
458 2741 671 2773 extendatur
696 2741 739 2773 ad
768 2754 892 2786 papam
922 2749 955 2774 et
983 2743 1026 2775 ad
1055 2743 1265 2787 episcopum
1296 2750 1327 2774 et
1357 2743 1398 2775 ad
1426 2749 1586 2775 curatum
1620 2742 1893 2786 parrochialem,
1925 2746 2095 2788 quemad-

235 2806 380 2838 modum
407 2807 553 2851 plurimi
582 2815 729 2840 sumunt
751 2820 793 2840 ex
819 2809 1031 2841 doctoribus
1062 2821 1126 2854 pro
1159 2809 1331 2841 salvando
1355 2809 1649 2842 constitutionem
1681 2809 1855 2842 Johannis
1886 2812 2001 2852 XXll,
2025 2824 2094 2856 que

236 2872 363 2917 incipit
385 2885 391 2905 τ
421 2874 488 2907 Vas
508 2874 700 2916 electionis,
724 2882 864 2907 constat
885 2876 982 2920 quod
1004 2876 1065 2908 v¹¹⁵²
1087 2876 1261 2908 articulus
1284 2876 1377 2908 inter
1392 2877 1412 2908 8
1430 2887 1556 2916 novos,
1576 2877 1678 2920 cujus
1699 2883 1860 2909 assertor
1881 2877 2094 2922 dampnatur
