2502 3418
266 350 362 386 1421]
571 389 574 392 Δ
611 364 657 384 AB
694 364 798 385 ANNO
832 363 1118 386 MCCCLxxxxw
1155 363 1285 391 USQUE
1320 364 1367 385 AD
1399 364 1537 387 ANNUM
1572 366 1775 389 uccchii.
2059 362 2123 393 3953

262 488 407 525 2174.
432 497 583 534 Supplicat
594 498 719 524 Illartino
736 499 760 524 V
771 498 890 524 Carolus
903 498 1057 534 delphinus
1075 499 1239 525 Viennensis
1253 508 1267 525 <
1281 509 1396 534 regnum
1413 500 1551 526 Franciae
1567 510 1666 535 regens
1677 511 1701 535 »,
1721 506 1751 527 ut
1765 511 1835 527 suus
1848 504 2020 529 secretarius
2038 505 2121 531 Theo-

351 546 455 572 baldus
471 546 506 573 de
521 548 603 582 Luce',
623 547 651 573 in
667 551 786 582 utroque
799 549 866 583 jure
885 547 1060 582 licentiatus,
1083 548 1306 574 archidiaconus
1328 549 1363 574 de
1382 550 1522 584 Passayo,
1544 551 1745 576 Cenomanens.
1768 551 1868 586 ἄωρα,
1888 553 1938 587 qui
1951 554 2075 579 Parisiis
2097 555 2125 579 ιἰι

348 595 470 622 decretis
492 600 519 622 et
537 596 700 630 Andegavis
723 596 752 621 in
772 595 882 631 legibus
899 596 1033 622 licentiae
1053 597 1175 631 gradum
1197 600 1373 633 susceperat,
1393 601 1480 633 atque
1501 598 1529 623 in
1551 598 1657 624 eisdem
1676 599 1912 626 Universilatibus
1926 602 2076 635 juraverat
2095 612 2125 628 se

349 653 494 680 nunquam
506 645 534 671 in
548 645 646 680 aliquo
656 645 766 680 jurium
780 645 902 679 gradum
915 645 1090 671 doctoralem
1106 651 1303 682 suscepturum
1318 646 1391 672 alibi
1404 656 1490 682 quam
1507 647 1534 672 in
1551 648 1788 674 Universitatthus
1805 649 1968 681 antedictis,
1982 659 1997 675 «
2011 651 2126 676 obstan-

349 693 425 719 tibus
439 694 551 728 guerris
567 694 647 729 regni
661 694 781 720 Francie
797 704 812 720 »
830 694 994 730 hujusmodi
1005 695 1128 729 gradum
1143 695 1309 721 doctoratus
1324 696 1352 721 in
1369 700 1487 731 utroque
1499 697 1566 731 jure
1583 696 1623 722 vel
1640 697 1730 723 altero
1748 698 1872 733 ipsorum
1889 699 1917 723 in
1940 699 2126 725 Universitate

354 752 439 778 quam
460 743 576 769 duxerit
597 743 758 778 eligendam
774 743 920 779 suscipere
938 744 1032 770 valeat
1053 744 1142 770 libere
1160 749 1186 770 et
1206 745 1293 771 licite.
1310 761 1345 763 —
1360 746 1429 771 Fiat.
1448 745 1480 771 O.
1497 761 1533 764 ——
1548 746 1612 771 Dat.
1634 747 1725 772 Rome
1739 748 1818 780 apud
1842 747 1982 774 Sanctum
2007 749 2125 775 Petrum

348 792 373 825 vj
390 792 447 818 kal.
465 793 540 823 Maii,
561 801 639 819 anno
654 801 691 819 1v.

1489 831 1559 860 7427,
1574 831 1666 863 Aprilis
1679 833 1724 861 23,
1740 833 1840 858 Romae.

351 918 415 949 Reg.
432 918 525 950 Suppl.
542 918 618 942 Mart.
637 918 664 946 V,
678 922 708 940 n⁰
723 918 776 946 144,
790 918 834 941 sol.
852 919 906 941 1234.
920 918 1041 950 Epistola
1057 919 1088 941 de
1105 918 1155 941 hoc
1170 919 1233 949 Reg.
1247 919 1302 942 Lat.
1319 918 1395 941 Mart.
1412 918 1441 948 V,
1456 926 1498 941 an.
1513 919 1537 947 4,
1554 918 1601 942 lib.
1616 920 1655 946 48,
1673 920 1718 943 sol.
1735 919 1801 943 15312,
1812 933 1843 937 —
1856 921 1902 943 An.
1918 921 1986 949 1433,
1999 921 2086 944 Martii
2101 923 2125 949 6,

258 962 426 985 'theobaldus
443 962 519 990 Luce,
533 962 588 993 jam
598 962 667 993 juris
682 962 821 994 utriusque
836 963 936 991 doctor,
955 964 1039 986 suctus
1054 966 1094 986 est
1109 963 1250 994 episcopus
1266 963 1435 986 Malleacens.
1453 963 1538 992 (Arch.
1555 963 1623 993 Vut.,
1637 963 1691 993 XII,
1709 964 1762 992 121,
1779 973 1805 996 p.
1822 965 1886 994 281).

258 1133 403 1171 2175.
427 1144 528 1169 Petrus
542 1142 577 1169 de
591 1144 680 1169 Sacco
693 1143 728 1169 de
745 1144 861 1178 Verona,
880 1152 955 1178 mag.
973 1143 1002 1169 in
1015 1147 1071 1170 art.
1089 1148 1116 1169 et
1132 1144 1243 1170 baccal.
1264 1144 1292 1169 in
1309 1144 1392 1170 theol.
1408 1144 1514 1178 Paris.5
1532 1145 1582 1179 qui
1598 1153 1612 1169 ⁴(
1628 1144 1810 1170 obstantibus
1825 1146 1937 1179 guerris
1955 1149 1982 1171 et
1993 1145 2125 1181 pestibus

344 1192 443 1227 (procli
459 1192 541 1218 dolor
550 1193 571 1226 J)
583 1192 612 1218 in
622 1201 707 1227 regno
721 1193 842 1218 Francie
858 1193 1015 1227 vigentibus
1029 1193 1153 1219 nondum
1167 1194 1262 1229 potuit
1277 1194 1305 1219 in
1321 1202 1407 1219 sacra
1426 1194 1539 1229 pagina
1557 1203 1656 1219 cursus
1675 1203 1742 1219 suos
1763 1203 1959 1220 consummare
1974 1204 1999 1230 >›,
2018 1196 2093 1231 petit
2108 1204 2126 1220 a

346 1242 471 1267 Martino
493 1243 519 1275 V,
539 1245 568 1267 ut
587 1246 654 1278 post
673 1242 897 1278 quinquennium
917 1242 1017 1277 solum,
1043 1243 1171 1278 quamvis
1191 1247 1283 1268 rector
1301 1243 1420 1278 paroclz.
1444 1243 1510 1269 eccl.
1533 1243 1792 1277 Montisguiscardi
1817 1243 1948 1270 Tolosan.
1971 1244 2068 1278 dioec.,
2087 1244 2127 1270 ad

344 1299 444 1316 sacros
459 1290 573 1316 ordines
586 1291 680 1326 possit
693 1291 859 1327 promoveri.
873 1307 909 1310 —
924 1292 996 1318 Fiat.
1009 1307 1044 1310 ——
1058 1292 1124 1318 Dat.
1142 1292 1233 1318 Rome
1247 1300 1293 1326 ap.
1312 1292 1339 1318 S.
1354 1293 1474 1318 Petrum
1489 1292 1517 1317 iv
1532 1292 1589 1318 kal.
1606 1292 1682 1321 Maii,
1696 1300 1743 1318 an.
1760 1301 1797 1318 1v.

1490 1381 1558 1411 7421,
1575 1381 1667 1413 Aprilis
1680 1382 1724 1411 28.
1741 1382 1841 1407 Romae.

350 1470 414 1501 ch.
429 1470 523 1501 Suppl.
538 1470 614 1493 Mart.
626 1469 655 1500 V,
671 1474 701 1492 n⁰
712 1470 764 1497 144,
779 1470 823 1493 fol.
839 1470 894 1493 237.
907 1469 965 1492 Vid.
981 1469 1046 1493 ibid.
1063 1470 1108 1493 fol.
1122 1471 1144 1493 7.
1155 1483 1186 1487 —
1196 1470 1243 1493 An.
1260 1470 1320 1493 1415
1333 1478 1392 1492 cum
1407 1470 1526 1493 Johanne
1542 1470 1650 1493 Fusoris
1664 1473 1689 1493 et
1705 1470 1850 1501 Reginaldo
1865 1471 1900 1493 du
1914 1471 2011 1494 Montet
2025 1471 2051 1493 in
2067 1479 2126 1494 car-

257 1522 342 1538 cerem
355 1514 488 1546 conjectus
502 1517 541 1538 est
557 1517 666 1546 propter
681 1514 868 1538 commercium
883 1514 1013 1537 librorum
1030 1523 1088 1537 cum
1106 1515 1209 1546 Anglis.
1222 1515 1260 1538 Ad
1278 1515 1343 1538 haec
1359 1514 1412 1539 vid.
1429 1523 1510 1546 supra
1526 1519 1555 1537 n⁰
1570 1516 1641 1543 2045,
1657 1518 1682 1538 ct
1697 1516 1725 1539 Α.
1741 1522 1775 1538 DE
1793 1515 1958 1538 CHAMPEAux
1973 1518 1997 1538 ct
2012 1516 2040 1539 P.
2056 1515 2128 1539 GAU-

256 1567 354 1588 entur,
367 1559 417 1583 Les
433 1563 557 1583 travauae
568 1559 643 1584 d'art
657 1559 783 1583 execute's
799 1566 873 1589 pour
888 1559 960 1583 Jean
972 1560 1004 1583 de
1018 1559 1129 1584 France
1143 1561 1199 1584 due
1213 1561 1245 1583 tle
1260 1560 1361 1590 Berry,
1373 1568 1400 1590 p.
1415 1560 1460 1582 124
1471 1568 1538 1591 sqq.,
1551 1559 1606 1588 ubi,
1618 1568 1685 1591 quae
1698 1559 1824 1582 hactenus
1836 1560 1867 1583 de
1878 1560 1954 1583 Petro
1966 1563 2028 1583 nota
2042 1564 2125 1589 erant,

256 1604 367 1627 collecta
385 1607 454 1627 sunt.
472 1604 558 1635 Supra
573 1604 702 1635 inscripta
717 1607 743 1627 et
758 1604 894 1635 sequentia
909 1604 1000 1635 ignota
1015 1607 1098 1627 erant.
1111 1604 1176 1627 Cum
1192 1604 1297 1627 natione
1313 1605 1395 1628 Italus
1411 1607 1489 1634 esset,
1505 1604 1603 1633 timuit,
1622 1613 1664 1627 an.
1678 1605 1747 1634 1428,
1761 1612 1793 1627 ne
1807 1608 1917 1635 propter
1933 1613 2014 1636 supra
2029 1605 2126 1627 dictam

255 1649 394 1672 ecclesiam
409 1649 435 1672 in
453 1649 575 1680 partibus
591 1649 718 1672 Fruncine
731 1649 810 1672 sitam
821 1649 972 1672 vexationes
988 1648 1097 1679 subiret,
1110 1657 1157 1672 nec
1172 1649 1195 1672 ei
1214 1649 1314 1672 servire
1326 1652 1430 1680 posset;
1446 1649 1609 1680 proindeque
1624 1649 1698 1672 illam
1714 1649 1861 1680 resignavit
1877 1650 1980 1680 (Suppl.
2002 1650 2077 1672 Mart.
2095 1650 2125 1677 V,

258 1698 287 1716 n⁰
308 1694 361 1722 223,
384 1694 429 1717 fol.
447 1694 501 1723 199)
522 1697 547 1717 et
566 1694 642 1725 petiit
657 1702 750 1717 canon.
775 1694 838 1717 eccl.
860 1693 980 1717 Civitatis
997 1694 1101 1717 Austrie
1122 1693 1293 1725 Aquilegens.
1316 1694 1399 1717 dioec.
1415 1695 1453 1723 (n0
1473 1694 1527 1722 216,
1546 1694 1590 1716 sol.
1607 1693 1685 1723 27712),
1706 1697 1731 1716 et
1751 1702 1793 1717 an.
1811 1694 1880 1723 1431,
1901 1702 2006 1725 semper
2025 1694 2125 1718 baccal.

257 1739 349 1768 theol„
371 1738 660 1770 archipresbyteratum
679 1739 803 1762 Omnium
823 1739 979 1762 Sanctorum
996 1738 1139 1763 Veri-mens,
1157 1739 1262 1770 (Suppl.
1282 1739 1350 1769 Eug.
1366 1739 1408 1767 lv,
1425 1742 1454 1761 n⁰
1469 1739 1524 1768 254,
1547 1739 1591 1762 fol.
1609 1739 1638 1761 78
1654 1738 1680 1761 in
1700 1741 1776 1769 parte
1796 1739 1841 1768 2¹²).
1859 1738 1960 1761 Pluries
1978 1739 2009 1761 de
2025 1738 2083 1770 ipso
2099 1738 2125 1761 in

258 1784 354 1815 Suppl.

257 1902 316 1939 21
326 1902 405 1940 76.
427 1912 648 1946 Assignationes
665 1912 899 1938 baccalareorum
914 1921 967 1948 per
983 1912 1146 1948 Capitulum
1158 1912 1294 1947 generale
1312 1911 1379 1938 Ord.
1396 1911 1635 1937 praedicatorum
1649 1911 1678 1936 in
1691 1911 1788 1937 studio
1803 1911 1976 1938 Parisiensi.

1463 2000 1532 2029 1421,
1548 2000 1617 2025 circa
1631 1999 1693 2024 Maii
1707 2000 1738 2028 11,
1753 1999 1837 2025 Metis.

344 2083 547 2123 Conventui
569 2088 765 2121 Parisiensi
790 2089 970 2133 provintie
991 2089 1141 2121 Francie
1161 2088 1391 2133 assignamus
1412 2087 1455 2120 ad
1477 2087 1673 2132 legendum
1697 2087 1901 2120 Sententias
1923 2099 1988 2131 pro
2009 2087 2122 2119 forma

257 2162 291 2188 et
311 2156 425 2201 gradu
447 2156 646 2200 magisterii
675 2167 740 2201 pro
767 2168 860 2188 anno
887 2156 1094 2188 immediate
1120 2155 1288 2200 sequenti
1317 2155 1493 2187 intraneis
1515 2154 1638 2187 debito
1659 2154 1804 2186 fratrem
1826 2153 2055 2189 Lambertum
2078 2154 2121 2186 de

257 2224 405 2268 Campo,
429 2223 486 2256 cui
517 2222 772 2256 substituimus
802 2223 947 2256 fratrem
978 2223 1190 2256 Nieholaum
1218 2223 1262 2255 de
1293 2222 1471 2261 Roteria¹,
1503 2228 1538 2254 et
1564 2222 1708 2254 fratrem
1740 2221 1952 2254 Miehaelem
1982 2220 2121 2253 Xatell²

256 2290 436 2335 provintie
458 2290 635 2334 ejusdem.
667 2291 735 2323 Pro
765 2290 847 2323 loco
867 2302 955 2324 vero
977 2291 1158 2323 extraneis
1179 2290 1301 2322 debito
1333 2302 1398 2334 pro
1425 2289 1549 2321 eadem
1578 2289 1692 2321 forma
1718 2295 1752 2320 et
1780 2288 1894 2333 gradu
1922 2287 2122 2332 magisterii

257 2357 523 2390 Sententiarum
545 2358 773 2402 assignamus
794 2358 939 2390 fratrem
967 2358 1150 2390 Simonem
1177 2357 1220 2390 de
1247 2357 1380 2397 Laude,
1404 2356 1461 2388 cui
1492 2355 1748 2388 substituimus
1778 2356 1922 2387 fratrem
1949 2354 2120 2387 Thomam

256 2425 398 2469 Ligneii
420 2424 464 2457 (le
486 2425 664 2470 provintia
686 2424 832 2469 Anglie,
855 2437 920 2470 pro
942 2425 1104 2457 secundo
1126 2436 1212 2457 vero
1235 2424 1369 2457 dietum
1395 2424 1539 2456 fratrem
1562 2422 1732 2455 'l'homam
1766 2422 1921 2467 Ligneii,
1948 2422 2005 2454 cui
2035 2421 2121 2454 sub-

256 2492 440 2525 stituimus
467 2492 611 2524 fratrem
639 2491 881 2525 Guillermum
912 2492 1072 2525 Edelie³.
1104 2492 1159 2524 Ad
1189 2491 1385 2536 legendum
1417 2497 1533 2523 autem
1568 2489 1718 2522 Bibliam
1751 2501 1815 2534 pro
1845 2489 1988 2521 duobus
2017 2489 2121 2521 annis

256 2559 462 2591 immediate
484 2558 724 2603 sequentibus
745 2559 974 2604 assignamus
999 2559 1146 2592 fratrem
1171 2558 1369 2591 Johannem
1394 2557 1593 2597 Sarraceni,
1617 2557 1674 2589 cui
1701 2555 1956 2589 substituimus
1976 2556 2120 2588 fratrem

254 2625 453 2659 Johannem
476 2626 520 2658 (le
535 2625 639 2660 Valle
660 2626 840 2671 provintie
862 2626 1024 2667 Francie,
1042 2632 1244 2659 conventus
1266 2625 1501 2665 Bituricens.7
1526 2636 1590 2668 pro
1611 2623 1716 2656 annis
1737 2630 1854 2655 autem
1877 2622 1957 2655 aliis
1978 2622 2122 2655 duobus

254 2693 460 2726 immediate
482 2693 525 2726 ad
546 2693 731 2738 predictos
752 2705 867 2726 annos
889 2693 1128 2738 sequentibus
1149 2693 1193 2725 ad
1214 2692 1370 2724 similem
1392 2692 1564 2724 lecturam
1587 2690 1704 2723 Biblie
1727 2690 1956 2734 assignamus
1977 2690 2120 2722 fratrem

256 2761 421 2793 Petrum*
444 2761 540 2793 Petri
561 2761 606 2793 de
632 2767 815 2793 conventu
837 2760 1088 2806 Ruppellensi,
1111 2760 1168 2792 cui
1191 2758 1447 2792 substituimus
1468 2759 1612 2790 fratrem
1637 2757 1846 2789 Nicholaum
1869 2757 2056 2797 Jaube[r]ti
2078 2757 2122 2790 de

256 2834 438 2861 conventu
458 2827 704 2861 Verdunensi.

349 2926 507 2957 Fragmenta
523 2926 609 2957 Capit.
625 2926 743 2957 general.
760 2925 822 2948 Ord.
839 2925 932 2950 Praed.
949 2925 981 2948 ad
997 2925 1085 2956 ipsum
1101 2925 1226 2948 Ordinem
1241 2924 1408 2956 pertinentia.

379 2974 444 2991 ****
463 2971 558 2995 Chart-
583 2971 661 2995 Univ.
681 2971 776 2995 Puris.
794 2971 835 2994 IV.
1970 2969 2000 2991 50
