2502 3418
293 312 388 349 1452]
635 327 680 348 An
716 327 820 348 ANNO
856 327 1143 349 Moccmcxxxw
1177 326 1308 354 USQUE
1343 326 1390 347 An
1425 326 1562 347 ANNUM
1597 325 1800 347 Mccccrn.
2082 315 2146 347 723

1088 450 1146 480 De
1168 449 1350 480 medicis.

378 555 463 587 Post
478 566 579 587 sacre
597 555 780 600 theologie
798 562 833 588 et
847 555 983 600 jurium
1003 555 1311 588 eminentissimas
1333 553 1521 587 facultates
1539 552 1701 586 succedit
1721 552 1780 584 illa
1803 552 1970 585 salutaris
1991 552 2147 585 humano

288 621 415 665 generi
447 622 638 663 medicina,
671 621 822 655 salutem
854 622 1212 666 incolumitatemque
1241 628 1399 654 nostram
1432 627 1466 653 et
1498 632 1644 654 servare
1675 626 1709 652 et
1738 619 1931 652 restituere
1958 620 2146 664 profitens,

286 688 380 720 circa
401 700 505 732 quam
528 701 638 733 pauca
660 689 813 734 quedam
836 689 1065 722 reformanda
1087 696 1122 722 et
1142 689 1359 733 corrigenda
1381 688 1583 721 videantur.

374 755 487 788 Vetus
508 761 693 796 statutum,
712 768 783 800 quo
801 757 984 801 conjugati
1006 768 1023 788 a
1045 756 1208 801 regentia
1230 756 1266 788 in
1287 755 1454 788 facultate
1478 754 1655 787 medicine
1677 752 1928 798 prohibentur,
1946 752 2095 797 impium
2114 759 2148 785 ct

285 820 532 854 irrationabile
562 828 785 866 reputanteS,
815 835 894 855 eum
925 823 1026 867 ipsos
1056 823 1206 855 maxime
1227 823 1270 855 ad
1300 835 1375 855 eam
1397 822 1599 855 facultatem
1623 820 1819 853 docendam
1848 826 1883 852 et
1910 819 2144 852 exercendam

286 887 424 920 admitti
450 888 588 930 deceat,
612 890 840 934 corrigentes
862 896 894 922 et
917 889 1148 935 abrogantes,
1172 890 1354 922 sancimus
1376 889 1549 933 deinceps
1571 889 1798 932 conjugatos,
1827 887 1857 920 si
1878 887 1974 920 docti
1995 893 2031 919 et
2050 886 2148 919 suffi-

285 954 423 987 cientes
451 962 656 1000 appareant,
689 963 722 989 et
755 969 894 989 morum
923 957 1097 1002 gravitate
1126 957 1298 989 decenter
1327 956 1455 996 ornati,
1487 955 1530 988 ad
1562 955 1763 1000 regendum
1794 954 1830 986 in
1859 954 1951 987 dicta
1978 953 2146 986 facultate

285 1021 542 1064 admittendos,
572 1023 642 1055 nisi
664 1035 727 1056 eos
755 1023 882 1056 levitas
911 1031 971 1056 aut
990 1024 1117 1057 vitium
1139 1023 1286 1068 aliquod
1317 1023 1444 1056 reddat
1470 1022 1661 1067 indignos;
1685 1033 1796 1066 super
1817 1033 1888 1066 quo
1911 1021 2089 1065 judicium
2113 1027 2143 1053 et

285 1089 546 1122 correctionem
569 1089 811 1135 relinquimus
831 1091 1002 1124 facultati.

373 1157 461 1188 Item
490 1169 568 1189 cum
595 1157 723 1189 artium
751 1158 908 1190 studium
941 1158 983 1191 ad
1005 1158 1252 1203 cognitionem
1275 1157 1454 1189 medicine
1480 1156 1567 1189 utile
1589 1163 1623 1189 et
1644 1156 1843 1201 expediens
1864 1155 2040 1196 videatur,
2066 1167 2147 1200 pre-

284 1223 409 1255 sertim
435 1230 553 1256 autem
576 1223 822 1269 philosophie,
850 1237 892 1257 ex
914 1237 981 1269 qua
1003 1225 1180 1270 principia
1202 1231 1391 1257 sumantur
1412 1224 1455 1257 ad
1486 1224 1714 1264 medicinam,
1742 1235 1846 1267 quam
1873 1229 2012 1255 constat
2040 1222 2143 1255 etiam

283 1289 320 1321 in
341 1301 460 1322 rerum
483 1290 699 1323 naturalium
721 1291 931 1336 cognitione
953 1292 1149 1331 fundatam,
1178 1292 1285 1324 nimis
1314 1291 1443 1323 durum
1465 1291 1610 1323 videtur
1631 1302 1712 1323 esse
1739 1296 1909 1322 statutum
1940 1289 2031 1322 illud
2057 1289 2147 1322 anti-

283 1367 406 1400 quum,
436 1368 507 1401 quo
535 1357 704 1390 statuitur
730 1364 902 1403 regentes
933 1359 970 1390 in
999 1358 1166 1391 facultate
1187 1358 1316 1391 artium
1339 1370 1411 1390 non
1432 1357 1620 1402 acquirere
1649 1364 1790 1402 tempus
1818 1356 1855 1388 in
1883 1356 2004 1389 studio
2033 1356 2147 1388 medi-

283 1422 411 1455 cine³⁸.
443 1424 517 1456 Nos
544 1423 656 1469 igitur
676 1425 814 1469 antiqui
842 1425 965 1458 statuti
987 1426 1216 1459 severitatem
1239 1431 1496 1470 temperantes,
1528 1436 1572 1456 ne
1601 1424 1731 1456 medici
1760 1423 1979 1456 necessariis
2004 1429 2147 1456 careant

282 1490 485 1535 principiis,
517 1503 583 1524 nec
613 1491 805 1524 admodum
839 1492 1044 1537 peregrinis
1076 1492 1208 1525 studiis
1238 1505 1255 1525 a
1285 1491 1477 1537 principali
1507 1491 1628 1523 studio
1659 1490 1838 1523 medicine
1867 1489 2144 1523 distrahantur:

282 1557 472 1590 statuimus
493 1565 665 1603 regentes
692 1559 728 1591 in
757 1559 894 1592 artibus
916 1566 997 1592 ante
1019 1559 1313 1598 bachalariatum,
1342 1559 1531 1591 dimidium
1561 1558 1734 1602 temporis
1765 1558 1802 1589 in
1832 1557 1995 1602 regentia
2016 1557 2143 1589 artium

281 1624 437 1669 impensi
459 1625 495 1657 in
516 1625 697 1658 medicine
717 1626 885 1659 facultate
907 1626 1053 1667 lucrari,
1077 1627 1123 1659 ita
1144 1626 1241 1671 quod
1263 1638 1327 1671 pro
1349 1625 1493 1658 duobus
1514 1625 1618 1658 annis
1639 1625 1676 1657 in
1697 1624 1835 1657 artibus
1857 1636 1951 1657 unus
1971 1635 2087 1657 annus
2109 1624 2145 1656 ln

280 1691 448 1724 facultate
478 1692 658 1725 medicine
690 1699 936 1738 computetur;
972 1700 1052 1738 post
1085 1693 1363 1726 bachalariatum
1395 1699 1510 1725 autem
1544 1691 1780 1737 prohibemus
1811 1703 1875 1724 eos
1904 1691 2008 1724 alteri
2038 1703 2141 1736 quam

282 1758 461 1791 medicine
482 1759 672 1792 intendere
694 1760 866 1801 facultati,
885 1760 916 1793 si
938 1767 1080 1805 teinpus
1102 1760 1172 1793 sibi
1193 1760 1394 1805 computari
1415 1759 1610 1793 voluerint.

370 1827 458 1858 Item
487 1826 678 1859 statuimus
708 1833 742 1859 et
773 1827 983 1860 ordinamus
1010 1827 1107 1872 quod
1138 1840 1217 1860 cum
1248 1840 1266 1860 a
1295 1827 1474 1872 principio
1496 1826 1782 1871 Quadragesime
1803 1837 1919 1870 usque
1940 1825 1983 1858 ad
2011 1826 2140 1858 festum

280 1892 448 1925 Omnium
480 1893 705 1934 Sanctorum,
736 1894 826 1926 nulli
853 1894 911 1928 vel
942 1895 1045 1939 pauci
1076 1894 1268 1927 admodum
1300 1894 1386 1927 fiant
1412 1900 1512 1926 actus
1543 1894 1579 1926 in
1611 1893 1778 1926 facultate
1809 1892 1989 1925 medicine
2020 1898 2141 1937 preter

279 1959 455 1993 lectiones
486 1960 688 1993 ordinarias
719 1967 753 1993 et
786 1961 1103 2003 extraordinarias,
1137 1974 1225 2006 quas
1255 1961 1425 1994 nolumus
1456 1961 1659 2001 intermitti,
1689 1960 1919 1992 decernimus
1947 1959 1983 1991 id
2014 1959 2050 1991 in
2075 1958 2141 1991 hac

278 2027 444 2060 facultate
467 2028 685 2061 servandum
707 2028 805 2073 quod
827 2029 863 2060 in
885 2028 965 2061 aliis
987 2028 1217 2062 facultatibus
1239 2035 1295 2061 est
1322 2028 1554 2061 laudabiliter
1573 2028 1831 2068 institutum³⁹;
1854 2026 2024 2060 videlicet
2044 2026 2140 2070 quod

276 2093 503 2126 bachalarius
529 2094 771 2127 licentiandus
797 2095 887 2127 infra
910 2095 1112 2140 predictum
1144 2102 1286 2140 tempus
1314 2095 1442 2128 habeat
1470 2094 1613 2140 publice
1634 2094 1671 2126 in
1692 2093 1936 2138 disputatione
1958 2093 2138 2125 ordinaria

278 2161 514 2205 respondere,
534 2161 595 2193 ubi
616 2161 659 2194 ad
680 2168 869 2206 utramque
887 2169 1022 2207 partem
1041 2163 1307 2207 propositarum
1327 2162 1557 2207 questionum
1575 2167 1758 2206 arguatur,
1777 2159 1971 2193 bachalarii
1992 2172 2136 2206 quoque

277 2235 488 2273 argumenta
510 2236 725 2274 proponant,
743 2229 921 2274 replicent
941 2230 1046 2262 etiam
1069 2230 1242 2262 decenter
1261 2237 1296 2262 et
1315 2230 1478 2262 modeste
1499 2230 1599 2273 juxta
1622 2240 1757 2261 morem
1780 2228 1816 2260 in
1835 2227 2001 2260 facultate
2023 2227 2136 2260 medi-

277 2295 357 2328 cine
385 2295 558 2328 hactenus
587 2295 831 2330 observatum.
859 2297 1115 2330 Iuterdicimus
1147 2304 1263 2330 tamen
1296 2297 1405 2341 hujus
1436 2296 1692 2341 disputationis
1719 2301 1883 2340 pretextu
1910 2293 2134 2327 bachalarios

277 2362 320 2395 ad
342 2369 507 2407 sumptus
535 2362 676 2407 aliquos
697 2363 754 2396 vel
783 2376 962 2408 expensas
992 2364 1145 2409 astringi
1166 2364 1223 2397 vel
1251 2364 1421 2404 coartari3
1451 2363 1622 2396 intersint
1651 2369 1766 2395 autem
1794 2362 1900 2394 dictis
1921 2362 2135 2406 disputatio-

277 2429 385 2462 nibus
406 2430 570 2475 magistri
591 2437 763 2475 regentes
781 2431 969 2472 ordinarii,
986 2438 1025 2464 ut
1042 2432 1084 2464 de
1107 2431 1391 2464 bachalariorum
1410 2431 1624 2463 sufficientia
1645 2430 1779 2462 rectius
1800 2428 2014 2474 perhibeant
2034 2429 2135 2461 testi-

277 2497 450 2538 monium,
469 2497 565 2542 quod
587 2496 772 2542 perhiberi
792 2497 960 2531 volumus
977 2505 1011 2531 et
1032 2499 1242 2531 mandamus
1264 2505 1452 2542 antequam
1470 2497 1715 2530 admittantur.
1738 2495 1949 2528 lnhibentes
1970 2502 2133 2540 preterea

274 2563 488 2596 cancellario
519 2564 555 2596 in
576 2564 708 2597 virtute
742 2571 865 2597 sancte
893 2564 1116 2606 obedientie,
1148 2578 1192 2597 ne
1221 2577 1435 2610 quemquam
1463 2563 1703 2597 bachalarium
1733 2563 1907 2604 admittat,
1935 2562 2005 2595 nisi
2032 2562 2132 2607 prius

275 2630 346 2663 sibi
374 2630 418 2663 de
440 2630 532 2663 dicta
554 2631 799 2675 disputatione
821 2632 1037 2664 constiterit.
1070 2634 1142 2665 IIec
1173 2639 1290 2665 autem
1322 2639 1445 2664 nostra
1473 2637 1602 2664 statuta
1630 2637 1665 2663 et
1694 2630 1942 2663 ordinationes
1971 2629 2008 2661 in
2028 2629 2133 2662 libris

274 2698 504 2742 antiquorum
526 2698 642 2742 ipsius
662 2698 841 2731 facultatis
867 2705 1082 2731 statutorum
1111 2699 1223 2731 inseri
1245 2699 1425 2740 volumus,
1455 2705 1489 2731 et
1516 2698 1679 2730 annotari
1705 2698 1748 2730 de
1770 2696 1881 2730 verbo
1903 2697 1945 2729 ad
1966 2696 2132 2738 verbum,

274 2771 310 2797 et
328 2777 393 2809 per
413 2765 581 2810 singulos
602 2776 717 2797 annos
737 2765 774 2797 in
795 2765 985 2810 principiis
1007 2766 1282 2799 Ordinariorum
1304 2766 1516 2799 solemniter
1537 2765 1726 2810 publicari.
