2502 3418
243 327 339 363 1411]
591 340 636 361 AB
671 340 776 361 ANNO
810 340 1098 362 ncccrxxxxtv
1132 340 1262 367 USQUE
1294 339 1341 360 AD
1377 340 1513 361 .xNNrM
1549 341 1753 362 mccccmr
2042 333 2106 364 209

247 456 386 492 1923.
413 464 530 490 Carolus
552 466 593 498 VI,
613 473 664 490 rex
680 465 827 496 Franz-iae,
848 465 1027 500 privilegium
1051 464 1249 490 Universitatis
1265 465 1359 490 Par-is.
1384 464 1552 490 instituendi
1573 465 1708 490 librarios
1729 467 1867 499 agnoscit,
1889 467 2039 502 edic-itque,
2058 468 2108 492 hos

332 514 408 539 solos
424 513 559 539 librarios
580 514 762 540 Unio-ersitati
771 514 895 549 juratos,
912 522 967 539 non
980 513 1064 546 alios,
1080 515 1128 548 jas
1142 513 1247 539 haber-e
1264 513 1291 538 in
1307 513 1374 539 villa
1388 514 1482 539 Paris.
1498 513 1586 539 libr-os
1598 514 1710 539 emendi
1723 515 1762 539 ad
1778 515 1945 541 vendendos.
1959 516 2107 542 Charles...

330 571 368 589 au
383 561 530 596 prevost...
547 563 588 589 De
603 563 630 588 la
644 563 769 596 partie...
787 561 890 588 Donne
905 561 921 588 a
937 563 1013 588 Paris
1027 563 1052 589 le
1067 571 1103 588 xx
1118 563 1187 596 j0ur
1206 563 1241 588 de
1257 563 1337 591 Juin,
1361 563 1417 588 l'an
1433 563 1469 588 de
1488 571 1572 595 grace
1588 563 1639 588 mil
1656 563 1744 589 CCCC
1767 565 1795 589 et
1816 572 1897 592 onze,
1914 566 1942 590 et
1956 565 1991 590 dc
2013 567 2110 592 nostre

331 620 418 647 regne
434 612 459 638 le
472 612 546 645 xxxj.

1491 657 1533 682 m
1539 657 1554 686 1,
1569 657 1639 682 dunis
1650 657 1692 685 20,
1710 657 1823 682 Parisiis.

337 746 416 768 Actes
430 747 618 768 concerno-ms
635 744 659 767 le
673 744 792 774 pouvoir
807 746 839 767 de
854 743 1033 768 I'Universite'
1052 745 1084 767 de
1099 745 1186 768 Paris
1205 751 1257 768 sur
1272 744 1308 768 les
1324 745 1472 772 e'crivains,
1489 747 1549 774 etc„
1565 753 1591 773 p.
1609 745 1635 767 21
1653 753 1691 775 sq,
1709 759 1734 761 —
1752 745 1778 769 P.
1796 745 1941 773 Duum„
1956 741 2045 769 Ecude
2060 752 2111 769 sur

245 788 268 812 le
283 788 398 812 libraire
410 789 549 817 Part-sien,
565 797 591 819 p.
607 791 645 812 55.
661 802 688 806 —
705 789 871 816 chnnorr,
886 789 938 812 Die
951 788 1297 818 Handschriflenhdndler
1312 790 1358 812 des
1374 789 1551 813 Mittelalters
1567 790 1589 818 (2
1605 789 1668 818 ed.),
1682 798 1707 820 p.
1725 789 1778 812 169.

249 955 388 992 1924.
412 963 555 989 lohannes
573 965 673 989 XXIII
690 964 829 999 permittit
849 964 970 989 Roberto
986 964 1021 989 de
1041 965 1145 989 Sancto
1162 963 1324 998 Germano⁴‚
1341 963 1437 999 presb.
1458 965 1604 997 Rotomag.
1625 963 1725 998 dioec,
1750 973 1822 997 mag.
1842 964 1870 989 in
1885 964 2027 989 medicina
2043 968 2069 989 et
2086 965 2113 989 in

334 1016 400 1047 art.‚
419 1016 449 1038 ut
461 1012 609 1048 physicam
628 1012 752 1038 Parisiis
769 1012 810 1038 vel
825 1013 851 1037 ln
871 1022 1038 1048 quocunque
1056 1012 1115 1038 alio
1131 1013 1227 1038 studio
1240 1013 1370 1047 generali
1387 1012 1484 1048 quoad
1504 1013 1605 1038 vizerit
1623 1012 1724 1047 legere,
1746 1013 1772 1037 in
1790 1012 1842 1038 illa
1858 1022 1954 1047 regere
1970 1016 1996 1038 et
2019 1022 2113 1038 omnes

332 1065 414 1087 actus
428 1061 616 1087 scholasticos
632 1070 764 1087 exercere
774 1061 876 1097 possit.
889 1062 953 1089 Dat.
969 1062 1060 1088 Rome
1074 1070 1119 1095 ap.
1135 1062 1161 1088 S.
1177 1063 1295 1088 Petrum
1312 1064 1368 1088 oct.
1386 1062 1425 1087 id.
1441 1062 1520 1090 Julii.
1535 1070 1582 1087 an.
1595 1062 1732 1087 secundo
1751 1072 1763 1084 «
1777 1062 1939 1087 Literarum
1955 1062 2072 1088 scientia
2087 1074 2113 1088 υ.

1535 1151 1600 1180 1411,
1615 1151 1676 1176 ιΙιΙΙῘῘ
1687 1151 1712 1180 8,
1728 1151 1828 1177 Romae.

338 1186 400 1216 Reg.
416 1185 471 1208 vat.
489 1185 611 1208 Lateran.
624 1185 684 1208 Joh.
701 1185 791 1215 XXIII,
806 1189 835 1207 110
851 1185 904 1213 157,
922 1186 967 1208 sol.
984 1186 1038 1208 132.

339 1269 363 1294 1.
378 1270 423 1293 An.
438 1269 507 1297 1417,
524 1269 654 1297 Decemb„
672 1272 697 1292 et
710 1269 779 1298 1418,
795 1270 859 1298 Jul.,
873 1269 982 1292 affertur
995 1272 1023 1292 ut
1036 1269 1163 1300 physicus
1177 1269 1285 1300 reginae
1298 1269 1423 1292 Franciae
1439 1273 1464 1292 et
1479 1270 1599 1292 decanat.
1617 1270 1678 1293 eccl.
1696 1270 1850 1293 Abrincens,
1862 1270 1994 1293 desiderat
2011 1271 2113 1302 (Suppl.

246 1315 323 1337 Mart.
340 1314 367 1341 V,
383 1318 412 1336 n⁰
428 1315 481 1343 103,
499 1314 543 1338 sol.
560 1315 618 1343 ‘2893
635 1318 664 1336 no
680 1314 733 1342 110,
751 1314 795 1337 sol.
813 1314 890 1343 273b).

253 1480 392 1517 1925.
415 1490 558 1515 Iohannes
574 1491 674 1515 XXIII
685 1490 915 1525 praerogativam
932 1491 1028 1524 quinti
1049 1491 1163 1517 articuli
1184 1491 1367 1517 Universitati
1387 1491 1495 1523 Paria,
1514 1491 1566 1516 sub
1585 1491 1756 1526 quibusdam
1779 1495 1872 1517 tamen
1892 1492 2115 1527 exceptionibus,

339 1539 486 1565 concessit.

1435 1589 1502 1618 1410,
1519 1590 1568 1615 ιΙυΙ.
1590 1590 1633 1618 10,’
1648 1590 1714 1618 1411,
1730 1590 1778 1614 dul.
1797 1590 1833 1615 10.

340 1676 598 1709 Sanctissimus
621 1676 791 1709 dominus
818 1683 943 1709 noster
962 1676 1147 1709 ,Iohannes
1171 1689 1260 1722 papa
1282 1678 1416 1715 XXIII,
1439 1679 1488 1721 vj⁰
1510 1677 1557 1709 id.
1586 1677 1671 1709 Julii
1694 1676 1925 1721 pontificatus
1949 1677 2005 1709 sui
2026 1688 2119 1708 anno

251 1743 380 1787 primo,
403 1743 439 1775 in
460 1743 618 1775 favorem
640 1749 675 1775 et
695 1755 760 1787 pro
782 1743 1007 1776 incremento
1031 1744 1286 1776 Universitatis
1308 1744 1526 1776 parisiensis
1549 1743 1659 1776 studii
1677 1743 1884 1784 declaravit,
1902 1743 2028 1784 voluit,
2052 1750 2122 1775 sta-

251 1810 319 1842 tuit
339 1816 374 1842 et
399 1809 590 1850 ordinavit,
615 1810 713 1854 quod
738 1809 802 1842 hac
823 1810 902 1843 vice
925 1810 1096 1842 duntaxat
1121 1810 1157 1842 in
1184 1809 1367 1855 theologia
1390 1822 1429 1842 ac
1451 1810 1608 1842 decretis
1635 1809 1860 1851 doctoribus,
1884 1810 2063 1842 medicina
2088 1816 2123 1842 et

251 1875 388 1908 artibus
410 1876 595 1921 magistris
616 1876 653 1908 in
674 1876 793 1909 rotulo
812 1877 1069 1909 Universitatis
1091 1877 1203 1909 studii
1224 1877 1441 1910 Parisiensis
1464 1889 1528 1921 per
1549 1889 1630 1909 eum
1653 1877 1795 1921 signato
1814 1876 2007 1921 descriptis
2030 1883 2065 1908 et
2085 1876 2122 1908 in

250 1943 330 1988 ipso
357 1943 477 1976 studio
501 1949 662 1987 tempore
684 1943 764 1976 date
786 1943 902 1988 ipsius
925 1943 1033 1976 rotuli
1050 1950 1129 1976 actu
1152 1950 1187 1976 et
1207 1944 1285 1976 sine
1306 1943 1432 1976 fraude
1454 1955 1518 1988 per
1534 1944 1647 1988 ipsam
1671 1943 1950 1976 Universitatem
1974 1955 2123 1987 presen-

251 2009 348 2042 tibus
374 2010 562 2054 reputatis,
590 2016 625 2043 et
650 2010 711 2054 qui
739 2010 775 2042 in
801 2010 925 2042 eadem
952 2010 1163 2054 hujusmodi
1190 2010 1340 2055 gradum
1368 2016 1404 2043 et
1429 2010 1565 2055 gradus
1593 2010 1810 2054 receperint,
1834 2010 1869 2042 in
1891 2010 2120 2042 assecutione

251 2076 420 2109 beneficii
442 2088 506 2109 seu
527 2076 802 2118 beneficiorum,
822 2078 918 2122 quod
936 2090 1001 2110 seu
1019 2089 1088 2122 que
1110 2078 1236 2122 vigore
1258 2077 1451 2122 gratiarum
1476 2077 1528 2109 eis
1550 2077 1586 2109 in
1610 2077 1705 2109 dicto
1728 2076 1846 2109 rotulo
1868 2077 2040 2109 saetarum
2062 2088 2122 2109 ex-

252 2149 408 2187 pectant,
430 2143 521 2175 nulli
542 2143 602 2175 alii
623 2144 700 2176 sive
721 2143 813 2177 alius
836 2144 904 2177 sul)
926 2156 1153 2189 quacumque
1176 2144 1255 2176 data
1281 2144 1357 2189 pari
1378 2151 1436 2176 aut
1464 2144 1603 2188 majori,
1631 2144 1692 2188 qui
1718 2143 1761 2176 ab
1788 2143 1916 2175 eodem
1941 2143 2008 2175 sub
2035 2155 2122 2187 qua-

253 2221 407 2254 cumque
427 2210 540 2242 forma
561 2211 754 2243 verborum
777 2211 912 2256 gratias
934 2211 1177 2256 expectativas
1198 2211 1433 2243 obtinuerunt
1456 2211 1513 2243 vel
1531 2211 1566 2242 in
1584 2217 1769 2255 posterum
1793 2209 2022 2250 obtinebunt,
2042 2222 2123 2254 pre-

248 2276 414 2320 judicare
444 2276 560 2309 valeat
593 2277 722 2322 quovis
759 2278 867 2310 modo
902 2290 968 2310 nec
1004 2278 1159 2322 preferri
1194 2277 1363 2317 debeant,
1399 2278 1515 2322 ipsius
1552 2277 1689 2309 domini
1722 2277 1837 2309 nostri
1870 2276 2120 2316 familiaribus,

254 2342 479 2384 domesticis,
501 2344 684 2376 continuis
705 2344 1014 2378 commensalibus
1030 2344 1090 2377 sel.
1114 2357 1186 2377 rec.
1205 2344 1401 2377 Alexandri
1419 2356 1508 2389 pape
1524 2345 1556 2377 V
1576 2344 1851 2388 predecessoris
1871 2343 1927 2375 sui
1944 2350 1979 2375 et
2000 2350 2122 2375 sancte

255 2411 414 2442 Romane
443 2410 598 2443 ecclesie
624 2411 859 2444 cardinalium
885 2412 922 2444 in
950 2413 1113 2456 ipsorum
1144 2412 1340 2444 Alexandri
1367 2418 1402 2444 et
1431 2411 1667 2443 cardinalium
1699 2409 1960 2455 principalibus
1994 2410 2123 2442 rotulis

255 2477 474 2521 inscriptis¹,
505 2477 686 2510 similibus
711 2478 962 2519 familiaribus,
996 2486 1080 2511 tunc
1111 2479 1163 2511 cis
1192 2479 1228 2510 in
1257 2478 1355 2510 curia
1387 2477 1629 2523 personaliter
1657 2476 1935 2517 servientibus2,
1964 2476 2123 2521 singulis

255 2543 395 2576 duabus
419 2544 588 2588 personis
610 2544 867 2577 ecclesiasticis
889 2546 924 2577 in
947 2545 1066 2578 rotulo
1088 2545 1271 2578 conclavis
1293 2545 1492 2589 inscriptis,
1516 2556 1585 2588 que
1612 2544 1648 2576 in
1669 2543 1845 2583 conclavi,
1868 2543 1904 2575 in
1930 2555 2001 2587 quo
2027 2543 2121 2575 idem

255 2609 425 2643 dominus
446 2617 571 2643 noster
591 2611 657 2643 fuit
677 2619 899 2656 assumptus,
921 2612 1037 2644 eidem
1066 2619 1100 2644 et
1126 2611 1283 2657 singulis
1304 2611 1384 2644 aliis
1408 2612 1444 2643 in
1471 2623 1513 2643 eo
1536 2610 1776 2643 existentibus
1800 2609 2040 2654 personaliter
2061 2610 2124 2642 do-

255 2676 362 2709 minis
384 2677 629 2710 cardinalibus
651 2678 870 2718 servierunt,
893 2679 1178 2723 prothonotariis
1199 2691 1237 2710 ac
1259 2678 1563 2710 contradictarum
1587 2677 1763 2717 auditore,
1788 2683 2006 2715 correctore,
2031 2677 2123 2709 rese-

254 2743 447 2784 rendariis,
465 2744 714 2786 subdiaconis,
736 2744 852 2777 tribus
873 2745 1036 2790 acolytis,
1059 2744 1288 2778 auditoribus
1311 2745 1430 2789 palatii
1451 2744 1654 2788 apostolici,
1675 2743 1915 2788 scriptoribus
1938 2743 2122 2776 literarum

257 2810 536 2854 apostolicarum
565 2823 679 2855 usque
706 2811 749 2844 ad
774 2823 963 2844 numerum
991 2812 1184 2844 duodecim
1214 2812 1249 2843 in
1273 2811 1487 2843 cancellaria
1515 2810 1760 2850 nominandis,
1788 2809 1983 2854 nepotibus
2010 2810 2125 2842 domi-

258 2887 385 2908 norum
410 2877 659 2919 cardinalium,
687 2877 871 2919 fratribus,
899 2878 984 2911 filiis
1013 2890 1051 2910 ac
1081 2878 1276 2922 nepotibus
1309 2890 1449 2922 regum,
1474 2878 1618 2917 ducum,
1650 2876 1911 2918 marchionum,
1941 2877 2124 2918 comitum,

385 2937 447 2954 *ΗΕ*
467 2935 562 2959 Chare.
586 2935 664 2959 Unio.
684 2935 780 2959 Paris.
800 2936 841 2959 IV.
1977 2935 2004 2957 27
