2502 3418
410 316 472 348 190
989 328 1307 350 ann'rULAiuuM
1343 327 1532 349 UNivsns.
1572 327 1694 348 rmus.
2175 311 2275 347 [1410

409 400 522 433 siensi
539 401 633 445 apud
651 401 819 434 Sanctum
842 402 1059 434 Maturinum
1078 402 1164 435 hora
1182 402 1332 447 septima
1354 402 1398 434 de
1420 413 1523 433 mane
1544 400 1756 433 solemniter
1773 405 1993 444 congregata
2014 405 2049 431 et
2069 398 2275 442 specialiter

410 479 472 511 per
487 468 747 511 juramentum,
766 475 804 501 ut
826 469 935 501 moris
954 476 1021 510 est,
1039 475 1232 501 convocata
1250 469 1293 501 ad
1311 468 1585 501 deliberandum
1610 479 1720 511 super
1737 465 1881 498 duobus
1902 465 2079 504 articulis,
2097 469 2275 509 [quorum]

409 534 547 578 primus
575 541 650 567 erat
674 535 718 567 acl
745 535 963 567 audiendum
993 535 1131 568 litteras
1159 542 1322 579 patentes
1348 535 1580 567 transmissas
1607 533 1724 566 eidem
1752 532 1987 565 Universitati
2013 543 2078 576 per
2107 531 2275 564 dominos

409 600 520 633 duces
546 601 696 641 Biturie,
727 601 1041 642 Aurelian[ensis],
1075 602 1118 633 de
1145 601 1344 641 Borbonio,
1372 601 1597 644 comitesque
1626 599 1817 640 Alenconii
1843 603 1901 640 [et]
1927 598 2145 639 Armeniaci,
2173 598 2275 643 sigil-

407 667 526 712 lisque
547 668 709 712 ipsorum
733 668 923 713 sigillatas.
947 668 1136 701 Secundus
1158 675 1234 700 erat
1255 680 1365 712 super
1387 666 1723 711 supplicacionibus
1741 672 1776 698 et
1791 666 1936 710 injuriis
1956 677 1962 697 z
1986 665 2022 697 in
2040 677 2111 710 quo
2129 665 2273 709 quidem

407 734 558 767 articulo
581 747 645 779 pro
668 741 767 779 parte
787 735 1049 768 venerabilium
1073 741 1107 766 et
1128 734 1385 778 religiosorum
1407 734 1566 766 virorum
1590 732 1748 765 abbatis²
1776 739 1811 764 et
1836 739 2038 765 conventus
2064 732 2274 764 monasterii

408 801 526 833 Sancti
543 801 702 834 Victoris
718 802 819 845 juxta
836 802 1010 842 Parisius,
1029 813 1094 845 per
1111 813 1287 845 organum
1304 800 1525 833 venerabilis
1546 806 1581 832 et
1601 799 1844 843 circunspecti
1860 799 1928 831 viri
1947 799 2110 842 magistri
2127 799 2272 831 Henrici

409 868 574 909 Pistoris,
602 879 702 901 sacre
731 867 914 912 theologie
942 867 1177 912 professoris,
1204 867 1289 899 dicti
1311 867 1522 899 monasterii
1549 866 1728 911 religiosi,
1756 866 1824 898 suit
1842 865 2029 898 humiliter
2050 865 2168 898 eidem
2192 866 2274 898 Uni-

406 935 567 967 versitati
589 934 842 979 supplicatum,
862 934 959 979 quod
980 946 1060 966 cum
1082 934 1284 979 predictum
1302 934 1561 966 monasterium
1583 933 1714 966 fuisset
1734 932 1777 966 ab
1795 932 1945 977 antiquo
1967 932 2011 965 de
2032 933 2173 977 gremio
2191 933 2274 965 Uni-

406 1002 587 1034 versitatis
604 1001 765 1046 predicte
782 1007 984 1045 reputatum
1003 1008 1170 1045 tanquam
1188 1013 1297 1033 unum
1317 1001 1360 1033 de
1378 1001 1455 1033 suis
1473 1000 1654 1044 collegiis,
1673 1006 1708 1032 et
1727 999 1795 1033 hoc
1811 999 1920 1032 certis
1942 1006 1976 1032 et
1998 999 2274 1032 rationabilibus

407 1068 451 1100 de
480 1068 598 1100 causis
625 1067 914 1112 quamplurimis,
942 1080 1094 1112 quarum
1124 1067 1243 1111 alique
1273 1068 1421 1100 suerunt
1446 1079 1510 1111 per
1539 1079 1716 1111 organum
1739 1067 1824 1099 dicti
1851 1066 2016 1111 magistri
2042 1078 2215 1111 expresse
2241 1073 2277 1099 et

406 1134 598 1175 declarate,
621 1147 700 1166 cum
728 1135 832 1167 etiam
859 1135 896 1166 in
920 1134 1084 1179 predicto
1112 1135 1333 1167 monasterio
1355 1134 1540 1179 viguerint
1567 1140 1602 1166 et
1622 1133 1814 1167 ssoruerint
1836 1133 2069 1178 quamplures
2091 1133 2275 1166 solemnes

406 1201 574 1233 doctores
595 1200 771 1245 theologi,
795 1207 833 1233 ut
854 1208 937 1245 puta
959 1202 1078 1246 Hugo,
1101 1201 1316 1242 Richardus,
1340 1201 1465 1242 Adam,
1490 1201 1590 1234 Brito
1612 1207 1648 1233 et
1670 1200 1818 1245 plurimi
1839 1200 1912 1241 alii,
1935 1200 1996 1245 qui
2022 1212 2085 1233 sua
2111 1200 2275 1233 doctrina

405 1274 440 1300 et
459 1267 563 1300 libris
579 1267 623 1300 ab
640 1268 693 1300 eis
715 1268 822 1300 editis
844 1268 1042 1312 predictam
1065 1268 1344 1301 Universitatem
1363 1267 1614 1312 multipliciter
1634 1267 1900 1301 decoraverunt
1920 1274 1955 1300 et
1975 1267 2250 1301 illustraverunt
2267 1279 2274 1300 z

405 1335 575 1379 quodque
601 1347 665 1379 per
691 1335 877 1367 dominum
905 1342 1070 1368 nostrum
1095 1347 1217 1380 regem
1246 1342 1281 1367 et
1302 1336 1382 1379 ejus
1403 1335 1596 1368 consilium
1622 1335 1754 1367 suisset
1780 1346 2008 1376 concessum,
2033 1335 2128 1379 quod
2156 1335 2275 1367 omnia

404 1401 558 1446 collegia
587 1401 681 1434 dicte
710 1402 966 1435 Universitatis
998 1402 1296 1446 persolverentur
1326 1402 1370 1434 de
1399 1401 1570 1434 omnibus
1598 1402 1794 1446 arreragiis
1823 1401 1893 1434 sibi
1921 1401 2055 1434 debitis
2085 1413 2201 1446 usque
2231 1402 2275 1434 ad

405 1468 744 1512 quartamdecimam
774 1468 868 1500 diem
893 1452 1031 1501 mensis
1055 1469 1138 1501 Maii
1168 1469 1294 1501 ultimo
1321 1469 1448 1515 elapsi,
1477 1469 1521 1501 de
1548 1481 1616 1513 qua
1641 1469 1882 1502 concessione
1910 1468 2012 1501 multi
2038 1469 2081 1501 de
2106 1468 2274 1514 collegiis

406 1535 541 1579 prefate
557 1535 826 1574 Universitatis,
845 1535 1053 1580 specialiter
1070 1535 1236 1580 religiosi
1252 1535 1338 1569 dicti
1358 1535 1508 1581 collegii
1530 1548 1594 1568 seu
1615 1536 1829 1568 monasterii
1850 1536 1970 1568 Sancti
1989 1536 2162 1576 Victoris,
2181 1535 2275 1568 obti-

404 1609 563 1634 nuerunt
586 1602 710 1634 literas
741 1602 862 1647 regias
890 1602 988 1635 datas
1017 1602 1110 1635 dicta
1138 1609 1262 1647 quarta
1290 1603 1429 1636 decima
1456 1603 1513 1635 die
1540 1603 1678 1635 mensis
1704 1603 1788 1635 Maii
1816 1603 2010 1636 directivas
2037 1602 2274 1636 thesaurariis

405 1669 622 1701 mentionem
652 1669 839 1710 facientes,
871 1669 967 1714 quod
1001 1669 1138 1702 eisdem
1172 1670 1216 1703 de
1247 1671 1377 1703 Sancto
1411 1670 1556 1703 Victore
1584 1670 1734 1702 indilate
1769 1670 1998 1715 persolvatur
2028 1670 2073 1702 de
2102 1669 2273 1703 omnibus

404 1735 599 1779 arreragiis
621 1735 691 1767 sibi
718 1735 865 1776 debitis,
886 1747 924 1767 ac
947 1736 1051 1768 etiam
1082 1748 1146 1780 per
1173 1736 1307 1769 dictum
1335 1736 1520 1768 dominum
1545 1743 1708 1769 nostrum
1732 1748 1855 1781 regem
1885 1737 1977 1769 circa
2003 1736 2109 1769 finem
2136 1737 2274 1769 mensis

403 1802 488 1834 Julii
515 1802 641 1835 ultimo
672 1802 784 1846 elapsi
818 1802 924 1835 dictis
955 1802 1124 1848 collegiis
1155 1803 1414 1836 Universitatis
1438 1803 1569 1836 suisset
1595 1804 1780 1848 assignata
1806 1815 1944 1836 sumnia
1975 1803 2099 1836 decem
2131 1810 2166 1836 et
2192 1810 2272 1836 octo

405 1869 556 1901 millium
583 1869 756 1901 librarum
786 1869 994 1914 parisiens,
1021 1876 1056 1902 et
1081 1870 1125 1902 de
1151 1869 1218 1902 hoc
1244 1870 1401 1903 fuissent
1428 1870 1509 1903 date
1530 1870 1651 1903 littere
1673 1871 1895 1912 executorie,
1917 1870 2088 1915 quatinus
2114 1870 2274 1915 placeret

404 1936 498 1969 dicte
516 1936 751 1969 Universitati
768 1936 968 1981 predictum
992 1937 1266 1978 monasterium,
1283 1937 1455 1970 videlicet
1475 1937 1639 1970 abbatem
1662 1944 1698 1970 et
1716 1945 1935 1971 conventum
1952 1938 2136 1983 predictos
2154 1938 2273 1971 Sancti

403 2003 576 2044 Victoris,
598 2003 757 2047 benigne
779 2003 955 2048 recipere,
980 2010 1015 2036 ct
1036 2003 1073 2035 in
1098 2015 1183 2036 casu
1206 2016 1277 2048 quo
1300 2005 1525 2049 reperiretur
1546 2005 1643 2049 quod
1665 2016 1805 2038 summa
1825 2005 1946 2038 totalis
1967 2005 2177 2038 cedularum
2202 2011 2273 2038 tra-

404 2070 557 2103 ditarum
580 2069 816 2102 thesaurariis
838 2070 936 2115 regis
965 2082 1028 2115 per
1049 2070 1116 2103 alia
1141 2071 1295 2115 collegia
1321 2071 1416 2104 dicte
1442 2072 1700 2105 Universitatis
1726 2073 1910 2105 nominata
1935 2072 1972 2105 in
2000 2072 2107 2105 dictis
2135 2072 2271 2105 ultimis

404 2137 534 2170 litteris
551 2137 663 2182 regiis
681 2137 899 2170 executoriis
917 2149 989 2169 11011
1006 2137 1222 2170 ascenderet
1237 2138 1280 2170 ad
1298 2150 1474 2171 summam
1492 2139 1616 2172 decem
1633 2146 1667 2172 et
1683 2146 1765 2172 octo
1782 2139 1936 2172 millium
1954 2139 2128 2172 librarum
2145 2140 2270 2184 paris,

404 2204 541 2236 eisdem
568 2204 612 2236 de
638 2204 768 2237 Sancto
795 2204 941 2237 Victore
972 2204 1159 2249 assignare
1191 2211 1297 2238 totam
1327 2217 1502 2238 summam
1532 2207 1746 2240 existentem
1774 2207 1881 2240 dictis
1909 2206 1989 2239 aliis
2016 2206 2184 2251 collegiis
2211 2206 2273 2239 de-

403 2271 525 2312 bitam,
553 2271 784 2316 placeretque
806 2271 901 2303 dicte
922 2272 1158 2304 Universitati
1178 2272 1280 2316 ipsos
1301 2272 1498 2317 religiosos
1515 2274 1702 2317 juvare...
1732 2286 1925 2319 quousque
1948 2274 2054 2307 dictis
2075 2274 2119 2307 de
2141 2274 2270 2307 Sancto

402 2338 548 2371 Victore
574 2338 803 2382 persolvatur
830 2338 949 2370 totalis
975 2350 1113 2371 summa
1144 2339 1412 2383 arreragiorum
1439 2340 1492 2372 eis
1517 2352 1581 2385 per
1608 2341 1794 2373 dominum
1822 2348 1987 2374 nostrum
2017 2353 2140 2386 regem
2170 2340 2271 2374 debi-

403 2411 576 2437 torum....
600 2406 712 2447 Quam
743 2405 889 2449 quidem
918 2405 1265 2449 supplicationem...
1294 2406 1522 2439 Universitas
1548 2408 1780 2441 concorditer
1805 2420 1869 2453 per
1892 2408 2057 2453 singulas
2084 2407 2270 2441 facultates

403 2479 438 2504 et
458 2472 623 2504 nationes
644 2471 892 2505 favorabiliter
911 2472 1037 2504 annuit
1058 2479 1092 2505 et
1111 2473 1295 2505 concessit
1315 2473 1352 2505 in
1372 2474 1543 2506 forma....

494 2552 561 2575 Bibl.
579 2555 632 2577 nat.
649 2552 744 2582 Paris.⁷
761 2560 810 2575 ms.
826 2552 872 2575 lat.
889 2552 964 2575 14372
979 2552 1047 2581 (Joh.
1061 2553 1092 2575 de
1108 2553 1278 2584 Thoulouze),
1292 2554 1337 2576 fol.
1354 2555 1408 2576 383.
1424 2554 1498 2582 Bm„¹
1515 2555 1544 2584 V,
1559 2556 1613 2578 208.
1627 2569 1656 2572 -
1668 2556 1734 2581 Ibid.
1749 2556 1794 2579 sol.
1810 2540 1870 2579 §891²
1884 2559 1910 2579 et
1924 2557 2000 2588 Brun,
2017 2557 2036 2579 l.
2052 2565 2084 2585 c.,
2099 2559 2184 2579 exstat
2198 2556 2270 2579 aliud

400 2596 603 2619 instrumentum
623 2597 740 2627 ejusdem
756 2597 807 2619 diei
827 2600 852 2619 et
871 2597 901 2619 de
921 2597 1011 2620 eodem
1032 2597 1137 2620 omnino
1157 2601 1321 2628 argumento,
1342 2598 1368 2620 in
1389 2598 1522 2621 diversam
1542 2602 1643 2622 tantum
1668 2601 1780 2623 sormam
1800 2601 1945 2631 redactum,
1966 2601 2036 2632 quod
2058 2601 2169 2632 proinde
2193 2600 2269 2623 omit-

400 2641 489 2664 timus.
510 2642 578 2664 Inter
602 2645 754 2672 praesentes
780 2645 968 2664 enumerantur
988 2642 1100 2664 Ursinus
1126 2642 1157 2665 (10
1185 2643 1344 2671 Talevando,
1367 2643 1500 2666 Johannes
1526 2644 1619 2667 Generi
1640 2648 1665 2667 et
1687 2645 1801 2668 Thomas
1825 2646 1906 2674 Hebe,
1930 2654 1952 2669 s.
1978 2646 2057 2668 theol.
2089 2647 2269 2676 professores;

400 2686 531 2708 ¹lohannes
548 2686 631 2708 Vicini
650 2690 675 2709 et
694 2687 786 2709 Petrus
805 2686 835 2708 de
857 2687 967 2717 Rosayo,
988 2686 1085 2709 decret.
1105 2687 1315 2715 doct01·0s;.Joh.
1336 2688 1405 2710 Petri
1428 2691 1452 2711 ct
1471 2688 1621 2712 ι10110011053
1640 2690 1671 2712 (le
1692 2690 1768 2719 Pisis,
1792 2690 1914 2722 magistri
1935 2690 1961 2713 in
1981 2690 2124 2722 medicina3
2141 2690 2269 2714 Girurdus

400 2731 542 2761 Emengart
554 2734 578 2753 et
590 2731 712 2753 Nicolaus
729 2731 760 2754 de
775 2731 933 2759 Belloramo,
949 2731 1072 2762 magistri
1085 2731 1111 2754 in
1126 2735 1176 2755 art.
1192 2735 1217 2754 et
1231 2732 1304 2756 baec.
1320 2732 1346 2755 in
1362 2733 1443 2756 theol.

493 2801 516 2825 1.
533 2802 580 2824 Ms.
597 2810 602 2824 ·.
623 2810 634 2824 ((
654 2802 761 2824 Scoiffcr
775 2811 796 2825 ».
814 2803 842 2825 In
858 2803 940 2825 altero
957 2803 1112 2825 documento
1127 2811 1131 2825 z
1150 2811 1160 2826 ‹(
1178 2803 1274 2826 Dantes
1295 2812 1317 2827 1).
1332 2804 1391 2827 Fuit
1409 2804 1551 2827 canonicus
1568 2805 1738 2836 Trajectens.,
1754 2810 1779 2830 et
1793 2815 1835 2830 an.
1850 2807 1919 2836 1424,
1936 2807 2028 2830 Octob.
2046 2807 2084 2836 16,
2098 2806 2127 2829 fit
2144 2805 2268 2837 chorepi—

401 2854 495 2877 scopus
509 2846 678 2877 Trajectens„
694 2855 752 2869 cum
769 2850 838 2870 essct
852 2850 901 2870 art.
918 2849 944 2871 et
959 2848 1051 2870 medic.
1069 2847 1197 2878 magister
1210 2849 1314 2880 (Suppl.
1329 2849 1404 2872 Mart.
1419 2849 1447 2877 V⁷
1464 2854 1493 2872 11Ο
1508 2850 1562 2879 172,
1575 2851 1619 2873 sol.
1636 2851 1699 2881 111).
1716 2851 1773 2874 Vid.
1789 2852 1867 2875 etiam
1879 2854 1999 2876 Auctccr.
2017 2852 2049 2875 H.
2065 2865 2094 2868 —-
2107 2851 2131 2875 2.
2144 2850 2268 2874 Gausridi

401 2891 532 2921 Pellcgay,
549 2891 581 2913 ab
597 2892 720 2920 an.1'100,
737 2892 830 2915 Octob.
846 2893 875 2914 28
891 2893 949 2922 (ms.
967 2892 1019 2920 cin,
1039 2893 1082 2915 sol.
1096 2893 1161 2923 2⁷13).
1177 2907 1208 2910 -—
1224 2892 1247 2917 3.
1263 2894 1311 2916 Ms.
1328 2897 1352 2916 et
1369 2894 1434 2916 Bm..
1453 2902 1457 2917 :
1477 2902 1487 2917 ‹(
1502 2895 1640 2926 Philippus
1658 2904 1679 2919 11.
