2502 3418
396 329 456 361 184
970 335 1288 358 CHARTULMUUM
1325 334 1514 356 UNtVERs.
1553 333 1681 355 rAnis.
2158 317 2269 353 [1410.

391 413 521 445 iterum
543 412 690 444 domino
720 418 845 444 nostro
873 422 1014 443 summo
1046 409 1208 454 pontifici
1236 408 1439 453 presentari
1469 414 1503 440 et
1531 407 1667 452 signari
1699 405 1767 439 sub
1795 405 1874 438 data
1905 416 1969 437 sue
1997 403 2256 445 coronationis,

393 479 696 525 quemadmodum
718 478 778 511 sel.
798 490 869 511 rec.
887 477 1094 510 Alexander
1111 476 1281 509 dominus
1303 482 1428 507 noster
1445 486 1526 506 mox
1548 474 1753 506 deffunctus
1771 472 1876 505 nobis
1894 471 2160 504 concesserat⁵.
2183 472 2257 503 Hoc

392 554 508 580 autem
531 546 634 579 facile
656 545 806 578 concedi
828 556 1031 590 speramus,
1058 544 1119 588 qui
1146 543 1353 575 interventu
1375 541 1595 574 sanctissimi
1617 539 1754 572 domini
1782 538 1898 571 nostri
1920 538 2050 571 summi
2076 537 2259 582 pontificis

395 625 511 658 nuper
532 613 659 646 electi⁶
682 619 812 645 tantam
843 611 992 656 gratiam
1023 611 1208 642 fueramus
1240 608 1478 652 consequuti,
1511 606 1666 639 similem
1695 605 1819 650 igitur,
1845 604 2016 638 videlicet
2048 604 2163 637 datam
2194 615 2259 637 sue

394 680 654 720 coronationis,
683 680 710 711 si
735 678 922 723 potissima
944 684 1012 718 est,
1030 677 1127 709 omni
1149 682 1278 708 conatu
1301 673 1586 719 prosequamini,
1610 684 1729 717 neque
1750 672 1927 704 minorem
1950 671 2024 704 ullo
2047 677 2149 716 pacto
2169 671 2260 704 reci-

396 747 512 792 piatis.
537 746 655 780 Satius
677 746 771 778 enim
794 756 986 777 censemus
1009 743 1166 776 rotulum
1188 742 1231 775 ad
1253 753 1319 774 nos
1342 740 1532 785 reportari,
1556 751 1659 784 quam
1682 739 1800 784 ipsum
1823 738 1891 771 sub
1918 738 1997 771 data
2018 738 2149 770 minori
2170 737 2261 770 reci-

397 815 515 859 pere7,
542 814 646 846 etiam
676 824 754 845 cum
788 811 1029 856 prerogativis
1057 816 1092 842 et
1121 808 1283 842 articulis
1311 807 1512 848 concessis,
1542 806 1801 851 prosequendo
1832 805 1922 838 alios
1958 817 2030 838 non
2063 816 2261 838 concessos

395 880 595 913 secundum
618 879 879 912 correctionem
904 876 1138 922 presentibus
1160 875 1408 915 interclusam,
1425 886 1505 906 cum
1527 873 1711 918 aliquibus
1733 873 1777 906 de
1798 885 1892 906 novo
1912 873 2075 917 adjectis,
2094 879 2133 905 ut
2152 872 2261 917 inspi-

395 959 476 979 cere
503 946 681 991 poteritis.
709 946 908 977 I'rocurare
934 944 1084 988 insuper
1107 953 1260 975 necesse
1281 947 1348 982 est,
1372 947 1410 973 ut
1434 940 1518 973 novi
1540 940 1716 985 magistri,
1742 951 1897 984 quorum
1919 939 2204 984 supplicationes
2225 939 2262 971 in

396 1014 549 1059 quodam
589 1013 658 1045 alio
690 1024 797 1057 parvo
827 1011 967 1044 rotulo⁸
996 1009 1143 1042 missuri
1174 1020 1299 1041 sumus
1328 1007 1593 1053 quamprimum
1621 1007 1699 1039 fieri
1729 1007 1877 1052 poterit,
1908 1006 2032 1039 eadem
2065 1006 2144 1039 data
2173 1018 2262 1051 gau-

397 1082 517 1121 deant,
535 1079 631 1125 quod
653 1085 750 1111 certe
767 1079 906 1123 justum
924 1084 991 1119 est,
1010 1089 1089 1110 cum
1108 1083 1269 1121 tempore
1287 1075 1402 1119 gratie
1424 1074 1559 1107 suerint
1578 1074 1730 1119 gradum
1752 1073 1884 1119 adepti.
1902 1073 2121 1106 Addidimus
2142 1073 2262 1118 itaque

397 1146 586 1180 articulum
609 1158 672 1190 pro
694 1145 799 1190 ipsis,
824 1145 928 1189 cujus
949 1143 1225 1177 concessionem
1249 1142 1440 1187 exquirere
1462 1147 1618 1186 oportet.
1651 1142 1818 1173 Preterea
1845 1140 1928 1185 quia
1958 1151 2074 1173 novus
2102 1140 2262 1185 pontifex

397 1225 559 1247 summus
579 1219 787 1257 assumptus
809 1218 877 1252 est,
902 1218 937 1243 et
957 1211 1128 1251 rotulum,
1152 1216 1190 1242 ut
1210 1209 1448 1254 prediximus,
1472 1215 1650 1253 tamquam
1677 1219 1809 1241 novum
1833 1213 2098 1252 presentamus,
2122 1213 2263 1240 mutan-

397 1281 480 1313 dum
502 1287 557 1312 est
576 1286 682 1324 caput
702 1279 818 1324 ipsius
836 1285 870 1311 ct
891 1278 1067 1323 prologus
1089 1277 1165 1310 sive
1188 1276 1351 1321 prefatio.
1376 1275 1592 1308 Modernutn
1614 1276 1709 1307 enim
1731 1281 1908 1307 rectorem
1930 1275 1967 1307 in
1988 1274 2103 1319 capite
2125 1274 2263 1319 suppli-

397 1348 572 1380 cationem
595 1346 763 1387 habere⁹,
783 1353 820 1378 ut
840 1346 952 1378 moris
974 1351 1043 1385 cst,
1060 1343 1357 1377 deliberavimus.
1375 1342 1554 1376 Volumus
1571 1342 1676 1375 etiam
1694 1342 1791 1387 quod
1812 1348 2067 1387 procuratores
2085 1341 2147 1386 qui
2163 1347 2265 1374 erant

397 1415 481 1447 dum
503 1414 601 1447 istud
621 1413 833 1446 conclusum
856 1412 984 1453 extitit,
1007 1418 1282 1456 procuratorum
1314 1410 1556 1455 prerogativis
1585 1409 1777 1454 gaudeant.
1808 1409 2016 1442 Procedatis
2043 1409 2163 1453 itaque
2184 1408 2263 1442 sine

397 1481 630 1522 remissione,
662 1480 795 1514 vestris
826 1480 920 1512 enim
953 1478 1159 1523 sumptibus
1194 1477 1391 1510 subvenire
1430 1477 1690 1521 proposuimus
1725 1483 1760 1509 et
1794 1487 1904 1521 super
1934 1476 2093 1521 negotiis
2128 1475 2264 1509 nostris

396 1549 525 1581 crebro
543 1547 764 1580 rescribatis.
785 1549 962 1579 Personas
978 1552 1118 1579 vestras
1135 1544 1311 1577 exhilaret
1327 1544 1483 1589 Spiritus
1501 1544 1654 1577 Sanctus
1671 1550 1706 1576 et
1725 1543 1769 1575 ad
1791 1555 1858 1576 nos
1880 1543 2028 1576 reducat
2047 1542 2262 1576 incolumes.

399 1618 540 1657 Datum,
563 1622 629 1647 etc.
644 1615 680 1646 ¹⁰.

492 1723 607 1746 Minuta
622 1721 737 1744 chartac.
754 1721 779 1743 in
796 1720 872 1744 Arch.
890 1723 942 1743 nat.
960 1719 1053 1749 Paris.,
1068 1720 1091 1742 M
1107 1720 1158 1747 65³,
1173 1723 1201 1741 n⁰
1216 1719 1254 1741 [18.

493 1816 515 1840 1.
533 1816 551 1838 1.
571 1824 593 1838 c.
611 1815 708 1846 potius,
726 1823 800 1845 spem
816 1822 944 1841 securam,
962 1813 1078 1836 rotulum
1094 1813 1126 1835 ab
1142 1812 1290 1835 Alexandro
1304 1812 1437 1842 signatum
1454 1811 1494 1836 iri.
1510 1825 1541 1829 -—
1556 1810 1580 1836 2.
1597 1810 1658 1834 Maii
1679 1811 1717 1833 18.
1732 1824 1762 1827 —
1777 1810 1801 1835 3.
1820 1810 1961 1834 Alexandri
1976 1811 2004 1839 V,
2027 1810 2087 1833 Maii
2104 1811 2119 1833 4
2134 1810 2267 1833 Bononiae

400 1861 524 1884 defuncti.
536 1875 565 1878 —
576 1860 600 1885 4.
618 1860 693 1883 Circa
708 1860 768 1882 Jun.
785 1861 798 1881 8
814 1859 945 1882 celebrata
958 1862 1006 1881 est.
1020 1858 1078 1880 Vid.
1090 1859 1219 1887 Auamma,
1234 1858 1266 1881 ΙΙ,
1283 1866 1309 1888 p.
1324 1858 1362 1886 77,
1375 1858 1403 1879 24
1415 1865 1472 1888 sqq.
1490 1856 1622 1879 Posterius
1638 1864 1701 1886 ergo
1715 1855 1764 1878 hae
1778 1855 1905 1886 epistolae
1921 1855 2035 1886 scriptae
2049 1858 2119 1878 sunt.
2130 1869 2161 1872 —
2171 1854 2196 1880 5.
2207 1854 2265 1878 Vid.

400 1914 481 1936 supra
506 1909 534 1927 11ο
552 1905 618 1927 1881.
640 1919 669 1922 -
691 1904 716 1929 6.
731 1904 791 1927 Joh.
808 1904 887 1926 XXIII
904 1903 964 1926 Maii
982 1903 1008 1926 17
1025 1903 1122 1925 electus
1137 1906 1161 1925 ct
1177 1902 1237 1925 Maii
1258 1902 1286 1924 25
1302 1905 1442 1924 coronatus
1458 1904 1506 1924 est.
1522 1915 1552 1918 -
1571 1900 1594 1925 7.
1612 1901 1667 1923 Non
1683 1903 1770 1923 tumen
1787 1900 1837 1923 sub
1857 1900 1918 1923 duta
1933 1899 2110 1923 coronationis
2126 1899 2196 1930 (Maii
2216 1900 2265 1930 25),

400 1951 445 1973 sed
462 1950 522 1973 Maii
537 1950 565 1972 27
581 1950 606 1979 (v
625 1950 677 1972 kal.
692 1950 772 1977 .lun.)‚
788 1949 889 1971 rotulus
903 1947 1060 1979 principalis
1076 1947 1102 1969 in
1118 1946 1191 1969 curia
1207 1946 1327 1977 signatus
1344 1949 1384 1969 est
1396 1946 1469 1977 (ch.
1484 1946 1539 1969 Lat.
1556 1945 1615 1968 Joh.
1633 1946 1722 1973 xxm,
1738 1949 1767 1967 n⁰
1783 1945 1837 1974 168,
1853 1945 1896 1969 sol.
1910 1945 1964 1974 201,
1980 1944 2062 1974 23012).
2077 1958 2107 1962 —
2122 1944 2146 1969 8.
2164 1945 2199 1967 De
2215 1952 2266 1975 quo

400 2004 426 2026 p.
444 1996 497 2019 186,
511 2008 541 2011 —
558 1994 582 2019 9.
600 1994 740 2025 Antiquum
760 1997 887 2016 rectorem
906 1992 1016 2023 proinde
1037 1992 1063 2014 in
1083 1992 1168 2022 capite
1183 1991 1338 2014 artistarum
1358 1991 1433 2022 parvi
1454 1990 1533 2013 rotuli
1553 1993 1707 2021 posuerunt.
1728 1990 1784 2012 Vid.
1807 1989 1874 2012 infru
1890 1994 1918 2012 11ο
1939 1990 2005 2012 1908.
2024 2003 2053 2007 --
2071 1989 2112 2014 10.
2132 1990 2225 2012 Postea
2239 1989 2266 2012 in

400 2039 500 2062 minuta
514 2039 633 2070 sequitur
648 2038 760 2069 epistola
777 2037 962 2061 Univcrsitatis
979 2036 1232 2060 recommendatoria
1247 2037 1280 2059 ad
1294 2044 1391 2067 papam
1407 2043 1455 2066 pro
1470 2035 1589 2059 Johanne
1605 2034 1723 2063 Bouveti,
1741 2034 1871 2063 subdiac„
1887 2042 1956 2065 mag.
1971 2037 2032 2064 nrt.,
2046 2034 2118 2057 hacc.
2132 2035 2222 2065 legens
2240 2033 2267 2056 in

402 2086 450 2107 sae.
467 2084 574 2113 decret„
591 2087 618 2107 ut
634 2083 655 2106 is
673 2083 829 2106 beneficium
842 2082 950 2114 aliquod
965 2082 1086 2113 recipiat.

407 2279 528 2315 1891
539 2307 547 2315 .
571 2286 693 2312 Articuli
709 2295 868 2312 communes
881 2295 930 2311 seu
945 2295 959 2311 «
976 2285 1159 2320 Prerogative
1175 2293 1306 2310 concesse
1323 2284 1468 2319 magistris
1490 2283 1688 2310 Universitatis
1703 2283 1794 2309 studii
1809 2283 1986 2309 Parisiensis
2000 2292 2024 2309 ›.

1514 2381 1585 2410 1410,
1600 2380 1796 2412 Annio-Augusti
1808 2381 1832 2409 5,
1848 2381 1981 2406 Bononiae.

492 2485 610 2517 Primo
633 2485 804 2529 dignetur
826 2485 859 2516 S.
878 2485 920 2517 V.
940 2484 1124 2528 magistris
1149 2490 1183 2516 et
1203 2483 1389 2528 graduatis
1412 2482 1448 2515 in
1472 2483 1542 2515 isto
1561 2481 1679 2514 rotulo
1696 2481 1878 2514 contentis
1899 2481 2101 2514 concedere
2121 2481 2267 2514 faculta-

405 2560 473 2585 tem
491 2552 651 2597 eligendi
668 2552 916 2584 confessorem
935 2563 1045 2583 unum
1063 2551 1119 2583 vel
1143 2551 1280 2596 plures,
1298 2550 1407 2583 simul
1423 2550 1480 2583 vel
1497 2549 1720 2590 successive,
1810 2561 1848 2581 ac
1866 2549 1970 2581 etiam
1989 2547 2130 2593 plenam
2147 2548 2268 2581 indul—

404 2620 559 2663 gentiam
582 2619 618 2650 in
640 2618 791 2651 articulo
813 2619 940 2651 mortis
1018 2618 1233 2650 concedere.
1251 2638 1295 2642 -—
1317 2618 1392 2650 Fiat
1412 2617 1456 2649 de
1478 2623 1650 2661 utroque,
1670 2616 1734 2648 sed
1752 2615 1812 2660 qui
1829 2615 1956 2648 volunt
1974 2614 2108 2648 habere
2129 2615 2268 2648 litteras

404 2686 555 2718 habeant
578 2686 621 2718 ad
643 2692 792 2730 partem.

493 2754 580 2785 Item
598 2752 695 2797 quod
713 2752 842 2797 prefati
859 2753 1023 2797 magistri
1041 2752 1181 2797 possint
1201 2752 1323 2784 dicere
1341 2751 1496 2784 officium
1516 2750 1677 2783 divinum
1695 2750 1738 2782 ad
1757 2761 1860 2782 usum
1879 2751 2037 2782 Romane
2054 2748 2266 2782 ecclesie...

406 2841 448 2843 —
469 2820 555 2851 Fiat.
575 2820 613 2850 Β.

495 2887 581 2918 Item
604 2885 774 2929 dignetur
793 2887 830 2917 Ε.
851 2886 884 2918 S.
903 2887 945 2918 V.
969 2892 1174 2930 presentem
1198 2885 1355 2917 rotulum
1378 2891 1412 2917 et
1433 2890 1601 2917 contenta
1623 2884 1658 2916 in
1681 2884 1809 2916 eodem
1832 2883 1941 2916 solito
1958 2883 2150 2916 clementie
2172 2884 2212 2915 E.
2231 2883 2266 2916 S.
