2502 3418
387 309 447 341 182
965 319 1281 355 cnmrruimnluiw
1318 319 1506 340 UNIVERS.
1545 319 1672 340 PAnts.
2148 305 2247 341 [1410

384 460 440 492 sui
455 472 548 492 311110
566 460 696 504 primo,
715 472 779 504 per
796 472 880 492 suas
897 461 985 493 certi
1001 460 1139 493 tenoris
1154 460 1291 493 litteras
1309 472 1377 504 que
1398 460 1576 504 incipiunt
1589 471 1600 492 vx
1613 461 1778 504 Regnans
1795 460 1831 492 in
1847 459 2004 499 excelsis,
2023 465 2121 491 certo
2139 458 2245 491 modo

384 539 493 571 super
514 526 581 559 hoc
603 527 759 571 providit
789 539 827 559 ac
849 527 1042 571 disposuit,
1073 534 1180 571 prout
1206 527 1242 558 in
1264 527 1401 559 eisdem
1423 526 1554 559 litteris
1585 526 1729 571 plenius
1750 526 1968 558 continetur,
1997 526 2085 559 Cum
2115 532 2246 564 autem,

384 601 491 638 prout
521 606 637 638 nuper
663 593 782 634 nohis,
810 594 883 638 qui,
907 594 1003 626 dicto
1024 593 1231 626 Alexandro
1262 593 1538 637 predecessore,
1567 593 1661 625 sicut
1688 593 1842 625 Domino
1864 592 2010 637 placuit,
2038 592 2180 625 sublato
2202 592 2246 624 de

383 661 517 702 medio,
546 661 680 693 fuimus
703 661 823 693 divina
843 662 984 693 favente
1006 660 1195 693 clementia
1217 660 1259 692 ad
1281 660 1416 704 apicem
1445 660 1576 692 summi
1596 659 1821 704 apostulatus
1851 660 2039 704 assumpti,
2067 671 2139 692 non
2168 660 2246 692 sine

383 727 484 772 gravi
504 727 636 760 mentis
663 727 867 760 turbatione
895 727 1065 768 innotuit,
1094 727 1131 758 in
1157 727 1314 759 diversis
1344 726 1466 759 mundi
1495 726 1658 771 partibus
1686 726 1780 758 inter
1800 725 1891 759 alios
1921 725 2178 759 christifideles
2207 738 2246 758 ac

382 794 483 838 ipsos
509 794 638 826 fratres
666 794 858 827 occasione
888 793 1146 838 publicationis
1174 793 1348 826 dictarum
1377 793 1576 825 litterarum
1605 804 1731 837 magna
1757 793 1923 825 scandala
1952 793 2024 826 sint
2050 800 2186 833 exorta,
2213 800 2245 825 et

383 861 454 893 nisi
483 872 593 905 super
613 860 684 893 hiis
710 861 753 893 de
781 867 960 905 oportuno
986 860 1148 893 remedio
1169 860 1338 893 celeriter
1359 860 1604 904 provideatur,
1632 861 1766 904 majora
1788 860 2036 893 verisimiliter
2055 860 2248 893 timeantur

382 928 419 959 in
441 934 625 972 posterum
649 927 781 960 exoriri
810 939 815 959 :
846 939 912 960 nos
941 939 1052 972 super
1076 927 1159 968 hiis,
1188 934 1295 972 prout
1322 939 1364 959 ex
1393 926 1515 960 debito
1543 927 1650 959 nobis
1681 927 1833 971 injuncti
1863 927 2055 972 pastoralis
2080 934 2246 960 tenemur

383 994 491 1026 officii
517 994 712 1026 salubriter
735 994 927 1038 providere
954 1001 989 1026 et
1016 994 1197 1027 scandalis
1222 994 1432 1038 hujusmodi
1460 993 1606 1027 obviare
1631 994 1833 1039 cupientes,
1857 994 2038 1036 volumus,
2065 1001 2101 1027 et
2126 1002 2247 1028 aucto-

383 1061 485 1093 ritate
506 1061 702 1105 apostolica
725 1061 768 1093 de
794 1061 942 1093 fratrum
970 1068 1176 1093 nostrorum
1199 1061 1354 1094 consilio
1382 1068 1508 1094 tenore
1530 1061 1752 1106 presentium
1776 1061 2006 1095 decernimus
2031 1062 2129 1106 quod
2150 1064 2247 1107 (par-

383 1127 479 1160 tibus
507 1128 597 1172 ipsis
627 1140 692 1160 nec
721 1140 793 1160 non
821 1127 945 1167 rebus,
967 1128 1114 1172 juribus
1142 1135 1178 1161 et
1203 1129 1336 1169 causis,
1364 1128 1407 1161 de
1436 1128 1568 1172 quibus
1594 1128 1631 1160 in
1652 1128 1789 1161 eisdem
1817 1128 1948 1161 11110115
1973 1128 2012 1162 111
2039 1130 2187 1171 mentio,
2209 1130 2246 1162 in

382 1195 508 1227 eodem
532 1201 625 1227 statu
648 1207 711 1239 per
732 1195 850 1227 omnia
874 1195 1160 1237 remanentibus,
1187 1202 1294 1240 prout
1314 1202 1416 1228 erant
1440 1202 1521 1228 ante
1543 1196 1805 1228 confectionem
1828 1196 2003 1228 dictarum
2029 1196 2246 1240 litterarum)

381 1261 542 1306 predicte
564 1261 683 1294 littere
705 1274 743 1294 30
765 1273 961 1306 processus
983 1261 1095 1294 habiti
1116 1274 1180 1306 per
1197 1262 1341 1295 easdem
1363 1269 1398 1295 et
1418 1274 1646 1307 quecumque
1667 1263 1751 1295 inde
1773 1269 1895 1295 secuta
1912 1275 1955 1296 ex
1974 1275 2070 1296 nunc
2091 1264 2128 1296 in
2144 1270 2247 1297 antea

381 1328 532 1372 perinde
553 1328 765 1369 habeantur,
790 1341 828 1361 30
851 1329 881 1362 51
902 1329 1021 1361 littere
1043 1341 1082 1362 ac
1103 1341 1300 1374 processus
1321 1329 1532 1374 hujusmodi
1553 1329 1760 1363 nullatenus
1782 1337 2023 1373 emanassent,
2045 1331 2246 1364 districtius

380 1395 589 1428 inhibentes
611 1407 656 1428 ne
673 1396 754 1440 quis
776 1396 813 1428 in
835 1402 1019 1440 posterum
1038 1396 1144 1429 dictis
1166 1397 1442 1441 predecessoris
1459 1397 1574 1430 nostri
1595 1397 1726 1430 litteris
1747 1397 1798 1430 uti
1818 1404 1878 1431 aut
1898 1410 2019 1431 earum
2042 1399 2245 1432 auctoritati

381 1462 439 1495 vel
462 1462 580 1507 vigori
608 1463 713 1495 inniti
742 1470 938 1507 presumat.
966 1463 1064 1495 Nulli
1086 1476 1187 1508 ergo,
1214 1470 1277 1497 etc.
1308 1466 1386 1497 Dat.
1416 1465 1580 1497 Bononie
1607 1477 1627 1497 v
1653 1464 1721 1497 kal.
1748 1464 1846 1506 Julii,
1874 1465 2104 1510 pontificatus
2129 1466 2245 1499 nostri

379 1541 473 1562 anno
495 1530 624 1574 primo.

472 1627 540 1651 Bibl.
558 1631 612 1650 nat.
624 1627 718 1653 Paris..
734 1636 782 1650 ms.
799 1628 845 1651 131.
863 1629 946 1656 14617,
966 1629 1011 1652 sol.
1027 1630 1065 1654 88,
1082 1643 1112 1647 —
1128 1629 1203 1658 BUL.,
1219 1630 1249 1659 V,
1265 1630 1319 1652 204.

382 1820 521 1857 1888.
545 1831 681 1856 Facultas
699 1832 858 1858 medicinae
874 1832 982 1858 decano
996 1833 1092 1858 reddit
1101 1834 1255 1869 pecuniam
1269 1843 1354 1869 quam
1366 1835 1394 1860 in
1403 1835 1604 1870 prosecutione
1613 1837 1695 1869 facta
1710 1838 1809 1861 contra
1819 1835 1975 1861 Iohannem
1990 1835 2025 1861 de
2036 1836 2142 1862 Rubeis
2154 1844 2243 1872 expo-

467 1884 575 1905 suerat.

1614 1926 1684 1954 1410,
1701 1925 1771 1951 duali
1780 1926 1825 1954 27,
1842 1926 1957 1951 Parisiis.

467 2008 532 2040 Die
557 2009 703 2041 veneris
725 2021 793 2053 que
822 2010 888 2042 fuit
916 2010 1009 2054 xxvij
1035 2011 1237 2043 ,1111111311111
1264 2012 1408 2044 Domini
1435 2011 1623 2046 MiCCCCi
1644 2012 1774 2045 decimi
1801 2013 1868 2045 suit
1896 2014 1985 2045 facta
2005 2015 2240 2059 congregatio

378 2074 557 2107 facultatis
579 2075 615 2107 in
638 2076 766 2108 Sancto
789 2077 969 2109 Maturino
992 2078 1028 2109 in
1051 2078 1176 2122 primis
1200 2079 1319 2111 Sancti
1339 2079 1476 2120 Jacobi,
1502 2079 1642 2112 50111001
1661 2080 1755 2112 inter
1776 2087 1911 2112 sextam
1933 2087 1968 2113 et
1988 2081 2190 2125 septimam,
2209 2088 2243 2115 et

377 2141 523 2174 fuerunt
545 2154 672 2175 01111105
694 2143 857 2188 magistri
879 2151 1049 2189 regentes
1070 2146 1185 2178 vocati
1206 2158 1270 2190 per
1290 2146 1454 2179 cedulam
1475 2158 1539 2191 per
1555 2146 1790 2180 Guillelmuin
1813 2147 1857 2179 de
1874 2147 1976 2180 Valle
1999 2147 2239 2181 bedellum....

377 2208 457 2240 Fuit
479 2208 690 2241 conclusum
713 2210 810 2254 quod
831 2210 994 2255 placebat
1014 2211 1172 2244 facultati
1194 2213 1386 2245 restituere
1409 2213 1480 2245 duo
1507 2220 1606 2246 scuta
1627 2220 1662 2246 01
1687 2214 1730 2246 (10
1756 2214 1908 2258 pecunia
1929 2214 2108 2247 facultatis
2129 2216 2242 2260 magi-

376 2281 451 2307 stro
473 2275 629 2308 Henrico
652 2277 798 2321 Doigni,
819 2277 878 2321 qui
898 2278 1033 2310 fecerat
1053 2278 1177 2322 plures
1198 2279 1322 2312 misias
1343 2280 1379 2311 in
1403 2280 1555 2324 quadam
1577 2280 1680 2313 misia
1706 2292 1770 2325 per
1793 2281 1910 2325 ipsum
1932 2282 2022 2314 facta
2043 2294 2108 2326 pro
2133 2282 2241 2316 advo-

375 2347 452 2373 cato
471 2348 505 2374 et
521 2349 754 2386 procuratore
772 2344 885 2388 regiis
903 2356 1013 2389 super
1029 2346 1287 2389 prosecutione
1303 2346 1392 2379 sacta
1409 2353 1532 2379 contra
1548 2346 1747 2379 Johannem
1763 2347 1807 2380 de
1825 2347 1994 2390 1111110151ἴ
2013 2349 2074 2393 qui
2090 2349 2240 2394 gerebat

376 2419 414 2440 se
436 2420 501 2452 pro
524 2409 664 2442 medico
682 2416 717 2442 et
736 2411 927 2456 cyrurgico
945 2418 980 2444 et
998 2412 1131 2445 fecerat
1147 2412 1280 2457 apponi
1300 2413 1480 2457 quoddam
1502 2413 1673 2446 vexillum
1690 2414 1733 2447 ad
1755 2414 1899 2447 domum
1923 2426 2036 2457 suam,
2055 2416 2152 2460 quod
2172 2416 2240 2449 fuit

375 2474 580 2520 depositum
602 2488 667 2521 per
681 2478 860 2521 justitiam
882 2478 925 2511 ad
947 2486 1151 2523 requestam
1172 2479 1364 2513 facultatis.

467 2574 565 2599 comm.
581 2577 630 2600 sac.
647 2576 726 2605 med.‚
744 2576 764 2606 Ι,
780 2585 807 2608 p.
825 2577 878 2600 150.

464 2659 487 2682 1.
506 2668 516 2681 n
532 2659 658 2690 Magister
671 2660 697 2683 in
713 2661 842 2685 medicina
860 2662 944 2687 Paris.
958 2670 969 2686 )>
986 2666 1073 2686 tamen
1088 2663 1222 2688 Johannes
1239 2667 1348 2688 vocatur
1363 2664 1389 2687 in
1404 2665 1560 2689 documento
1574 2666 1733 2697 parlamenti
1749 2667 1818 2698 quod
1834 2670 1955 2690 notamus
1974 2666 2043 2690 infru
2060 2666 2093 2690 ud
2110 2675 2151 2690 an.
2166 2665 2236 2697 1416,

372 2701 447 2726 Mart.
465 2703 503 2732 13,
519 2708 547 2726 110
562 2705 631 2729 2059.
