2502 3418
369 329 433 360 422
946 324 1264 361 ann'rULAiUUM
1299 339 1489 360 UNIVERS.
1526 338 1655 359 rmus.
2130 324 2230 361 [1423

368 413 415 435 tini
431 413 451 435 V
468 421 516 444 pro
539 413 603 436 Dola
622 413 677 443 jam
700 421 742 436 un.
762 414 831 446 1422,
847 413 972 436 Novemh.
995 413 1033 443 21,
1055 413 1126 436 edita
1144 416 1192 441 est,
1216 413 1261 436 sed
1285 412 1389 436 litterae
1409 412 1483 435 ducis
1504 411 1673 443 Burgundiue
1695 414 1757 434 sunt
1777 419 1820 434 an.
1837 411 1906 440 1423,
1928 411 1990 434 Jun.
2009 411 2038 434 23
2055 411 2117 439 (vid.
2134 411 2230 434 Marcel

369 458 519 486 Founnmn,
537 457 656 486 Statuts,
670 460 729 486 nte„
744 458 789 486 111,
806 466 832 489 p.
848 458 896 487 99).

370 580 513 616 2223.
536 590 671 615 Doctores
684 592 812 622 regentes
828 589 856 614 in
871 589 1014 623 facultate
1030 589 1215 615 decretorum.

1560 644 1633 673 1423,
1649 643 1763 669 novemb.
1779 643 1817 672 10,
1833 643 1946 669 Parisiis.

456 733 630 766 Novemb.
653 741 689 766 xa
708 733 775 765 suit
801 733 1004 766 ordinatum
1037 744 1101 777 per
1127 732 1295 765 dominos
1322 744 1423 765 meos
1451 731 1644 773 [facultatis
1666 731 1816 772 decret]
1839 731 1937 776 quod
1966 731 2037 776 ipsi
2066 731 2233 776 legerent

371 800 429 832 die
449 800 572 833 martis
594 801 650 844 xvj
672 799 901 832 Novembris.
937 801 977 832 Et
1008 811 1072 844 pro
1101 806 1185 832 tunc
1207 805 1308 831 erant
1336 806 1419 831 tunc
1447 805 1639 843 presentes
1660 805 1695 832 et
1720 805 1893 843 regentes
1922 798 2055 843 pariter
2078 798 2232 831 inferius

371 867 557 908 nominati,
582 866 723 899 scilicet
745 878 751 898 :

458 965 602 991 Dominus
615 965 702 990 abhas
716 965 742 990 S.
758 964 893 997 Crispini.
1406 964 1581 990 Gueroudus
1594 964 1738 997 Boysselli.

459 1014 576 1040 Livinus
590 1014 735 1040 Neuelinc.
1406 1012 1582 1039 Guillelmus
1592 1013 1628 1038 de
1642 1012 1737 1046 Conty
1745 1012 1766 1038 ³.

458 1063 624 1088 Anthonius
639 1063 675 1088 de
688 1061 810 1088 Leuco⁴.
1405 1061 1553 1088 Johannes
1567 1061 1733 1088 Humberti.

459 1112 584 1138 Herveus
599 1112 774 1137 Fouchardi.
1406 1111 1582 1137 Guillelmus
1593 1111 1630 1136 de
1644 1111 1810 1144 Albarippa.

458 1161 609 1194 Philippus
621 1161 656 1187 de
672 1160 904 1186 Franchelains2.
1406 1160 1554 1186 Johannes
1568 1160 1604 1186 de
1619 1159 1769 1186 Brecons⁴.
1935 1159 1990 1195 [ιο]

462 1249 568 1273 Memor.
584 1250 632 1274 sac.
650 1249 758 1279 decret.‚
774 1250 794 1278 I,
813 1250 858 1273 sol.
874 1251 914 1273 55.
930 1262 958 1267 --
974 1249 1071 1272 Eadem
1090 1249 1131 1272 die
1144 1249 1303 1272 Guillelmus
1320 1248 1352 1271 dc
1365 1248 1512 1279 Albarippo
1524 1248 1551 1271 in
1566 1248 1694 1272 decanum
1710 1248 1808 1272 electus
1824 1251 1873 1272 est.
1888 1248 1970 1272 Iidem
1983 1248 2113 1279 doctores,
2129 1252 2236 1280 excepto

369 1293 507 1317 Gueroudo
523 1294 662 1325 Boysselli,
679 1297 797 1325 tempore
810 1293 965 1317 conficiendi
980 1293 1060 1317 rotuli
1076 1297 1230 1325 praesentes
1247 1294 1353 1316 fuerunt
1366 1293 1422 1323 (fol.
1437 1293 1500 1324 64¹²).

461 1378 484 1402 1.
500 1378 548 1401 Ms.
565 1378 653 1409 potius
670 1386 675 1401 ·.
694 1387 705 1401 «
719 1379 815 1402 Elenco
831 1387 853 1402 ».
866 1392 897 1396 —
914 1378 938 1403 2,
954 1379 1026 1402 Tunc
1038 1382 1196 1410 praeceptor
1211 1379 1238 1401 S.
1254 1378 1359 1401 Antonii
1375 1378 1406 1401 de
1419 1378 1551 1401 Pauleone
1566 1378 1740 1401 Xanctonens.
1754 1377 1837 1401 dioec.
1852 1377 1951 1407 (licent.
1963 1386 2006 1401 an.
2018 1378 2098 1407 1422),
2109 1385 2153 1401 an.
2165 1378 2234 1407 1430,

369 1422 460 1446 Octoh.
486 1423 524 1452 12,
545 1423 640 1454 recipit
654 1423 865 1454 praeceptorium
880 1423 1001 1454 Aug-liae,
1022 1423 1097 1455 cujus
1121 1425 1221 1446 fructus
1239 1424 1300 1446 1200
1314 1423 1376 1446 libr.
1392 1426 1490 1447 turon..
1508 1422 1613 1454 (Suppl.
1636 1423 1712 1446 Mart.
1728 1423 1758 1453 V,
1776 1426 1806 1445 11⁰
1824 1423 1878 1451 256,
1899 1423 1945 1446 tol.
1965 1423 2030 1452 276).
2044 1436 2075 1440 -——
2096 1422 2121 1447 3.
2138 1422 2236 1446 Liceat.

368 1476 410 1491 an.
425 1468 494 1490 1422.
518 1468 553 1491 De
574 1467 632 1499 ipso
648 1467 702 1493 vid.
716 1472 765 1491 nm¹²
786 1469 855 1491 2225.
873 1482 904 1486 —-
920 1467 944 1492 4.
961 1468 1021 1492 Joh.
1038 1468 1069 1491 de
1091 1468 1204 1491 Brecons
1228 1471 1321 1499 postea
1343 1468 1426 1491 abbas
1446 1468 1478 1491 de
1497 1467 1651 1498 Latigninco
1669 1467 1732 1497 (vid.
1752 1467 1822 1490 infra
1839 1467 1873 1490 ad
1892 1475 1935 1491 an.
1952 1467 2021 1496 1142&
2042 1467 2118 1491 Mart.
2139 1468 2236 1497 29-30).

369 1512 525 1543 Quanquam
543 1513 640 1536 Pmurzs
658 1521 688 1535 nc
703 1513 799 1536 Marcel
812 1513 954 1536 Foumusn
971 1513 1087 1536 scribere
1104 1522 1115 1536 α
1132 1513 1242 1536 Bretons
1259 1521 1270 1535 1)
1285 1514 1446 1544 praeferunt,
1463 1513 1574 1535 sormam
1590 1512 1617 1535 in
1634 1512 1724 1535 codice
1740 1512 1877 1544 vulgatam
1893 1521 1905 1535 α
1921 1512 2035 1535 Brecons
2046 1520 2058 1535 »
2072 1512 2237 1535 retinendam

368 1557 527 1585 censuimus,
544 1565 610 1588 quae
625 1560 694 1580 certe
710 1557 776 1580 nihil
792 1561 831 1580 est
846 1557 897 1580 nisi
914 1567 925 1580 (ι
939 1558 1052 1580 Brezons
1069 1566 1080 1580 ))
1098 1557 1219 1587 (Cantal),
1237 1566 1297 1580 cum
1313 1566 1342 1581 eu
1357 1561 1512 1589 tempestate
1529 1557 1618 1580 littera
1630 1564 1645 1582 c
1659 1557 1715 1580 sine
1730 1557 1876 1588 appendice
1890 1557 2008 1588 subjectu
2024 1560 2079 1580 tam
2091 1565 2170 1588 saepe
2187 1565 2237 1588 pro

369 1608 383 1626 s
396 1602 437 1625 vel
451 1609 470 1625 z
484 1606 637 1633 usurpetur,
654 1611 678 1626 v.
692 1611 718 1633 g.
732 1603 854 1630 Alencon,
869 1603 1007 1630 Arconvnl,
1024 1605 1073 1626 etc.
1090 1602 1175 1625 Etiam
1191 1603 1310 1626 eumdem
1326 1611 1383 1626 esse
1399 1606 1477 1634 atque
1497 1610 1586 1634 supra,
1609 1610 1635 1633 p.
1651 1603 1690 1630 66,
1708 1610 1719 1625 (ι
1736 1603 1769 1625 rr.
1785 1601 1845 1626 Joh.
1861 1602 1892 1625 de
1907 1601 2018 1625 Boconis
2036 1610 2048 1624 »
2063 1602 2237 1631 nominatum,

369 1646 519 1677 opinamur,
534 1655 593 1669 cum
609 1647 634 1669 in
650 1647 739 1670 codice
755 1647 841 1670 Rotuli
857 1647 909 1678 legi
922 1647 1010 1678 possit
1024 1655 1029 1670 :
1048 1656 1059 1670 «
1076 1647 1202 1671 Broconis
1219 1656 1241 1676 ι),
1257 1656 1318 1670 num
1334 1654 1349 1671 o
1365 1655 1445 1678 super
1458 1648 1483 1671 B
1497 1650 1522 1670 ct
1536 1654 1550 1671 c
1565 1646 1694 1678 scriptum
1709 1650 1757 1670 est.
1775 1646 1923 1676 Nescimus,
1939 1655 1972 1670 an
1989 1647 2021 1670 dc
2037 1646 2120 1670 nobili
2136 1646 2238 1670 familia

370 1690 396 1713 in
408 1691 535 1714 Arvernia
551 1700 562 1714 «
577 1691 608 1714 de
623 1691 736 1715 Brezons
754 1700 764 1714 »
785 1691 871 1715 suerit.

373 1817 682 1854 2224.Jol1annes
698 1829 873 1864 [Bourron],
898 1829 991 1854 abbas
1008 1830 1037 1855 S.
1057 1829 1189 1855 Germani
1210 1829 1246 1855 de
1267 1829 1374 1864 Pratis,
1400 1828 1435 1855 de
1454 1828 1628 1866 capellaniis
1652 1829 1680 1855 in
1701 1829 1824 1855 ecclesia
1847 1831 1874 1855 S.
1896 1829 2031 1855 Andreae
2053 1829 2088 1855 de
2107 1828 2238 1855 Arcubus

458 1876 590 1910 fundatis
608 1877 683 1912 (scil.
703 1878 730 1903 in
754 1878 867 1904 censiva
887 1878 1056 1904 monasterii
1079 1880 1106 1904 S.
1127 1878 1280 1913 Germani),
1303 1878 1427 1904 amicam
1448 1878 1678 1915 compositionem
1701 1887 1763 1904 cum
1790 1879 1978 1905 Universitate
1995 1877 2148 1905 concludit.
2173 1879 2239 1904 Cum

460 1934 533 1960 mag.
551 1926 691 1952 Rohertus
708 1929 808 1962 Coe'ffe,
825 1927 945 1953 clericus
959 1936 1091 1953 camerae
1107 1932 1307 1964 compotorum,
1323 1937 1414 1964 nuper
1429 1928 1591 1963 defunctus,
1610 1927 1804 1964 capellaniam
1820 1927 1952 1954 dotasset
1970 1930 1998 1954 in
2012 1927 2092 1954 dicta
2104 1926 2236 1962 ecclesia,

460 1979 523 2000 orta
540 1980 603 2001 erat
616 1977 806 2002 controversia
822 1977 899 2002 circa
911 1977 1176 2012 praesentationem
1192 1978 1267 2003 inter·
1282 1977 1446 2014 episcopum
1461 1977 1558 2004 Paris.
1573 1981 1601 2003 et
1615 1977 1732 2003 Roberti
1749 1977 1869 2003 heredes
1885 1977 2119 2003 testamentarius
2135 1980 2163 2003 et
2179 1978 2240 2003 Ste-

456 2024 585 2059 phanum
599 2024 634 2050 de
649 2026 780 2051 Soussois
794 2030 1020 2061 praesentatum,
1040 2035 1076 2052 ex
1092 2035 1157 2061 una,
1170 2016 1264 2062 <atque
1279 2028 1339 2052 Jac.
1360 2026 1442 2052 Galet
1457 2031 1484 2052 et
1506 2026 1738 2052 Universitatem⁴
1757 2035 1793 2052 ex
1812 2026 1908 2052 altera
1921 2030 2014 2063 parte,
2036 2026 2105 2062 quia
2125 2026 2240 2052 Univer-

459 2074 533 2099 sitas
543 2075 606 2109 jam
622 2074 658 2099 ab
677 2083 724 2100 an.
742 2076 812 2101 1345
826 2083 905 2100 omne
915 2076 965 2110 jus
980 2075 1208 2111 praese11eandi²
1223 2075 1262 2101 ad
1283 2075 1364 2101 illam
1380 2075 1531 2102 ecclesiam
1547 2078 1709 2112 acceperat.
1732 2075 1938 2101 Concor-datum
1954 2079 1996 2102 est
2012 2075 2089 2111 quod
2105 2075 2235 2111 quotiens

461 2122 563 2158 aliqua
586 2132 622 2148 ex
643 2123 817 2159 capellaniis
842 2124 870 2149 in
893 2124 971 2150 dicta
996 2125 1118 2150 ecclesia
1142 2125 1178 2151 de
1202 2125 1282 2151 bonis
1304 2125 1435 2160 defuncti
1455 2125 1535 2151 Petri
1548 2125 1648 2151 Perier
1664 2125 1705 2151 vel
1719 2125 1754 2150 de
1771 2125 1852 2151 bonis
1867 2124 1984 2151 Roberti
2002 2126 2096 2160 Coe'ffe
2116 2128 2238 2159 vacaret,

460 2171 579 2198 alternis
596 2172 702 2198 vicibus
724 2174 898 2199 Universitas
914 2178 965 2199 aut
982 2175 1136 2199 Conventus
1154 2176 1179 2200 S.
1200 2175 1334 2200 Germani
1349 2178 1562 2211 praesentaret,
1580 2175 1643 2201 sine
1657 2174 1819 2210 prejudicio
1835 2174 1958 2200 aliorum
1975 2174 2184 2209 beneficiorum,
2205 2173 2241 2199 de

465 2221 544 2246 bonis
562 2221 624 2247 Joh.
648 2221 683 2247 de
704 2222 816 2257 Theluss,
837 2232 954 2258 quorum
975 2224 1174 2259 praesentatio
1197 2223 1237 2249 ad
1259 2224 1475 2250 Universitatem
1494 2224 1639 2260 pertinere
1661 2224 1798 2250 noscitur.
1816 2224 1879 2250 Dat.
1897 2224 1929 2250 in
1943 2224 2120 2250 monasterio
2141 2225 2241 2249 nostro

461 2271 590 2304 predicto
602 2272 649 2297 die
664 2277 712 2297 xv0
727 2272 834 2298 mensis
854 2272 1020 2299 Novembris
1035 2281 1113 2299 anno
1135 2274 1221 2299 Dom.
1243 2274 1399 2300 millesimo
1414 2274 1704 2308 quadringentesimo
1724 2273 1957 2300 vicesimotertio.
1980 2283 1994 2297 «
2016 2273 2050 2299 In
2071 2272 2192 2299 nomine

461 2320 605 2346 Universis
618 2321 758 2354 presentis
773 2321 871 2355 scripti
887 2333 911 2347 n,

1561 2359 1638 2388 7423.
1653 2358 1766 2385 Moremb.
1783 2359 1822 2388 15,
1837 2358 1952 2384 Parisiis.

466 2443 601 2474 Originale
616 2444 642 2467 in
653 2445 731 2468 Arch.
744 2448 796 2468 nat.
814 2445 908 2474 Puris„
920 2446 943 2469 M
954 2447 1006 2475 (37¹⁵,
1019 2450 1046 2469 n⁰
1059 2448 1089 2469 39
1102 2446 1174 2476 (oliui
1186 2447 1213 2470 C.
1225 2448 1248 2470 G.
1263 2449 1298 2478 g).
1311 2447 1382 2470 Alias
1398 2455 1458 2470 cum
1469 2447 1572 2470 duobus
1586 2447 1694 2478 sigillis,
1710 2450 1793 2470 restat
1806 2448 1993 2478 fragmentum.
2009 2446 2086 2476 Bur„
2098 2446 2126 2475 V,
2139 2446 2184 2469 352
2199 2453 2240 2477 sq.

375 2487 521 2512 Me'moires
533 2495 586 2513 sur
601 2489 639 2513 les
652 2489 789 2521 be'ne'fices,
808 2498 835 2521 p.
851 2492 890 2514 60.

467 2571 490 2596 1.
507 2573 626 2596 Nondum
642 2582 671 2596 ea
686 2574 875 2605 compositione
891 2583 932 2598 res
949 2575 1023 2598 finita
1039 2575 1097 2605 suit,
1111 2584 1171 2598 nam
1185 2576 1211 2599 in
1228 2577 1393 2607 parlamento
1407 2585 1479 2608 mag.
1493 2577 1608 2600 Jncobus
1626 2576 1711 2606 Galet,
1728 2579 1885 2607 procurator
1899 2578 2087 2607 promotorque
2102 2574 2240 2599 Universi-

374 2616 444 2645 tatis,
460 2620 550 2640 contra
566 2622 731 2641 exsecutores
745 2627 816 2650 mag.
828 2619 934 2643 Robur-ti
949 2629 960 2643 ι(
977 2620 1057 2643 Coiss'e
1070 2629 1090 2648 υ,
1104 2621 1259 2652 episcopum
1274 2621 1359 2645 Paris.
1376 2630 1405 2645 uc
1422 2621 1585 2653 Stephanum
1601 2630 1612 2644 (‹
1630 2622 1747 2652 Soussay
1760 2629 1771 2644 »
1786 2620 1876 2652 litigat
1890 2629 1933 2644 an.
1949 2621 2018 2649 1423,
2033 2620 2093 2643 Dec.
2109 2620 2138 2642 13
2153 2619 2240 2649 (Arch.

375 2664 426 2683 nat.
443 2661 536 2690 Puris„
554 2663 599 2684 ΧΗ*
617 2664 687 2691 4793,
705 2664 749 2686 sol.
767 2664 842 2693 35711),
860 2665 918 2687 Dec.
935 2666 965 2687 30
983 2665 1067 2694 (ibid.,
1089 2666 1133 2688 sol.
1150 2667 1217 2694 364);
1237 2674 1279 2690 on.
1299 2667 1366 2695 1423,
1382 2667 1491 2690 Junuar.
1508 2667 1522 2689 3
1540 2666 1625 2696 (ibid.‚
1643 2666 1687 2689 sol.
1707 2665 1783 2696 36512).
1800 2666 1865 2689 item
1884 2665 1953 2688 inter
1967 2664 2096 2688 Jacobum
2111 2664 2195 2692 Gulet,
2213 2664 2239 2687 in

375 2705 475 2728 artibus
492 2714 559 2737 mag.
572 2710 597 2730 ct
610 2707 668 2730 bac.
681 2708 705 2730 in
722 2709 833 2731 decretis
849 2717 878 2731 ex
894 2717 945 2731 unu
959 2713 1043 2740 parte,
1055 2713 1080 2732 et
1093 2710 1174 2741 episc.
1189 2710 1272 2734 Paris.
1284 2714 1502 2742 exsecutoresque
1515 2710 1621 2734 Roberti
1635 2710 1721 2734 Coeffe
1736 2714 1761 2734 et
1776 2710 1867 2742 Steph.
1884 2710 1915 2733 de
1929 2719 1941 2733 (ι
1955 2709 2063 2733 Sousois
2078 2717 2089 2732 ι
2101 2717 2132 2732 ex
2147 2709 2239 2739 altera,

376 2757 417 2771 un.
434 2751 502 2777 1424,
518 2751 578 2774 «Ιιιιι.
593 2754 615 2779 9,
630 2752 718 2782 agitur
734 2753 789 2781 (ΧΗ
805 2754 842 2780 Gli,
861 2754 905 2776 sol.
922 2754 971 2783 02).
987 2768 1017 2771 -
1031 2754 1054 2779 2.
1072 2755 1129 2778 vid.
1148 2756 1285 2783 charum,
1303 2756 1335 2784 ll,
1352 2760 1381 2778 n0
1397 2756 1466 2779 1109.
1481 2769 1511 2773 —
1526 2755 1549 2779 3.
1566 2755 1642 2784 lbid.‚
1658 2755 1692 2778 ni*
1706 2756 1752 2778 668
1768 2755 1868 2778 et1155
1884 2763 1942 2786 sqq.
