2502 3418
363 328 427 361 670
942 338 1262 361 CHARTULARIUM
1298 337 1490 359 UNlVERs.
1527 337 1657 359 1111115.
2132 323 2233 364 [1446

365 419 470 445 court
497 412 540 445 de
571 412 786 458 parlement,
817 416 835 446 a
861 413 957 446 celui
980 414 1067 458 jour
1093 412 1138 445 ilz
1169 412 1333 445 seroient
1359 424 1462 457 ouyz,
1491 418 1527 444 et
1550 411 1732 444 nostredit
1756 410 1954 443 conseiller
1981 410 2167 457 l'evesque
2188 411 2232 443 de

365 480 465 512 Paris
487 480 668 513 contraint
688 483 706 513 a
723 480 802 513 dire
824 480 877 514 les
899 493 1028 513 causes
1049 480 1093 513 de
1115 480 1252 514 sadicte
1274 479 1497 525 opposition,
1516 491 1561 511 611
1582 478 1663 511 leur
1684 485 1929 511 remonstrant
1948 477 2055 523 qu’ilz
2073 489 2114 512 se
2132 477 2234 511 voul-

363 547 501 580 sissent
521 547 696 592 deporter
717 548 760 580 de
791 547 922 580 ladicte
952 548 1156 581 intimation
1184 547 1369 580 desdictes
1397 546 1619 587 cessacions⁷
1651 545 1740 578 dont
1768 545 1813 578 ilz
1841 557 1886 578 ne
1906 545 2105 580 vouldrent
2133 545 2232 577 riens

363 614 464 647 faire.
488 616 584 647 Pour
603 614 761 660 laquelle
783 627 904 656 cause,
923 617 940 648 a
962 615 993 647 la
1015 621 1185 659 requeste
1206 614 1251 647 de
1273 614 1454 647 nostredit
1474 625 1677 658 procureur
1691 612 1856 658 general,
1874 616 2010 658 expos&
2029 613 2084 645 fut
2104 612 2148 645 de
2169 623 2233 657 par

365 693 458 715 nous
480 694 543 727 par
559 682 784 715 nostredicte
801 689 918 723 court,
935 682 1147 715 commande
1169 688 1205 714 et
1225 681 1387 726 enjoinct
1407 683 1425 713 a
1445 680 1576 714 ladicte
1594 680 1803 714 Universite
1825 684 1864 713 es
1884 691 2090 725 personnes
2106 679 2232 712 desdiz

364 756 520 791 recteur,
543 749 743 782 Painecher
769 756 804 782 et
824 756 958 790 autres⁷
982 749 1042 793 qui
1064 749 1227 793 ilecques
1249 748 1408 781 estoient
1433 759 1601 793 presens,
1629 759 1692 781 sur
1713 754 1791 781 tout
1811 760 1851 781 ce
1871 747 1979 793 qu'ilz
1999 759 2039 781 se
2060 746 2234 792 povoient

365 817 525 849 meffaire
547 828 678 849 envers
700 828 805 857 nous,
829 816 937 861 qu’ilz
959 816 1223 860 procedassent
1242 822 1277 848 et
1297 815 1575 848 continuassent
1595 827 1640 848 611
1661 814 1762 848 leurs
1783 815 1930 859 leccons
1952 821 1987 847 et
2007 821 2089 847 tous
2110 820 2232 847 autres

363 884 429 916 saiz
451 884 630 925 d'estude,
650 896 694 916 en
716 883 796 916 leur
813 883 1010 916 defendant
1030 895 1094 915 sur
1115 882 1290 916 lesdictes
1311 883 1452 928 peines,
1471 882 1578 927 qu'ilz
1600 894 1644 915 ne
1664 882 1808 917 fussent
1828 882 1861 916 si
1881 881 2005 915 hardiz
2026 881 2071 914 de
2092 893 2229 914 cesser.

363 951 467 992 Mais,
490 963 530 984 cc
553 950 786 992 nonobstant7
805 962 895 983 ceux
917 950 960 983 de
982 950 1113 983 ladictc
1135 950 1358 992 Universite,
1377 962 1422 983 en
1443 950 1558 995 grand
1580 956 1765 996 contempt
1784 956 1821 983 et
1840 949 1997 994 mespris
2018 949 2062 982 de
2083 960 2177 982 nous
2199 955 2234 982 et

363 1018 408 1051 dc
429 1018 653 1051 nostredicte
669 1018 805 1062 justice
827 1018 1046 1051 souveraine
1068 1024 1103 1050 et
1123 1017 1308 1051 desdictes
1330 1017 1502 1051 desenses
1523 1024 1559 1050 et
1577 1017 1910 1058 commandemens,
1933 1028 1977 1049 en
1998 1005 2234 1061 mesprenant

363 1092 488 1118 contre
517 1097 610 1118 nous
641 1085 893 1130 grandement,
926 1091 989 1118 ont
1017 1088 1122 1118 66556
1152 1091 1188 1118 et
1215 1085 1279 1118 fait
1308 1097 1433 1118 cesscr
1460 1085 1504 1118 de
1533 1084 1786 1130 predicacions
1815 1091 1850 1117 et
1876 1084 1966 1117 faire
1997 1094 2166 1117 sermons
2187 1095 2231 1116 au

362 1152 495 1197 peuple
517 1153 561 1185 de
590 1152 621 1184 la
649 1152 773 1197 parole
801 1152 846 1185 de
877 1152 982 1194 Dieu,
1010 1152 1072 1197 qui
1099 1158 1155 1185 est
1181 1159 1307 1185 contre
1336 1152 1477 1194 raison3
1508 1159 1543 1186 et
1568 1152 1692 1186 disant
1718 1164 1788 1197 que
1815 1151 2040 1185 nostredicte
2060 1157 2166 1184 court
2185 1162 2231 1183 ne

361 1227 483 1253 autres
514 1219 790 1264 quelxconques
819 1220 895 1253 sors
925 1231 1018 1252 nous
1052 1231 1096 1252 en
1129 1226 1254 1252 nostre
1288 1231 1471 1264 personne
1501 1231 1547 1253 ne
1578 1219 1703 1265 povoit
1731 1219 1942 1264 cognoistre
1970 1218 2014 1251 de
2047 1230 2176 1252 causes
2198 1225 2233 1251 et

361 1287 503 1320 ass‘aires
525 1287 569 1320 de
597 1287 728 1320 ladicte
750 1287 972 1328 Universite,
1001 1294 1036 1320 ct
1063 1286 1170 1331 qu'ilz
1200 1287 1396 1320 n'estoient
1424 1299 1470 1320 en
1498 1287 1597 1319 riens
1626 1286 1778 1332 subgetz
1806 1286 1850 1319 de
1879 1286 2103 1319 nostredicte
2128 1292 2232 1319 court

362 1355 405 1387 de
427 1354 640 1400 parlement.
664 1356 707 1387 Et
728 1354 840 1388 disoit.
859 1354 1041 1388 nostredit
1061 1366 1264 1399 procureur
1285 1366 1354 1400 que
1381 1354 1580 1399 perilleuse
1602 1361 1637 1387 et
1657 1360 1898 1399 sumptueuse
1919 1353 2031 1386 chose
2052 1353 2177 1395 seroit,
2200 1353 2231 1386 si

362 1434 454 1467 pour
478 1421 659 1455 chascune
687 1433 795 1455 cause
822 1422 867 1454 de
897 1421 1028 1455 ladicte
1055 1421 1265 1456 Universite
1292 1421 1319 1454 it
1347 1421 1543 1455 convenoit
1566 1421 1670 1455 venir
1696 1421 1827 1455 devers
1856 1432 1963 1462 nous,
1992 1427 2232 1454 mesmement

361 1502 430 1534 que
453 1502 545 1534 pour
564 1489 620 1522 les
641 1501 751 1535 grans
773 1489 916 1522 affaires
938 1489 982 1522 de
1003 1489 1227 1523 nostredicte
1249 1489 1460 1534 seigneurie
1482 1495 1518 1522 et
1538 1489 1582 1522 de
1603 1488 1635 1521 la
1656 1488 1767 1521 chose
1789 1487 1964 1533 publique
1986 1488 2030 1521 de
2052 1487 2232 1521 nostredit

362 1569 531 1602 royaume
548 1568 641 1590 nous
658 1556 747 1589 fault
762 1563 989 1601 transporter
1006 1568 1050 1589 en
1067 1556 1239 1602 pluseurs
1257 1556 1391 1601 parties
1408 1556 1452 1589 de
1471 1562 1595 1589 nostre
1612 1567 1796 1600 royaume,
1814 1555 2013 1600 loingtains
2031 1555 2075 1588 de
2091 1561 2231 1588 nostre-

362 1624 456 1656 dicte
481 1623 567 1657 ville
595 1624 639 1656 de
667 1624 780 1665 Paris,
810 1630 846 1656 et
872 1636 942 1668 que
970 1635 1035 1669 par
1055 1623 1124 1656 telz
1144 1635 1256 1668 voyes
1285 1623 1329 1656 de
1360 1635 1486 1656 cesser
1507 1623 1551 1656 de
1581 1622 1757 1668 prescher
1783 1622 1815 1655 la
1845 1622 1984 1667 parolle
2011 1622 2055 1655 de
2083 1622 2175 1654 Dieu
2196 1621 2237 1654 le·

361 1690 493 1736 peuple
521 1691 565 1724 de
598 1691 823 1724 nostredicte
848 1690 934 1724 ville
960 1690 1005 1723 de
1036 1691 1137 1723 Paris
1169 1703 1187 1723 a
1217 1694 1296 1723 este
1324 1690 1551 1723 maintessoiz
1581 1689 1799 1731 scandalise⁷
1826 1696 1861 1722 et
1885 1700 2039 1722 encores
2066 1689 2229 1734 pourroit

361 1765 471 1800 estre,
490 1759 521 1791 si
542 1770 606 1803 par
626 1770 720 1791 nous
742 1758 889 1791 n'estoit
909 1769 973 1791 sur
993 1770 1034 1790 ce
1056 1770 1219 1803 pourveu
1242 1758 1287 1790 de
1308 1758 1456 1791 remede
1477 1757 1703 1791 convenable
1722 1764 1757 1790 et
1776 1757 1820 1790 de
1837 1757 1984 1802 justice.

450 1827 517 1859 Par
538 1838 635 1871 quoy
655 1837 761 1867 nous7
785 1825 839 1858 les
861 1825 992 1858 choses
1015 1825 1267 1858 dessusdictes
1288 1825 1537 1867 consideffies,
1565 1832 1690 1870 etque
1711 1824 1936 1858 nostredicte
1963 1831 2067 1857 court
2087 1824 2131 1857 de
2151 1835 2231 1869 par-

361 1893 497 1926 lement
516 1900 573 1926 est
593 1893 810 1927 souveraine
832 1899 867 1925 et
887 1892 1017 1938 capital
1038 1893 1082 1925 de
1112 1905 1174 1938 par
1194 1904 1288 1925 nous
1309 1893 1353 1925 de
1378 1899 1457 1926 tout
1481 1892 1663 1925 nostredit
1687 1904 1872 1937 royaume,
1899 1898 1934 1924 et
1960 1903 1982 1936 y
2007 1890 2232 1936 respondent

361 1967 397 1994 et
416 1960 615 2005 obeyssent
634 1967 717 1993 tous
746 1972 812 1992 noz
834 1972 978 2005 parens,
1007 1960 1060 1992 les
1090 1972 1186 2005 perS,
1213 1960 1315 2001 ducz,
1342 1967 1469 1993 contes
1490 1966 1526 1993 et
1545 1966 1667 1993 autres
1688 1970 1799 2005 grans
1821 1959 2018 2004 seigneurs
2039 1958 2083 1991 de
2105 1964 2230 1992 nostre

361 2040 544 2074 royaume,
574 2039 712 2061 comme
741 2030 759 2060 a
780 2039 873 2060 nous
895 2034 930 2060 et
957 2034 1082 2060 nostre
1108 2027 1242 2072 justice
1264 2028 1496 2069 souveraine,
1525 2030 1543 2060 a
1570 2026 1727 2072 laquelle
1752 2033 1836 2059 tous
1857 2025 1962 2059 ceulx
1986 2025 2030 2059 de
2050 2025 2232 2058 nostredit

361 2107 531 2141 royaume
552 2102 636 2128 sont
656 2095 821 2140 subgetz,
841 2102 875 2128 et
896 2095 995 2128 aussi
1017 2107 1086 2139 que
1108 2107 1201 2139 pour
1221 2095 1275 2127 les
1292 2106 1402 2140 grans
1419 2101 1455 2128 et
1469 2094 1590 2128 haults
1606 2094 1749 2128 affaires
1770 2094 1815 2127 de
1836 2100 1961 2127 nostre
1983 2105 2166 2138 royaume,
2185 2104 2230 2125 en

361 2175 457 2208 quoy
478 2167 661 2204 som[1n]es
683 2162 972 2195 continuelnient
992 2174 1187 2207 occuppez,
1206 2174 1251 2195 ne
1273 2163 1469 2207 pourrions
1489 2174 1648 2207 vacquer
1667 2174 1712 2195 ne
1741 2162 1918 2194 entendre
1948 2163 1967 2194 a
1993 2166 2119 2194 nostre
2149 2171 2230 2203 per-

362 2242 491 2271 sonne,
514 2233 532 2263 a
552 2242 655 2275 ouyr,
683 2230 844 2262 discuter
865 2236 901 2262 et
928 2229 1077 2262 decider
1099 2229 1163 2262 des
1185 2229 1382 2274 querelles,
1405 2241 1548 2271 causes,
1565 2240 1727 2274 negoces
1754 2235 1789 2262 et
1809 2228 2001 2274 questions
2023 2228 2067 2260 de
2089 2234 2230 2260 nostre-

362 2298 455 2330 dicte
477 2297 550 2330 fille
571 2297 807 2330 l’Universite
829 2297 873 2329 de
901 2297 1014 2338 Paris,
1043 2308 1087 2329 116
1109 2296 1174 2329 (165
1196 2303 1369 2341 suppostz
1391 2296 1547 2337 d'icelle,
1573 2303 1609 2330 et
1629 2308 1698 2341 que
1721 2296 1764 2329 de
1791 2295 1873 2341 plus
1900 2307 2011 2340 grans
2031 2294 2163 2327 choses
2184 2294 2228 2327 de

361 2365 473 2397 moult
495 2377 564 2409 que
586 2364 697 2397 celles
719 2364 764 2396 de
791 2363 922 2397 ladicte
946 2364 1153 2397 Universite
1174 2364 1399 2397 nostredicte
1421 2371 1526 2397 court
1551 2364 1594 2396 de
1620 2363 1821 2409 parlement
1841 2362 2024 2408 cognoist‚
2045 2361 2173 2394 decide
2195 2368 2230 2394 et

362 2432 562 2464 determine
585 2432 629 2464 de
650 2433 738 2476 jour
762 2443 806 2463 611
831 2432 931 2476 jour,
961 2437 996 2463 et
1027 2443 1071 2463 en
1098 2431 1240 2476 laquele
1268 2438 1324 2464 est
1352 2431 1457 2464 saicte
1480 2431 1615 2475 justice
1643 2434 1661 2464 a
1686 2430 1845 2463 chascun
1867 2442 1951 2463 sans
1973 2429 2161 2474 acception
2183 2428 2227 2461 de

362 2511 563 2543 personne3
587 2499 739 2532 voulans
768 2498 964 2543 pourveoir
985 2500 1002 2531 a
1029 2498 1159 2531 ladicte
1181 2498 1390 2531 Universite
1411 2506 1446 2531 et
1471 2510 1540 2531 aux
1567 2505 1742 2543 suppostz
1770 2497 1927 2539 d'icelle,
1954 2503 1989 2529 et
2013 2496 2140 2530 obvier
2160 2507 2228 2529 aux

361 2566 624 2599 inconveniens
646 2573 681 2598 et
708 2565 898 2599 scandales
920 2566 981 2610 qui
1009 2566 1223 2610 pourroient
1247 2566 1372 2599 avenir
1392 2577 1437 2599 en
1462 2572 1586 2599 nostre
1614 2577 1798 2610 royaume⁷
1828 2571 1863 2597 et
1889 2564 2011 2597 bonne
2037 2563 2172 2608 justice
2193 2569 2227 2595 et

362 2633 498 2666 briesvc
520 2633 729 2678 expedition
746 2639 842 2666 estre
863 2633 968 2665 saicte
990 2639 1024 2665 et
1044 2632 1280 2666 administree
1302 2635 1320 2666 a
1340 2633 1564 2666 nostredicte
1580 2632 1654 2665 fille
1674 2631 1909 2665 l’Universite
1931 2631 1975 2664 de
1997 2630 2097 2663 Paris
2118 2636 2154 2663 et
2173 2629 2227 2662 les

363 2707 534 2745 suppostz
555 2700 711 2741 d'icclle‚
730 2707 764 2733 et
786 2701 939 2745 rejecter
959 2706 1040 2732 tous
1062 2700 1190 2742 delaiz7
1208 2700 1392 2746 longueur
1413 2707 1448 2733 et
1467 2699 1699 2734 involucions
1720 2699 1764 2732 de
1786 2702 1916 2744 proces
1937 2705 1973 2731 et
1992 2709 2086 2743 pour
2106 2703 2228 2730 autres

363 2779 490 2800 causes
512 2774 544 2800 ct
567 2767 858 2800 considerations
880 2769 896 2800 a
918 2779 957 2799 ce
979 2779 1072 2799 nous
1095 2779 1282 2808 mouvans,
1309 2774 1343 2800 et
1363 2779 1430 2800 eue
1459 2779 1522 2800 sur
1541 2779 1581 2800 ce
1607 2767 1744 2812 grande
1771 2773 1805 2799 et
1831 2777 1957 2799 meure
1979 2764 2227 2798 deliberacion

364 2834 407 2866 de
430 2834 581 2875 conseit,
609 2846 720 2867 avons
742 2834 907 2866 ordonne
936 2841 970 2867 et
997 2834 1215 2879 appoinctie,
1244 2835 1457 2868 ordonnons
1483 2841 1518 2867 et
1544 2834 1784 2879 appoinctons
1806 2845 1875 2878 que
1896 2844 1988 2866 vous
2010 2831 2226 2877 cognoissez

363 2907 397 2934 et
418 2900 638 2934 determiuez
659 2901 722 2934 des
745 2913 885 2943 causes⁷
904 2901 1087 2947 quei-elles
1109 2908 1144 2936 et
1164 2913 1324 2947 negoces
1346 2902 1390 2935 de
1412 2902 1634 2935 nostredicte
1657 2900 1730 2935 fille
1751 2899 1985 2935 l'Universite
2005 2899 2049 2933 de
2070 2898 2172 2933 Paris
2192 2904 2226 2932 et
