2502 3418
980 327 1299 350 CHARTULARIUM
1334 329 1524 351 UNIVERS.
1562 330 1690 352 PARlS.

405 399 2270 422 Q

537 445 602 470 1425

679 446 842 478 Septembris
861 447 889 469 13
918 446 988 477 Mag.
1005 446 1133 470 Robertus
1147 447 1178 470 de
1194 447 1298 471 Lith’ere
1310 448 1337 471 ia
1351 448 1535 480 Conciergeria
1549 449 1728 474 incarceratus
1742 453 1852 481 propter
1864 450 1982 473 haeresis
1995 450 2182 481 suspicionem.

701 505 865 535 Mart.-Sept.

708 563 861 595 Septembre

701 678 823 703 Octobris
839 679 868 701 13

745 750 772 754 -—
839 737 868 759 24

692 794 848 818 Novembris
863 795 877 816 6

694 853 706 876 J
713 861 755 875 un.
772 852 873 875 lli-Dec.

692 953 829 977 Februarii
845 954 874 976 16

718 1056 805 1079 Martii
822 1056 850 1079 13

691 1114 778 1138 Martii
792 1115 830 1143 21,
846 1114 875 1136 22

679 1215 889 1240 Feb.16-Mn=-t.26

719 1274 817 1306 Aprilis
832 1275 847 1297 4

676 1333 736 1356 Jan.
750 1332 861 1364 9-April.
875 1333 888 1355 8

712 1435 811 1466 Aprilis
828 1435 856 1457 12

676 1493 888 1524 Jnn.‘.>-Ap1·il.20

683 1595 758 1619 Circa
774 1595 834 1618 Maii
850 1596 879 1618 19

747 1653 815 1677 Maio

723 1756 796 1780 Juuii
812 1757 841 1779 20

742 1815 840 1837 —28

735 1917 799 1940 Julii
816 1917 826 1939 1

754 2020 832 2041 —30

704 2077 815 2108 Augusti
831 2077 858 2099 ‘21

677 2224 840 2255 Septembris
859 2225 887 2247 12

742 2341 771 2344 —
858 2327 886 2349 17

497 2385 640 2411 1425-ss26
676 2385 886 2415 Decemh.-Sept.

534 2443 601 2469 1⁴2⁶

705 2443 858 2474 Septembre

704 2559 825 2583 Octobris
841 2560 855 2581 3

675 2755 750 2779 Circa
766 2755 858 2778 Octob.
872 2756 884 2778 4

697 2808 819 2832 Octobris
837 2810 866 2831 26

919 504 1046 528 Cursores
1061 505 1088 527 in
1105 505 1228 528 facultate
1243 505 1392 537 theologiae
1395 523 2183 533 ................................

920 563 1086 585 Sententiarii
1102 566 1127 586 et
1142 563 1237 586 Biblici
1251 563 1414 587 Parisienses
1426 581 2182 592 ..............................

919 620 1038 651 Magistri
1054 624 1174 651 regentes
1188 620 1215 643 in
1229 621 1354 645 facultate
1366 622 1515 653 theologiae
1530 640 2182 649 ..........................

921 679 954 701 De
967 678 1134 701 sermonibus
1150 678 1177 701 in
1190 679 1302 709 collegio
1316 679 1450 703 Sorbonae
1453 697 2182 708 .............................

920 737 988 767 Mag.
1004 736 1157 759 Dominicus
1175 736 1253 759 Parvi
1270 736 1367 759 iterum
1382 740 1503 768 receptus
1519 738 1552 761 ad
1570 739 1755 762 cancellariam
1760 755 2181 765 .................

919 794 1041 825 Magistri
1056 797 1175 825 regentes
1193 794 1326 817 facultatis
1342 795 1487 818 medicinae
1503 803 1546 819 an.
1563 795 1701 820 1425-1426
1713 814 1823 820 .....
1837 829 1841 833 Α
1843 813 2182 822 ..............

919 851 1040 882 Magistri
1054 851 1203 883 theologiae
1222 852 1400 876 confessiones
1421 852 1613 876 haereticorum
1634 854 1764 885 sortilegii
1783 862 1889 879 reorum
1903 855 2127 879 incarceratorum
2146 854 2184 877 in-

950 895 1079 927 spiciunt.
1104 913 2181 924 ..........................................

919 954 978 976 Fac.
992 953 1136 976 medicinae
1151 954 1282 977 deliberat
1297 962 1377 985 super
1392 954 1590 986 dispensatione
1604 956 1731 987 temporis
1747 956 1890 981 auditionis
1902 956 1948 988 iis,
1961 956 2006 988 qui
2021 960 2141 987 regentes
2156 956 2183 979 in

949 997 1051 1021 artibus
1068 999 1172 1021 fuerant
1186 998 1213 1021 in
1228 998 1286 1021 vico
1303 999 1454 1028 straminis,
1468 1000 1634 1024 concedenda
1637 1017 2182 1026 ......................

918 1055 1056 1079 Licentiati
1071 1055 1097 1078 in
1114 1056 1238 1079 facultate
1253 1056 1401 1088 theologiae
1404 1074 2181 1083 ...............................

918 1114 979 1136 Fac.
998 1114 1096 1137 decret.
1118 1113 1249 1137 deliberat
1268 1115 1300 1137 de
1322 1115 1409 1138 rotulo
1425 1115 1552 1139 mittendo
1573 1115 1606 1138 ad
1627 1124 1725 1148 papam
1747 1119 1772 1139 et
1795 1116 1927 1147 imprimis
1950 1116 1981 1139 de
2006 1116 2183 1148 appellatione

949 1157 1136 1181 Universitatis
1154 1158 1187 1181 ab
1205 1158 1330 1190 episcopo
1346 1159 1430 1183 Paris.
1451 1160 1483 1183 ad
1499 1168 1598 1191 papam
1612 1160 1639 1184 in
1654 1169 1735 1184 causa
1747 1160 1938 1184 haereticorum
1943 1178 2181 1185 ..........

918 1216 1055 1239 Licentiati
1070 1216 1096 1239 in
1113 1216 1239 1240 facultate
1255 1217 1401 1241 medicinae
1405 1234 2181 1243 ...............................

918 1274 1055 1298 Licentiati
1071 1274 1097 1297 in
1115 1275 1164 1297 fac.
1178 1274 1344 1298 decretorum
1347 1292 2181 1302 .................................

918 1332 1082 1356 Universitas
1098 1332 1210 1355 Martino
1226 1332 1247 1355 V
1261 1332 1355 1355 iterato
1368 1332 1516 1357 Johannem
1532 1333 1614 1362 Boiri,
1631 1333 1738 1365 magist.
1752 1334 1845 1361 1heol..
1862 1342 1911 1365 pro
1930 1334 2041 1357 ecclesia
2056 1334 2182 1358 Meldensi

948 1380 976 1400 ut
991 1377 1144 1408 episcopum
1160 1377 1285 1408 proponit
1294 1394 2181 1403 ...................................

917 1435 1073 1458 Doctoratus
1088 1434 1115 1458 in
1128 1434 1187 1466 jure
1199 1434 1325 1459 canonico
1340 1443 1410 1466 mag.
1427 1435 1543 1459 Thomae
1556 1436 1633 1459 Fieve
1636 1453 2181 1462 ......................

917 1492 1082 1516 Universitas
1098 1501 1168 1524 mag.
1184 1493 1332 1517 Johannem
1350 1493 1437 1516 Flicke
1457 1493 1582 1524 episcopo
1603 1493 1716 1517 Aboensi
1736 1497 1762 1517 et
1778 1494 1894 1525 capitulo
1913 1494 2038 1518 ecclesiae
2054 1494 2182 1518 Aboensis

947 1537 1114 1560 commendat
1116 1554 2182 1563 ..........................................

917 1594 1116 1626 Assignationes
1132 1594 1348 1618 baccalareorum
1367 1594 1430 1618 ord.
1446 1595 1540 1619 Praed.
1556 1603 1605 1626 pro
1621 1595 1798 1619 Universitate
1813 1596 1887 1619 Paris
1891 1613 2182 1622 ............

917 1653 1067 1685 Appellatio
1082 1652 1270 1676 Universitatis
1286 1653 1319 1676 ad
1334 1661 1432 1684 papam
1448 1656 1540 1676 contra
1555 1653 1637 1684 episc.
1658 1653 1742 1677 Paris.
1763 1657 1873 1685 propter
1891 1654 2047 1678 haereticos.
2066 1655 2102 1678 De
2121 1663 2182 1678 con-

947 1698 1092 1721 tributione
1106 1700 1215 1728 propter
1228 1697 1419 1720 ambassiatam
1434 1697 1533 1721 indicta
1537 1714 2182 1723 ..........................

917 1756 1009 1779 Petrus
1022 1755 1236 1785 Guillebaudelli,
1254 1755 1284 1779 O.
1301 1756 1326 1778 S.
1344 1755 1382 1783 B..
1399 1755 1533 1778 licentiam
1549 1755 1671 1779 manendi
1687 1756 1795 1779 Parisiis
1811 1757 1882 1779 ultra
1894 1760 1999 1787 tempus
2014 1756 2087 1788 petit.
2099 1774 2105 1780 .
2124 1774 2130 1780 .
2150 1774 2157 1781 .
2176 1774 2182 1780 .

917 1813 1045 1837 Martinus
1068 1814 1089 1836 V
1112 1821 1218 1837 causam
1241 1813 1429 1844 sortilegorum
1453 1813 1561 1836 Parisiis
1584 1813 1809 1837 incarceratorum
1837 1814 1970 1845 episcopis
1995 1814 2137 1838 Morinensi
2159 1818 2184 1838 et

947 1857 1116 1881 Noviomensi
1129 1857 1301 1881 decidendam
1318 1858 1429 1881 remittit
1431 1874 2181 1883 ..............................

918 1916 1038 1939 Facultas
1063 1916 1209 1939 medicinae
1233 1915 1369 1947 supplicat
1392 1915 1504 1939 Martino
1519 1916 1540 1938 V
1561 1917 1663 1939 favores
1686 1917 1773 1948 quoad
1791 1916 1934 1946 licentiam,
1955 1917 2042 1948 quoad
2063 1917 2183 1941 doctores

947 1960 1124 1992 practicantes
1140 1963 1165 1983 et
1179 1960 1292 1983 omissos
1311 1960 1337 1983 in
1353 1960 1455 1989 rotulo;
1471 1960 1557 1991 quoad
1578 1960 1688 1984 infectos
1704 1961 1796 1984 morbo
1811 1961 1964 1992 contagioso
1967 1978 2181 1986 .........

918 2019 1062 2042 Accordum
1077 2026 1136 2041 cum
1147 2018 1306 2041 haeredibus
1323 2018 1411 2041 Caroli
1426 2018 1457 2041 de
1472 2018 1584 2049 Savoisy
1599 2021 1708 2049 propter
1723 2018 1885 2050 capellanias
1889 2036 2181 2044 ............

917 2077 1081 2100 Cuncordata
1096 2076 1202 2099 Martini
1218 2077 1238 2099 V
1258 2084 1317 2099 cum
1333 2076 1426 2099 Carolo
1446 2076 1493 2099 Vll
1507 2076 1539 2099 de
1554 2076 1726 2100 electionibus
1744 2080 1770 2100 et
1786 2076 1984 2108 provisionibus
2001 2077 2181 2106 ecclesiarum,

947 2121 979 2144 de
992 2121 1132 2144 collatione
1145 2121 1333 2144 beneficiorum
1346 2120 1523 2144 saecularium
1540 2123 1566 2144 et
1579 2120 1743 2151 regularium
1758 2121 1784 2144 in
1799 2129 1880 2152 regno
1897 2121 2024 2158 Franciae
2038 2125 2064 2145 et
2078 2122 2184 2153 Delphi-

947 2169 1010 2189 natu
1014 2182 2182 2191 ..............................................

917 2224 1068 2255 Capitulum
1088 2223 1210 2254 generale
1226 2223 1393 2247 Cisterciens.
1409 2223 1440 2246 de
1458 2222 1625 2246 scholaribus
1643 2223 1675 2246 ad
1695 2223 1813 2246 studium
1834 2223 1861 2246 S.
1876 2223 2006 2247 Bernardi
2023 2224 2107 2248 Paris.
2123 2224 2184 2248 mil-

947 2269 1033 2292 tendis
1037 2284 2182 2293 .............................................

917 2327 1013 2350 Paulus
1027 2326 1128 2350 Nicolai
1143 2326 1174 2349 de
1188 2325 1327 2349 Sclavonia
1342 2328 1434 2348 contra
1447 2326 1498 2349 fac.
1510 2325 1591 2348 theol.
1607 2325 1704 2356 litigat,
1721 2326 1791 2357 quod
1803 2334 1818 2349 a
1833 2325 1939 2349 licentia
1952 2327 2076 2358 repulsus
2087 2327 2132 2352 sit.
2148 2344 2155 2351 .
2175 2344 2181 2350 .

917 2385 1043 2408 Cursores
1061 2384 1087 2407 in
1103 2384 1228 2407 facultate
1243 2383 1392 2414 theologiae
1396 2400 2181 2409 ...............................

917 2442 1086 2466 Sententiarii
1099 2445 1125 2465 et
1139 2442 1234 2464 Biblici
1250 2441 1412 2465 parisienses
1423 2458 2182 2467 ..............................

917 2500 1035 2532 Magistri
1051 2503 1172 2531 regentes
1188 2500 1214 2522 in
1231 2500 1354 2522 facultate
1369 2498 1519 2530 theologiae
1528 2516 2181 2525 ..........................

917 2559 1025 2590 Egidius
1043 2557 1201 2589 Grusegneti
1217 2557 1351 2588 supplicat
1366 2557 1478 2580 Martino
1493 2557 1522 2585 V,
1539 2560 1568 2580 ut
1585 2557 1611 2580 in
1630 2557 1728 2580 ducatu
1745 2557 1915 2588 Burgundiae
1928 2558 2045 2589 insignia
2062 2559 2183 2582 licentiae

946 2607 970 2627 et
986 2604 1137 2626 doctoratus
1152 2602 1263 2633 gradum
1280 2602 1306 2624 in
1322 2601 1401 2625 theol.
1415 2601 1532 2633 recipere
1545 2601 1631 2633 possit
1635 2618 2181 2631 ......................

917 2658 1064 2688 Burgenses
1086 2656 1249 2680 Parisienses
1272 2655 1390 2678 facultati
1409 2655 1489 2678 theol.
1514 2651 1716 2686 supplicant’ut
1735 2655 1766 2678 de
1786 2655 1970 2679 observatione
1989 2656 2136 2681 dominicae
2153 2665 2183 2681 ac

946 2702 1048 2725 dierum
1062 2701 1217 2724 festivorum
1232 2699 1429 2731 propositiones
1445 2699 1551 2730 redigat
1555 2714 2181 2726 .........................

916 2755 1112 2786 Propositiones
1127 2756 1177 2778 fac.
1191 2753 1341 2785 theologiae
1358 2753 1390 2776 de
1404 2753 1578 2776 observandis
1594 2752 1687 2776 diebus
1704 2753 1907 2777 dominicalibus
1923 2757 1949 2777 et
1966 2754 2067 2777 festivis
2071 2771 2181 2779 .....

917 2810 984 2840 Mag.
997 2808 1056 2832 Joh.
1073 2808 1157 2837 Acuti,
1172 2808 1262 2839 legens
1276 2807 1307 2830 de
1323 2814 1399 2830 mane
1414 2806 1440 2829 in
1460 2808 1509 2830 fac.
1525 2806 1633 2835 decret„
1647 2806 1745 2829 electus
1763 2806 1845 2838 episc.
1859 2807 1991 2837 Trecens„
2008 2808 2109 2839 gratias
2127 2808 2183 2840 agit

947 2853 1065 2876 facultati
1078 2867 2181 2877 ...........................................

2226 451 2272 473 444

2227 508 2273 530 444

2227 565 2274 587 444

2225 623 2271 645 445

2227 680 2273 702 445

2227 737 2274 760 446

2227 795 2274 817 446

2226 897 2273 920 446

2227 999 2273 1021 446

2227 1057 2273 1080 447

2226 1159 2273 1182 448

2226 1217 2274 1240 449

2226 1275 2273 1298 449

2226 1378 2272 1401 450

2226 1435 2270 1458 451

2226 2170 2272 2193 455

2226 2272 2272 2295 455

2226 2330 2272 2353 455

2226 2387 2273 2410 456

2226 2445 2273 2468 456

2226 2503 2272 2526 457

2226 2605 2271 2628 457

2227 2702 2271 2725 741

2226 2755 2272 2778 458

2225 2853 2272 2876 460
