2502 3418
308 334 399 370 1439]
648 347 695 368 Aa
730 347 836 368 ANNO
871 346 1157 367 uccerxxxxw
1192 345 1322 373 USQUE
1358 346 1405 366 An
1440 346 1576 366 ANNUM
1613 346 1819 367 nocnerit.
2099 337 2162 368 (313

302 421 325 444 le
344 421 391 444 snit
404 422 434 444 de
450 422 475 444 ln
490 421 552 452 pnix
567 422 688 452 generale
704 429 724 450 n,
741 426 769 444 ut
790 429 835 444 rex
853 420 953 451 pluries
970 419 1085 451 scripsit,
1108 420 1254 442 celebratus
1275 422 1323 442 est.
1345 419 1383 442 Cf.
1406 419 1580 449 BEAL‘counT,
1599 422 1617 444 t.
1635 420 1679 444 ΙΙΙ.
1701 428 1726 450 p.
1747 421 1777 441 63
1793 428 1861 450 sqq..
1882 420 1924 442 401
1945 428 1995 451 sq.‚
2011 421 2053 443 441
2072 429 2120 452 sq.‚
2139 424 2164 443 ct

301 465 474 495 ΡὲαηΕΝΛῐω,
490 467 559 490 Jean
573 466 696 490 Juvenal
709 467 755 489 des
775 465 870 489 Ursins
887 465 976 493 (1876),
988 473 1014 495 p.
1031 465 1075 487 194
1091 472 1140 495 sq.‚
1158 464 1202 486 198
1219 472 1276 495 sqq.
1293 464 1426 486 Johannes
1443 463 1579 486 Juvenalis
1597 464 1723 486 (lesi-vibit
1739 464 1763 486 in
1777 472 1824 486 sua
1845 464 2017 494 Complainte
2031 465 2163 487 iniseriam

303 510 430 541 temporis
447 514 474 533 ut
489 510 663 534 universitas.

395 586 420 610 1.
439 586 537 609 Minuta
550 593 557 609 ι
574 596 587 607 «
601 585 693 609 offensi
709 596 730 609 n.
744 599 775 603 -
787 585 811 610 2.
827 585 885 608 Vid.
903 585 934 608 de
947 585 995 608 hoc
1010 585 1135 613 Diffi-imai,
1151 585 1193 608 La
1205 585 1357 608 desolacion
1369 585 1415 608 des
1427 584 1523 615 c‘sslz'ses
1536 591 1571 607 en
1584 584 1702 608 France.
1714 584 1740 606 in
1752 584 1865 614 singulis
1878 584 1993 615 paginis.
2010 599 2038 601 —
2054 585 2078 609 3.
2091 586 2166 608 Mise-

301 631 367 653 riam
382 631 455 654 illius
471 630 607 662 temporis,
624 630 755 661 imprimis
771 630 890 657 Parisiis,
911 629 1038 652 describit
1061 629 1181 653 Thomas
1195 629 1292 658 Rasin,
1308 629 1378 653 Hist.
1401 630 1446 652 des
1467 630 1567 659 reynes
1587 630 1620 652 de
1641 629 1754 652 Charles
1782 628 1837 651 VII
1851 633 1876 652 et
1894 630 1926 652 cte
1948 630 2032 653 Louis
2051 630 2103 660 XI,
2124 630 2164 653 cd.

301 676 470 705 chnmurr,
485 676 504 703 Ι,
521 684 547 706 p.
562 676 606 698 124
621 683 660 706 sq.
678 675 739 705 (vid.
753 677 879 701 Auctar.,
897 674 930 703 ΙΙ,
943 682 970 705 p.
987 676 1041 699 505.
1056 677 1109 697 not.
1126 674 1159 703 1).
1175 675 1221 697 An.
1238 675 1296 696 1438
1312 674 1402 704 gravis
1418 673 1549 704 epidemia
1564 676 1589 696 et
1604 674 1686 695 sames
1701 673 1789 695 valida
1803 673 1912 696 Parisiis
1931 673 2046 704 alibique
2062 683 2166 704 grassa-

300 720 406 749 bantur,
422 720 458 743 ita
474 723 502 743 ut
513 719 622 743 Parisiis
633 720 755 742 45-50000
763 719 899 742 hominum
912 722 937 741 et
949 719 1122 749 parvulorum
1132 718 1319 741 succubuerint
1333 718 1469 747 (Chartier
1482 718 1594 746 Cicron„
1607 718 1647 741 ed.
1660 718 1765 740 VALLnT
1777 725 1810 740 DE
1824 718 1972 745 Vnuvlmac,
1986 719 2004 743 Ι,
2017 727 2042 749 p.
2056 719 2099 741 245
2112 727 2165 749 sq.;

299 765 422 788 Journal
436 764 504 788 [sun
517 764 670 794 bouvyeoiS,
687 772 713 794 p.
730 764 788 790 342:
804 763 928 787 Journal
941 764 972 786 de
988 763 1147 793 BIaupoint.
1163 763 1203 788 ed,
1220 763 1349 791 Facxncz,
1363 771 1389 793 p.
1407 763 1456 793 25).
1470 776 1499 780 —-
1514 762 1538 786 4.
1556 763 1709 793 Loquuntur
1724 762 1755 785 de
1772 771 1782 785 (ι
1799 762 1954 785 ecorcheurs
1972 771 1982 784 »
2001 771 2046 785 seu
2059 771 2069 785 (ι
2082 763 2167 785 lanio-

301 809 378 832 nibus
395 818 416 833 ».
432 809 488 832 Vid.
508 809 621 832 TnoMAs
635 809 728 838 BAsn',
742 808 760 831 1.
777 816 808 836 c.,
826 811 851 831 ct
866 808 1034 836 Qummsnn,
1052 808 1197 838 Rodriyue
1211 809 1244 831 (te
1268 807 1483 834 Villcmdrando.
1501 815 1526 838 p.
1547 807 1589 829 121
1607 815 1657 838 sq.‚
1679 807 1722 829 ubi
1742 807 1788 830 alii
1808 807 1950 837 scriptores
1967 807 2121 831 afferuntur.
2139 822 2165 825 —

300 853 323 878 5.
340 853 415 877 Natio
431 853 599 876 Alemanniae
614 861 662 884 per
676 853 766 884 plures
783 861 884 875 menses
901 852 981 875 cessit
993 852 1054 882 (vid.
1068 854 1196 878 Auctar..
1210 861 1237 883 p.
1249 853 1294 874 506
1308 852 1367 883 sq.).
1381 851 1465 874 Etiam
1482 855 1599 874 caeterae
1611 851 1729 874 nationes
1743 855 1768 874 et
1784 852 1921 874 facultates
1937 852 2042 874 omnino
2058 852 2167 881 debiles,

301 898 417 929 Collegia
437 900 563 921 evacuata
581 897 747 921 studentibus
772 901 847 921 erant
864 897 925 926 (vid.
942 897 1012 920 intra
1032 902 1060 919 n⁰
1075 898 1135 920 2552
1151 900 1175 920 ct
1195 905 1220 928 p.
1238 897 1304 927 6¹18),
1323 896 1348 919 in
1365 896 1469 919 ruinam
1487 896 1629 919 tendebant
1643 900 1668 919 et
1689 896 1750 919 libri
1771 896 1951 927 perdebantur
1968 897 2036 925 (Lib.
2050 903 2166 926 procur.

300 947 359 967 nat.
375 942 489 971 Gallia,
505 943 550 966 fol.
566 943 627 972 32¹²).
642 957 671 959 —
689 942 713 967 6.
729 943 764 965 De
780 942 940 965 Nox-mannia
955 950 1036 973 supra
1050 942 1191 973 praecipue
1207 941 1305 973 agitur,
1322 950 1392 972 nam,
1410 944 1438 964 ut
1455 941 1481 964 in
1498 941 1720 964 instructionibus
1733 950 1774 964 an.
1792 942 1861 971 1444,
1880 941 2012 971 Decemb.,
2035 944 2167 970 narratur,

302 989 354 1011 sere
374 988 460 1011 media
477 996 541 1019 pars
558 987 737 1019 Collegiorum
752 987 851 1010 ibidem
867 995 928 1010 suos
945 987 1038 1010 hahuit
1054 988 1166 1010 fructus.

302 1149 446 1186 2537.
475 1159 645 1185 Universitas
660 1159 756 1184 Paris.
778 1158 820 1183 bis
835 1167 867 1184 se
882 1158 1010 1194 opponit,
1027 1167 1060 1184 ne
1077 1159 1223 1184 scholares
1245 1159 1308 1193 veri,
1331 1158 1497 1184 baccalarei
1513 1162 1540 1184 et
1555 1159 1688 1193 magistri
1706 1158 1826 1193 vectigal
1845 1168 1863 1184 α
1881 1159 2068 1193 burgensibus
2083 1158 2168 1184 Pari-

389 1208 476 1234 siens.
501 1208 560 1233 vino
582 1208 745 1243 impositum
767 1207 888 1241 solvant,
912 1211 939 1233 et
959 1207 1103 1233 concludit
1122 1217 1152 1233 se
1168 1208 1354 1242 defensuram
1366 1208 1520 1243 privilegia
1543 1217 1558 1233 «
1579 1217 1668 1243 usque
1690 1208 1729 1233 ad
1752 1209 1927 1234 cessationes
1951 1208 2086 1234 inclusive
2100 1218 2124 1239 »,
2143 1212 2170 1234 et

389 1265 482 1291 regem
498 1256 654 1283 adituram.
671 1272 706 1276 —
722 1256 824 1282 Melior
838 1256 938 1282 modas
955 1261 1093 1292 quantum
1111 1257 1151 1282 ad
1164 1257 1354 1292 provisionem
1372 1257 1571 1291 beneficiorum
1591 1257 1759 1291 Inveniatur,
1777 1266 1862 1292 qnam
1880 1257 1980 1282 modus
1997 1257 2024 1282 in
2045 1257 2168 1283 Concilio

391 1306 564 1332 Bituricensi
578 1306 640 1340 (an.
658 1306 740 1336 1438)
752 1306 930 1342 propositus.

1383 1343 1456 1372 7439,
1473 1342 1632 1374 Septembris
1646 1343 1688 1371 24.
1705 1343 1750 1371 25,
1769 1343 1882 1368 Parisiis.

392 1386 468 1414 Bu„
482 1386 513 1419 V,
528 1387 583 1414 445,
599 1394 612 1409 e
626 1386 683 1410 Lib.
699 1395 774 1417 proc.
788 1390 842 1409 nat.
861 1386 930 1410 Gall.

304 1514 448 1551 2538.
473 1523 609 1549 Facultas
625 1523 802 1549 decretorum
819 1527 918 1549 contra
935 1523 1088 1558 magistros
1104 1533 1171 1549 suos
1185 1524 1422 1560 praevaricantes
1437 1532 1546 1559 poenas
1561 1523 1674 1549 statuit.

1496 1598 1570 1627 7439,
1588 1597 1703 1623 Octobris
1717 1598 1753 1627 10,
1770 1597 1885 1623 Parisiis.

393 1673 548 1706 Sabbato
570 1681 606 1706 xa
627 1673 798 1707 Octobris
815 1686 910 1706 anno
932 1674 1077 1706 Domini
1094 1675 1129 1706 M
1142 1674 1264 1707 CCCC
1278 1675 1433 1707 XXXIX
1454 1673 1591 1706 domini
1613 1673 1782 1706 doctores
1803 1673 1839 1705 in
1862 1673 1991 1705 Sancto
2008 1672 2171 1705 Johanne

302 1747 452 1785 propter
472 1740 540 1773 hoc
564 1740 777 1774 solemniter
797 1741 1024 1786 congregati,
1047 1741 1238 1774 audientes
1260 1748 1295 1773 et
1315 1741 1474 1773 scientes
1491 1752 1657 1773 rumores
1678 1746 1868 1772 currentes
1889 1746 2013 1772 contra
2030 1739 2171 1784 aliquos

305 1807 366 1852 qui
384 1807 517 1840 dabant
536 1807 675 1852 aliquas
696 1808 845 1841 cedulas
867 1808 1071 1841 scolaribus
1092 1808 1276 1853 aliquibus
1298 1820 1370 1840 non
1391 1808 1488 1841 veris
1510 1806 1728 1848 scolaribus,
1750 1807 1967 1851 aliquotiens
1989 1807 2093 1839 eliani
2106 1819 2171 1851 pro

306 1875 423 1919 pretio
445 1875 566 1920 aliquo
587 1875 662 1908 vini
684 1882 744 1908 aut
763 1876 930 1920 pecunie,
959 1882 993 1908 et
1022 1876 1341 1920 quotienscunque
1363 1874 1580 1920 petebantur
1609 1874 1751 1915 cedule,
1781 1874 1953 1906 nolebant
1982 1874 2066 1906 dare
2094 1874 2173 1906 sine

306 1942 485 1986 pecuniis,
500 1942 610 1975 immo
633 1942 813 1987 urgebant
839 1943 1028 1987 pecuniam
1054 1942 1118 1975 hac
1140 1942 1184 1975 de
1204 1954 1324 1983 causa,
1351 1942 1530 1975 ordinavit
1554 1943 1656 1984 juxta
1678 1941 1822 1986 antiqua
1844 1947 1987 1981 statuta⁷
2011 1941 2055 1973 dc
2076 1953 2173 1973 com—

305 2009 402 2041 muni
432 2021 616 2042 consensu
644 2009 818 2050 omnium⁷
861 2010 958 2054 quod
988 2009 1056 2042 hoc
1090 2010 1227 2042 faciens
1264 2009 1435 2054 punietur
1467 2021 1532 2054 pro
1563 2008 1791 2041 restituendo
1822 2008 2007 2053 pecunias,
2039 2008 2171 2040 deinde

308 2075 511 2120 privabitur
531 2083 610 2109 actu
632 2077 797 2121 regentie
815 2088 879 2109 sue
902 2089 966 2121 per
987 2083 1140 2121 quatuor
1161 2088 1307 2109 menses
1324 2076 1519 2109 continuos
1540 2082 1600 2108 aut
1624 2076 1724 2117 alias,
1746 2077 1847 2120 juxta
1877 2075 1971 2107 idem
2001 2082 2170 2107 statutum

305 2138 349 2171 ad
371 2139 470 2183 quod
491 2150 530 2171 se
552 2140 727 2180 referunt,
751 2146 787 2172 et
807 2146 1012 2172 statuerunt
1033 2139 1129 2184 quod
1156 2152 1228 2172 non
1251 2139 1383 2172 dentur
1403 2139 1532 2171 cedule
1557 2139 1628 2170 nisi
1656 2138 1751 2171 veris
1773 2137 1988 2170 scolaribus.
2013 2139 2169 2170 Fuerunt

306 2217 433 2238 omnes
465 2206 635 2239 doctores
661 2213 866 2251 presentes,
898 2206 1070 2239 videlicet
1095 2207 1232 2239 domini
1263 2206 1426 2247 Livinus,
1457 2206 1537 2239 Joh.
1566 2206 1609 2238 (le
1641 2205 1860 2246 Courccllis,
1886 2205 1965 2237 Joh.
1994 2204 2169 2245 Cliuss'art,

305 2274 351 2304 M.
376 2272 419 2305 de
442 2273 619 2314 Fraxinis,
645 2274 862 2318 E[ustacius]
886 2274 1052 2306 Mareade
1081 2274 1239 2306 decanus
1270 2273 1483 2313 facultatis¹,
1507 2273 1671 2305 officialis
1693 2272 1802 2305 Corb.
1827 2273 1954 2304 Datum
1978 2271 2038 2304 ubi
2061 2284 2168 2316 supra

306 2346 340 2372 et
360 2340 594 2384 registratum
617 2352 680 2385 per
697 2353 753 2373 me
771 2341 978 2373 Eustaciuin
1002 2341 1177 2374 decanum
1199 2340 1391 2373 facultatis.

398 2430 505 2453 Memor.
523 2431 572 2454 sae.
588 2431 694 2458 decret„
710 2431 729 2458 1,
748 2431 792 2454 sol.
809 2431 863 2454 192.

398 2506 422 2530 1.
442 2506 459 2529 Α
474 2506 551 2530 Febr.
568 2507 596 2529 24
613 2508 736 2535 decanus,
752 2510 813 2538 post
827 2507 975 2530 Johannem
991 2507 1022 2530 do
1038 2507 1182 2530 Courcellis
1197 2507 1239 2536 (ab
1255 2515 1296 2530 an.
1314 2507 1382 2535 1438,
1397 2506 1523 2529 Novemb.
1538 2507 1570 2535 0).

307 2658 450 2695 2539.
474 2669 550 2702 Mag.
575 2668 718 2694 lohannes
739 2669 832 2695 Mileti
852 2670 988 2705 explicat,
1013 2671 1041 2696 in
1065 2678 1118 2705 quo
1139 2670 1247 2695 aetatis
1271 2678 1345 2695 anno
1364 2668 1585 2695 baccalareatns
1606 2671 1633 2693 et
1655 2667 1773 2693 licentia
1798 2668 1826 2693 in
1846 2668 1930 2694 theol.
1956 2672 2021 2694 time
2044 2668 2170 2694 Parisiis

394 2717 517 2743 obtineri
531 2717 653 2754 possint.

1449 2754 1524 2783 7439,
1542 2753 1658 2779 Octobris
1672 2754 1716 2783 27,
1733 2754 1886 2779 florentiae.

397 2833 611 2865 Beatissimo
633 2840 745 2877 pater.
765 2835 855 2867 Cum
878 2846 919 2866 ex
937 2835 1079 2867 statutis
1102 2842 1136 2867 et
1157 2834 1360 2879 privilegiis
1380 2845 1521 2866 necnon
1543 2833 1849 2867 ordinationibus.
1868 2839 1936 2866 tam
1957 2833 2169 2878 apostolicis

308 2911 412 2944 quain
433 2900 525 2933 alme
546 2900 798 2934 Universitatis
820 2901 1049 2943 Parisiensis,
1072 2908 1252 2942 caveatur,
1276 2914 1320 2933 ne
1341 2901 1422 2945 quis
1452 2901 1489 2933 in
1510 2900 1676 2933 facultate
1697 2912 1797 2933 sacre
1823 2900 2007 2945 theologie
2035 2901 2071 2933 in
2093 2913 2170 2946 pre-
