2502 3418
267 326 363 375 1434]
609 341 655 362 ΑΒ
690 341 795 362 Asso
830 340 1119 363 MCCCLxxxxw
1153 341 1283 369 usous
1319 341 1366 363 AD
1401 341 1541 363 ANNUM
1577 342 1783 365 mccccmi.
2062 335 2123 366 561

357 414 531 441 Universitas
548 416 665 451 ejusque
681 415 802 450 collegia
817 418 844 441 et
859 414 1009 449 beneficia.
1024 415 1116 451 April.
1133 416 1167 442 13
1182 416 1264 441 curia
1283 424 1331 442 eos
1347 416 1456 441 dimisit
1471 416 1678 451 respondendo,
1698 421 1863 452 eaespeclent
1882 418 2004 444 reditum
2020 418 2127 444 domini

352 465 476 498 regentis
484 464 503 490 ¹.

1423 501 1497 531 1434,
1515 502 1606 534 Aprilis
1620 503 1657 532 10,
1675 503 1711 531 13,
1727 503 1841 529 Parisiis.

355 580 432 605 ,ΑΜ-11.
449 584 502 605 nat.
519 581 614 611 Paris„
630 582 676 604 X¹⁵
692 581 760 611 1481,
779 581 822 604 sol.
837 580 888 604 83¹⁷.
904 581 942 604 Ad
958 580 1021 604 haec
1036 581 1090 606 vid.
1106 589 1188 612 supra
1203 582 1236 604 nis
1252 582 1321 610 2114,
1336 583 1404 605 2433.

354 665 379 690 1.
397 666 447 689 Sed
461 667 513 689 dux
528 666 684 689 Bedt‘ordiae
698 666 783 689 solum
798 666 918 689 Decemb.
937 666 964 688 18
980 665 1096 689 Parisios
1113 666 1191 689 rediit
1207 666 1269 695 (vid.
1284 667 1409 691 Journal
1423 667 1492 692 cl'un
1505 668 1660 698 bourqcoisy
1678 676 1703 698 p.
1719 668 1772 697 301,
1789 671 1814 690 ot
1830 676 1855 698 p.
1867 669 1921 697 302,
1934 670 2006 697 non).
2021 671 2046 691 ct
2059 668 2123 691 nihil

259 710 328 734 tecit.
345 711 435 734 Solum
450 720 492 736 un,
510 711 577 739 1441,
595 711 731 739 Novemb„
749 711 858 734 Carolus
876 711 922 734 VlI
934 719 1040 733 causam
1053 711 1084 734 de
1100 711 1281 742 redemptione
1296 712 1484 736 beneficiorum
1498 712 1646 744 composuit
1657 713 1742 742 (Areh.
1758 716 1822 741 nat„
1834 713 1863 736 JJ
1881 713 1934 741 176,
1951 717 1979 735 n⁰
1994 714 2052 742 3863
2069 714 2086 736 Y
2099 715 2121 741 li,

259 756 303 780 sot.
319 756 415 784 59b-64;
431 757 556 780 ordonn.
571 757 618 780 des
631 757 697 784 rois,
712 756 779 783 XIII,
793 764 820 786 p.
836 757 881 778 339
896 757 974 787 sqq.).

258 928 402 966 2448.
426 938 641 964 Par-lamentum
657 939 752 964 Paris.
768 946 842 973 mag.
860 936 1046 973 Plz[ilippum]
1063 936 1097 962 de
1115 937 1191 972 Vilry·
1205 941 1346 973 acceptat,
1364 938 1413 973 qui
1433 938 1564 973 rotulum7
1585 939 1612 964 in
1629 948 1682 974 quo
1702 939 1800 976 plui-es
1813 939 1956 965 notabiles
1969 948 2120 977 personae,

346 987 485 1021 doctores,
502 987 612 1023 aliique
628 988 760 1022 inscripti
774 992 849 1021 sunt,
867 986 907 1012 ad
921 995 1060 1012 summum
1074 986 1239 1021 pontificem
1251 990 1353 1022 portet,
1370 988 1397 1013 si
1412 991 1506 1013 tamen
1522 988 1598 1013 omni
1613 988 1813 1014 ambassialae
1831 988 1888 1014 sibi
1903 992 2037 1024 exparte
2056 989 2123 1014 Uni-

347 1032 490 1058 versitatis
507 1033 603 1058 Paris.
629 1032 846 1058 committendae
867 1031 1017 1065 renuntiet,
1039 1034 1065 1056 el
1088 1030 1167 1056 haud
1187 1040 1240 1067 per·
1258 1031 1403 1066 ambages,
1425 1032 1451 1057 si
1470 1033 1536 1067 fieri
1557 1037 1652 1068 polest
1669 1042 1724 1058 non
1744 1033 1886 1068 tangendo
1902 1033 2059 1068 Basileam,
2082 1034 2122 1059 ad

345 1081 454 1107 curiam
470 1082 548 1108 Rom.
563 1083 747 1117 profecturus
762 1082 808 1108 sit.

1318 1118 1391 1147 1434,
1407 1118 1466 1143 Maii
1479 1119 1521 1148 26,
1538 1119 1593 1144 dun.
1609 1120 1646 1147 16,
1662 1120 1705 1148 22,
1722 1119 1835 1145 Parisiis.

347 1206 424 1229 Arch.
441 1210 494 1229 nat..
511 1207 604 1234 Paris„
622 1207 669 1230 Χίιι
686 1207 756 1236 11181,
774 1207 818 1230 tol.
834 1206 884 1235 85¹²,
904 1207 943 1230 87.
959 1220 989 1224 —
1004 1207 1039 1229 De
1054 1206 1203 1238 privilegiis
1220 1206 1330 1229 indultis
1346 1206 1379 1229 ab
1399 1206 1515 1237 Eugenio
1532 1207 1572 1234 tv,
1593 1206 1645 1230 vid.
1667 1207 1787 1235 Fauno,
1808 1210 1921 1238 Apercu
1941 1209 2006 1232 hist.
2023 1215 2075 1232 sur
2097 1208 2120 1231 le

254 1252 418 1276 Parlement
431 1252 464 1275 de
475 1251 571 1282 Paris,
587 1252 607 1281 1,
623 1261 650 1283 p.
665 1253 720 1275 208.

253 1375 397 1412 2449.
419 1385 556 1411 Facultas
573 1384 733 1411 medicinae
748 1386 980 1420 reformationem
1002 1385 1201 1411 Universitatis
1215 1394 1234 1411 a
1251 1384 1423 1420 quibusdam
1437 1385 1559 1420 petitam
1575 1384 1704 1410 inutilem
1721 1384 1861 1419 declarat,
1879 1385 1944 1410 dum
1960 1389 2072 1411 statuta
2090 1386 2119 1411 in

339 1436 433 1469 forma
450 1434 640 1460 observentur.

1473 1471 1544 1499 1434,
1558 1470 1665 1503 Augusti
1677 1471 1702 1500 8,
1720 1470 1833 1496 Parisiis.

340 1559 405 1590 Die
432 1559 482 1591 8νῧι
507 1559 666 1604 Augusti
688 1558 772 1591 anni
792 1559 956 1603 ejusdcm
978 1559 1043 1591 fuit
1066 1559 1102 1591 in
1125 1559 1254 1591 Sancto
1278 1559 1459 1591 Maturino
1481 1558 1633 1591 facultas
1650 1565 1842 1591 convocata
1867 1571 1931 1603 per
1951 1558 2115 1591 cedulam

250 1637 361 1670 super
382 1625 526 1658 duobus
553 1626 728 1659 articulis.
757 1626 899 1659 Primus
920 1625 1141 1667 continebat⁷
1165 1626 1462 1659 reformacioncm
1485 1639 1502 1658 a
1532 1626 1642 1658 ccrtis
1669 1626 1816 1658 decanis
1844 1638 1907 1670 per
1929 1626 2117 1659 Universi-

249 1699 355 1725 tatem
385 1693 590 1725 conclusam
621 1693 775 1726 fiendam
803 1694 880 1726 fore
903 1693 939 1726 in
961 1693 1117 1738 singulis
1143 1693 1374 1726 facultatibus
1398 1700 1433 1726 et
1456 1692 1683 1734 nacionibus,
1709 1700 1743 1725 et
1764 1693 1875 1738 ipsam
1899 1693 2022 1726 factam
2045 1693 2115 1738 ipsi

250 1760 484 1793 Universitati
506 1760 800 1793 declarandam...

338 1828 517 1870 Quantum
540 1828 584 1860 ad
606 1828 774 1873 primunr!
792 1828 859 1861 fuit
881 1828 1098 1861 unanimiter
1115 1840 1178 1873 per
1199 1828 1392 1873 magistros
1414 1828 1625 1861 conclusum
1650 1828 1746 1872 quod
1769 1827 1981 1860 resormaeio
2003 1827 2115 1860 facul-

249 1894 330 1927 tatis
351 1906 424 1928 non
448 1901 503 1928 est
528 1894 625 1927 aliud
653 1895 723 1927 nisi
751 1895 963 1928 observacio
986 1907 1133 1928 suorum
1163 1901 1392 1937 statutorum,
1415 1901 1449 1927 ct
1472 1894 1634 1940 placebat
1654 1894 1751 1939 quod
1780 1895 1816 1926 in
1852 1894 1909 1927 die
1931 1894 2113 1939 assignata

247 1961 431 1994 diceretur
451 1962 488 1994 in
505 1962 748 1995 Universitate
771 1962 868 2007 quod
891 1962 1041 1995 facultas
1064 1962 1141 1995 vult
1168 1968 1291 1994 tencre
1315 1974 1379 1994 sua
1402 1969 1531 1995 statuta
1560 1962 1596 1994 in
1617 1962 1731 1994 forma
1755 1961 1850 1994 sicut
1865 1962 1937 2005 jain
1959 1961 2055 2003 fecit,
2079 1968 2114 1994 ct

248 2029 382 2061 utinam
404 2028 472 2062 alie
493 2029 680 2062 facultates
702 2030 748 2062 ita
765 2030 944 2062 facerent!

339 2127 484 2151 Comment.
501 2129 550 2151 sac.
567 2128 645 2157 med„
661 2129 680 2157 I,
699 2137 725 2160 p.
742 2130 796 2152 3311.

247 2241 388 2281 2450.
410 2251 546 2277 Facultas
566 2251 726 2278 medicinae
749 2252 914 2287 beneficium
938 2253 1083 2288 quoddam
1107 2253 1256 2289 supposito
1281 2252 1407 2278 nationis
1432 2251 1585 2277 Almaniae
1607 2250 1695 2276 tribui
1715 2251 1865 2286 permittit,
1883 2250 1948 2275 dum
1966 2254 2065 2276 lar-nus
2082 2250 2109 2275 in

332 2304 500 2337 perpetuum
514 2301 684 2328 observetur.

1387 2338 1463 2366 1434,
1480 2337 1588 2369 Augusti
1603 2337 1691 2365 18-26,
1709 2336 1824 2362 Parisiis.

291 2424 356 2456 Dic
375 2425 415 2457 18
436 2425 572 2457 mensis
593 2425 750 2470 Augusti
772 2427 838 2459 fuit
860 2427 949 2459 facta
971 2427 1213 2472 congregacio
1237 2426 1415 2459 facultatis
1437 2425 1473 2458 in
1496 2426 1529 2458 S.
1553 2424 1732 2457 Maturino
1761 2424 1804 2456 ad
1833 2423 2106 2456 deliberandum

246 2503 357 2536 super
378 2492 630 2524 nominacione
657 2492 774 2526 fienda
793 2506 857 2538 pro
879 2494 1033 2538 quodam
1056 2494 1233 2526 beneficio
1256 2500 1440 2538 spectante
1462 2493 1506 2525 ad
1528 2492 1811 2537 disposicionem
1838 2491 2106 2532 Univcrsitatis,

244 2565 391 2592 vacante
413 2571 476 2604 per
498 2566 648 2592 mortem
671 2573 763 2606 mag.
788 2560 924 2594 Thome
948 2561 1061 2603 llobe7
1085 2568 1118 2594 et
1141 2573 1205 2606 pro
1227 2560 1436 2605 hujusmodi
1458 2559 1711 2592 nominacione
1732 2558 1949 2603 supplicavit
1974 2558 2105 2596 rector,

244 2626 461 2671 supplicavit
482 2626 592 2659 eciam
622 2629 852 2672 procurator¹
884 2628 1046 2661 nacionis
1076 2628 1240 2660 Almanie
1269 2627 1415 2660 nomine
1444 2626 1606 2659 nacionis
1634 2638 1699 2670 pro
1729 2625 1897 2670 quodam-
1916 2626 2105 2670 supposito

243 2693 422 2737 ejusdem,
441 2700 475 2726 et
495 2693 706 2727 movebatur
723 2695 825 2728 nacio
847 2696 985 2728 ratione
1003 2696 1098 2728 turni
1114 2695 1201 2728 alias
1221 2706 1284 2739 per
1300 2695 1439 2727 litteras
1461 2700 1495 2726 et
1511 2694 1750 2726 instrumenta
1768 2691 1909 2737 publica
1928 2692 2104 2725 conclusi.

243 2760 407 2793 Facultas
429 2760 643 2794 deliberavit
671 2762 767 2806 quod
796 2762 826 2795 si
854 2763 956 2795 nacio
979 2762 1144 2795 Almanio
1172 2761 1282 2795 vellet
1309 2768 1443 2794 tantum
1470 2761 1587 2793 facere
1610 2772 1694 2804 erga
1718 2759 1918 2792 facultatem
1937 2760 2107 2804 quemad-

243 2827 387 2860 modum
411 2828 575 2861 fecerunt
595 2828 663 2861 alie
684 2829 871 2862 facultates
890 2830 987 2874 (quia
1005 2829 1072 2862 alic
1096 2828 1297 2870 facultates,
1319 2828 1397 2861 scil.
1422 2827 1605 2871 theologie
1628 2833 1660 2859 ct
1685 2826 1913 2859 decretorum
1943 2827 2106 2860 fecerunt

243 2893 395 2936 litteras,
418 2897 513 2938 etc.)‚
536 2895 655 2940 ipsum
679 2897 908 2941 suppositum
930 2897 1094 2941 ejusdem
1117 2896 1280 2929 nacionis
1302 2894 1522 2936 nominabat,
1541 2894 1628 2926 alias
1651 2905 1734 2926 non.

365 2956 430 2973 *Η*
448 2954 544 2978 Chart-
567 2954 646 2978 Univ.
664 2955 761 2979 Paris.
778 2955 820 2978 IV.
1954 2952 1982 2977 71
