2502 3418
387 335 450 368 704
963 345 1283 367 ctum-ominium
1319 345 1510 367 uulvsns
1548 345 1678 367 PARIS.
2156 331 2254 368 [1451

480 419 625 442 Comment.
644 420 693 442 sac.
710 420 789 447 med.y
804 420 836 448 11,
851 428 877 451 p.
894 420 939 442 102
955 428 994 451 sq.
1006 433 1036 437 —
1049 420 1104 443 Non
1121 419 1165 442 diu
1179 420 1298 451 viguisse
1311 420 1416 443 videtur
1428 428 1492 443 usus
1506 419 1667 442 inscribendi
1682 427 1771 442 omnes
1785 418 1921 442 scholares
1937 418 1963 441 in
1979 418 2114 442 facultate.
2129 418 2256 450 Equidem

386 463 535 487 invenimus
551 463 700 487 nominatos
716 472 758 488 an.
773 464 844 494 1452,
858 465 885 487 21
901 464 1036 487 studentes
1050 466 1086 496 (p.
1099 464 1167 494 118);
1181 473 1222 488 nn.
1235 465 1305 493 1453,
1320 465 1349 487 23
1362 466 1399 495 (p.
1414 465 1481 494 124);
1497 472 1540 488 an.
1552 465 1621 493 1454,
1634 465 1662 487 24
1677 466 1712 495 (p.
1729 464 1797 494 134);
1813 471 1856 487 ειη.
1873 463 1943 492 1455,
1958 463 1986 486 27
2000 464 2036 494 (p.
2048 463 2116 492 149);
2131 463 2256 492 αη.1456,

387 508 416 531 18
431 509 468 539 (p.
483 508 547 538 162),
564 508 610 531 sed
625 511 717 539 postea
734 517 785 532 non
800 508 852 532 nisi
867 509 979 540 pecunia
994 517 1043 540 pro
1059 509 1194 532 schedulis
1209 509 1272 532 data
1284 512 1430 532 noscuntur
1445 508 1528 540 aliqui
1541 509 1676 532 studentes
1691 511 1797 540 praeter
1812 507 1966 539 graduutos.

481 592 505 617 1.
522 593 703 616 Doctorizntus
720 601 761 617 nn.
779 594 848 622 1457,
867 593 1000 617 facultatis
1018 593 1133 617 decanus
1151 593 1199 617 suit
1218 602 1260 617 an.
1278 594 1422 617 1481-1483.
1439 607 1467 611 —
1488 593 1512 618 2.
1528 594 1647 617 Decanus
1662 602 1703 616 nn.
1721 594 1833 616 1459-62.
1847 606 1875 610 —
1889 592 1915 618 3.
1931 591 2112 616 Doctorizatus
2127 600 2170 616 an.
2186 592 2256 616 1457.

385 650 416 654 -
429 636 454 661 4.
470 637 589 660 Decanus
607 639 657 661 sac.
673 646 715 661 an.
731 638 842 661 1468-70.

388 767 532 805 2672.
562 778 736 803 Πηίνσι-είίαε
756 779 851 804 Paris.
868 778 1127 814 processionaliter
1150 779 1228 805 vadit
1249 778 1289 805 ad
1312 781 1340 805 S.
1364 780 1533 805 Germanum
1554 779 1802 805 Autissiodorens.
1822 788 1876 815 pro
1899 787 1965 813 rege
1987 779 2106 814 suisque
2126 782 2153 804 et
2175 778 2257 813 felici

475 826 616 853 conductu
630 828 773 853 eoeercitus
789 827 829 853 ad
841 831 942 863 parles
956 827 1160 863 Burdigalens.

1641 864 1710 894 1451,
1725 865 1787 890 nali
1800 865 1838 894 19,
1855 864 1971 891 ΡανῘεῘῘε.

477 951 542 984 Die
570 951 756 991 mercurii,
783 951 956 984 videlicet
982 952 1120 984 decima
1146 964 1240 984 nona
1267 952 1364 993 Maii,
1388 964 1452 997 per
1478 952 1665 985 dominum
1693 964 1813 985 meum
1841 952 2028 986 dominum
2054 953 2255 985 rectore1n¹

387 1018 455 1050 suit
488 1025 709 1063 congregata
743 1018 834 1051 alma
866 1019 1094 1052 Universitas
1128 1019 1348 1052 Parisiensis
1378 1031 1443 1064 pro
1473 1019 1595 1052 eundo
1626 1019 1949 1064 processionaliter
1982 1025 2018 1052 et
2047 1019 2178 1052 devote
2212 1019 2256 1052 ad

389 1085 555 1118 Sanctum
578 1085 798 1118 Germanum
820 1085 1141 1119 Altisidiorensem
1168 1098 1234 1131 pro
1260 1086 1443 1119 exorando
1468 1086 1698 1120 Altissimum
1724 1098 1789 1132 pro
1818 1086 1954 1119 unione
1982 1092 2105 1119 sancte
2132 1086 2256 1119 matris

389 1151 558 1193 ecclesie,
586 1153 828 1197 prosperitate
857 1153 956 1198 regis
982 1152 1290 1195 christianissimi,
1317 1153 1443 1187 Karoli
1473 1153 1620 1199 septimi
1649 1165 1693 1186 ex
1719 1153 1879 1195 nomine,
1907 1154 2034 1199 regine
2065 1154 2144 1198 ejus
2172 1165 2258 1187 con-

389 1219 499 1251 sortis
520 1219 766 1260 inclitissime,
790 1219 927 1252 domini
949 1219 1126 1265 delphini,
1150 1220 1329 1266 principis
1349 1221 1576 1254 famatissimi
1602 1221 1793 1266 potissime
1818 1221 1913 1266 apud
1939 1227 2083 1254 exteros
2109 1227 2143 1254 et
2167 1221 2259 1254 anti-

388 1298 480 1330 quos
506 1285 632 1319 hostes
658 1286 767 1331 hujus
793 1287 898 1331 regni
921 1287 1091 1332 gloriosi,
1118 1287 1349 1321 dominorum
1376 1288 1421 1321 de
1447 1288 1627 1333 sanguine
1655 1288 1771 1333 regio,
1797 1294 1832 1321 et
1859 1300 1924 1333 pro
1949 1288 2047 1321 felici
2074 1288 2257 1322 conductu

388 1353 590 1386 excercitus
611 1354 703 1398 regii
725 1354 768 1386 ad
790 1360 911 1399 partes
933 1354 1244 1400 Burdegalenses,
1266 1367 1333 1400 pro
1354 1355 1656 1400 augmentacione
1677 1355 1786 1400 hujus
1807 1354 1899 1388 alme
1920 1355 2045 1388 matris
2066 1355 2102 1388 in
2126 1367 2257 1400 suppo—

388 1420 483 1462 sitis,
506 1421 793 1454 conservacione
815 1421 924 1466 hujus
945 1422 1070 1455 inclite
1093 1422 1196 1455 urbis
1220 1429 1253 1455 et
1274 1434 1339 1467 pro
1362 1423 1536 1468 temperie
1562 1423 1657 1456 aeris
1685 1429 1721 1455 et
1742 1422 2051 1468 multiplicacione
2077 1421 2256 1455 bonorum

387 1494 495 1520 terre.
524 1489 568 1520 Et
590 1487 639 1520 ibi
665 1488 732 1521 suit
762 1488 944 1522 celebrata
970 1489 1081 1522 missa
1109 1489 1300 1531 solemnis,
1332 1489 1394 1522 ubi
1424 1489 1705 1523 distributiones
1735 1489 1982 1523 ascenderunt
2010 1501 2075 1534 pro
2104 1490 2256 1523 nacione

388 1555 538 1588 Francie
559 1555 602 1588 ad
624 1555 749 1588 decem
772 1555 887 1589 albos.
1800 1558 1830 1590 J.
1860 1558 2076 1589 Founnssm.

480 1653 537 1677 Lib.
550 1660 667 1684 procur.
684 1659 743 1679 nat.
760 1654 872 1683 Gallie„
891 1655 936 1678 sol.
950 1655 1004 1678 137.

481 1738 505 1762 1.
521 1738 648 1761 Jacobum
663 1739 694 1762 de
707 1739 809 1769 Gouda,
825 1742 879 1763 nat.
896 1739 1076 1763 Alamanniae.

389 1906 532 1943 2673.
555 1915 697 1942 Robertus
716 1916 832 1942 Cihoule
846 1917 874 1942 in
890 1917 1098 1943 cancellarium
1112 1917 1253 1944 ecclesiae
1267 1917 1446 1944 Parisiensis
1462 1917 1633 1952 designatur
1648 1922 1676 1944 et
1688 1918 1837 1953 recipitur.

1599 2006 1669 2036 1451,
1685 2005 1747 2032 nasi
1759 2006 1842 2035 18-21,
1857 2005 1972 2032 Parisiis.

476 2092 697 2126 Guillelmus
718 2093 961 2127 miseracione
982 2094 1104 2128 divina
1126 2095 1239 2140 episc.
1263 2095 1377 2128 Paris.
1400 2094 1534 2128 dilecto
1556 2093 1664 2128 nobis
1680 2094 1717 2127 in
1738 2093 1886 2128 Christo
1904 2093 2105 2127 venerabili
2122 2100 2157 2127 et
2173 2094 2258 2127 doc-

389 2159 529 2191 tissimo
550 2159 628 2192 viro
650 2161 824 2205 magistro
851 2160 1010 2194 Roberto
1037 2161 1181 2195 Cibolle
1208 2161 1346 2207 presb,
1370 2173 1472 2195 sacre
1499 2161 1611 2195 theol.
1641 2161 1858 2206 professori,
1885 2173 1963 2194 can.
1992 2167 2116 2194 nostre
2142 2161 2255 2194 Paris.

388 2226 492 2267 eccl.,
516 2226 668 2259 salutem
697 2227 733 2259 in
760 2228 929 2261 Domino.
958 2228 1220 2262 Cancellariam
1252 2241 1317 2262 seu
1348 2229 1626 2262 cancellariatus
1657 2228 1829 2270 officium,
1862 2240 1967 2273 quam
1999 2240 2064 2261 seu
2095 2228 2194 2273 quod
2220 2228 2257 2261 in

388 2293 511 2326 eadem
534 2300 658 2327 nostra
680 2295 793 2327 Paris.
817 2295 906 2328 cccl.
929 2308 1046 2341 nuper
1071 2295 1258 2329 obtinebat
1284 2296 1491 2329 dess'unctus
1512 2294 1735 2329 venerabilis
1755 2295 1810 2329 vir
1835 2307 1929 2340 mag.
1952 2294 2032 2328 Joh.
2061 2295 2255 2337 Chuffart¹,

388 2360 431 2392 ad
452 2360 695 2402 collationem,
720 2362 967 2406 provisionem
990 2370 1025 2396 et
1045 2363 1289 2396 omnimodam
1312 2363 1594 2408 dispositionem
1612 2369 1773 2396 nostram
1792 2362 1901 2407 pleno
1913 2363 1997 2407 jure
2019 2369 2255 2407 spectantem,

389 2427 538 2460 liberam
560 2440 656 2461 nunc
678 2435 713 2461 et
732 2436 932 2470 vacantem,
955 2441 1020 2463 seu
1042 2429 1199 2463 liberum
1222 2437 1257 2463 et
1276 2442 1422 2472 vacanS,
1448 2442 1514 2475 per
1539 2429 1676 2463 obitum
1707 2430 1827 2475 ipsius
1852 2441 1946 2475 mag.
1973 2429 2055 2463 Joh.
2081 2429 2256 2471 Chuss'art,

390 2494 504 2526 ultimi
526 2501 560 2527 et
580 2495 777 2529 immediati
799 2497 964 2541 ejusdem
989 2498 1219 2542 possessoris
1240 2497 1392 2543 pacifici,
1414 2497 1520 2531 vobis
1546 2497 1757 2536 meritorum
1784 2503 1989 2530 vestrorum
2016 2496 2149 2529 intuitu
2171 2508 2257 2530 con-

389 2561 538 2594 tulimus
564 2568 599 2594 et
624 2563 847 2596 conserimus
873 2576 954 2596 cum
981 2564 1058 2597 suis
1076 2546 1230 2609 ⁵juribus
1256 2571 1291 2598 et
1318 2564 1552 2610 pertinentiis
1581 2564 1779 2605 universis,
1809 2563 1854 2596 de
1880 2563 2019 2596 eisdem
2045 2575 2111 2597 vos
2136 2564 2258 2597 inves-

390 2627 521 2661 tientes
543 2635 577 2661 et
597 2629 633 2661 in
655 2630 793 2662 eisdem
816 2630 1044 2664 instituendo
1065 2643 1130 2677 per
1151 2632 1389 2665 tradicionem
1412 2638 1617 2665 nostrarum
1644 2631 1876 2676 presencium
1902 2630 2089 2664 literarum
2115 2637 2151 2664 et
2171 2643 2258 2664 con-

390 2695 606 2727 cessionem.
644 2697 819 2738 Quocirca
851 2697 997 2731 dilectis
1027 2698 1201 2732 fratribus
1234 2699 1371 2732 nostris
1402 2699 1540 2732 decano
1572 2705 1607 2731 et
1643 2697 1801 2743 capitulo
1834 2698 1982 2730 nomine
2016 2697 2129 2730 Paris.
2166 2697 2254 2730 eccl.

391 2761 551 2804 predicte
572 2763 783 2796 mandamus
805 2765 974 2809 quatinus
996 2777 1061 2798 vos
1083 2778 1147 2798 seu
1165 2773 1437 2811 procuratorem
1458 2772 1618 2799 vestrum
1639 2765 1786 2797 nomine
1807 2771 1929 2797 vestro
1951 2771 1986 2797 et
2006 2776 2071 2809 pro
2088 2763 2192 2798 vobis
2213 2764 2256 2797 ad

391 2827 519 2859 dictam
543 2829 792 2862 cancellariam
819 2843 883 2864 seu
912 2832 1189 2866 cancellariatus
1214 2833 1371 2866 officium
1392 2834 1549 2878 juraque
1575 2839 1610 2866 et
1640 2831 1864 2877 pertinencia
1891 2831 2056 2876 ejusdem
2086 2831 2256 2864 universa

393 2894 566 2938 rccipiunt
599 2901 633 2927 et
664 2896 863 2938 admittant,
894 2910 933 2930 ac
964 2899 999 2931 in
1030 2900 1256 2944 corporalem
1286 2907 1321 2933 et
1347 2900 1524 2933 actualem
1558 2899 1834 2944 possessionem
1865 2898 1982 2943 ipsius
2013 2897 2187 2931 inducant
2218 2905 2256 2932 ut
