2502 3418
405 355 468 387 222
976 363 1294 385 CHARTULARIUM
1328 361 1519 384 UNIVERS.
1557 360 1687 383 PARIS.
1889 389 1892 392 Ι
2169 345 2267 381 [1411

405 430 499 483 [(Ῑιιί.ι
499 464 607 470 ........
611 441 621 478 ]
642 437 815 483 operibus
837 449 979 482 operam
1003 436 1183 474 dederint,
1207 436 1267 480 qui
1288 435 1494 471 consilium.
1518 434 1580 479 qui
1600 435 1758 466 savorem
1786 439 1892 476 atque
1912 431 2100 464 facultates
2121 430 2268 475 compli-

404 505 507 538 cibus
542 504 716 549 predictis
741 504 978 549 prestiterint,
1006 503 1065 547 qui
1093 514 1155 535 eos
1181 502 1217 534 in
1247 514 1309 534 sua
1338 500 1532 545 pertinacia
1559 504 1628 540 ma[
1634 525 1844 532 ...............
1849 502 1871 539 ].
1897 499 1996 530 Itane
2026 497 2138 530 nichil
2166 497 2268 542 ipsos

404 571 533 616 puduit
552 583 625 603 non
641 571 865 615 propriarum
886 580 1120 614 personarum
1142 568 1300 608 insamie,
1320 579 1392 599 non
1410 566 1623 611 pollutionis
1644 565 1803 597 nominis
1825 564 2076 604 ecclesiastici,
2094 576 2167 596 non
2188 563 2268 596 reli-

404 637 525 682 gionis
546 636 740 669 christiane
762 636 979 668 dedecorum
989 660 1216 667 ................
1223 633 1308 674 ersi,
1331 645 1402 665 non
1425 644 1490 677 pro
1512 631 1734 676 pauperibus
1755 630 1909 670 alendis,
1933 642 2051 662 rerum
2075 631 2150 662 Deo
2172 629 2268 662 dica-

404 711 518 737 tarum
540 703 750 736 vastationis
772 709 806 735 et
825 703 861 734 in
882 701 1010 734 usibus
1033 700 1202 745 pessimis
1223 711 1261 732 ac
1283 698 1577 732 sceleratissimis
1599 697 1916 742 consumptionis?
1931 697 2002 739 Qui
2023 696 2168 742 quidem
2188 722 2267 729 ......

406 796 557 803 ...........
565 777 620 803 tos
642 781 807 814 quorum,
835 768 916 812 quia
937 767 979 800 ad
1002 766 1117 799 celsas
1139 765 1293 798 ecclesie
1320 765 1515 809 dignitates
1537 763 1716 796 sublevati
1736 764 1892 804 fuerant,
1918 763 2069 796 crimina
2089 763 2267 808 apertiora

406 843 490 870 sunt
514 843 548 869 et
575 836 688 881 magis
710 835 935 874 scandalosa,
957 840 1115 866 nostram
1142 832 1300 865 subeunt
1320 835 1685 872 [.................antea
1711 829 2021 874 archiepiscopus]
2044 830 2268 863 Senonens.'·

405 916 484 936 cum
506 904 614 935 sratre
641 914 707 934 suo
729 901 886 935 Geraldo
914 901 957 933 de
978 901 1101 932 Monte
1126 899 1254 938 Acuto,
1281 899 1414 942 nuper⁵
1441 898 1614 942 episcopo
1638 897 1850 937 Parisiensi,
1876 903 1911 929 et
1935 897 2112 929 Martinus
2137 897 2268 941 Gouge

405 969 643 1004 Carnotensis
665 975 767 1000 antea
789 967 1018 1012 episcopus⁵,
1040 966 1076 998 in
1101 977 1192 1009 quos
1199 988 1475 998 ...................
1481 975 1541 995 ere
1563 969 1733 1008 oportere
1757 964 2037 1008 conjectamus7.
2059 963 2150 996 Cum
2171 963 2268 995 enim

405 1036 503 1068 bulle
523 1035 701 1068 antedicto
723 1033 933 1066 auctoritate
955 1032 1062 1065 sedes
1084 1031 1217 1076 quibus
1237 1037 1405 1076 preerant
1424 1042 1551 1063 vacare
1573 1036 1743 1074 reputent
1763 1036 1799 1062 et
1818 1036 1987 1074 reputare
2009 1055 2204 1063 ..............
2211 1029 2270 1074 egi

405 1102 448 1135 de
469 1101 622 1146 ydoneis
649 1099 869 1145 pastoribus.
897 1098 1004 1131 Nullo
1029 1098 1124 1131 enim
1146 1104 1263 1142 pacto,
1287 1109 1366 1130 cum
1394 1096 1696 1129 excommunicati
1722 1096 1803 1141 ipso
1827 1097 1932 1137 facto,
1955 1108 2036 1141 ymo
2063 1108 2106 1129 ex
2129 1103 2181 1129 tot
2206 1094 2270 1129 ne*-

405 1168 558 1213 phandis
584 1167 732 1211 flagitiis
760 1172 796 1198 et
824 1165 1042 1198 immanibus
1065 1169 1080 1206 ,[
1084 1189 1415 1199 .......................
1420 1167 1504 1204 ]tur,
1531 1175 1594 1195 rex
1618 1169 1677 1196 aut
1704 1163 1863 1208 populus
1891 1163 1981 1196 tales
2006 1162 2077 1196 sibi
2102 1163 2270 1208 presules

404 1234 600 1267 tolleraret.
628 1234 678 1265 Ne
704 1233 816 1277 igitur
837 1233 874 1264 in
895 1231 1137 1276 prejudicium
1158 1230 1382 1263 auctoritatis
1404 1229 1560 1262 ecclesie
1582 1241 1644 1262 rex
1664 1230 1743 1275 ipse
1765 1230 1916 1275 quadam
1939 1230 2183 1271 necessitate[
2187 1256 2269 1264 ......

407 1326 562 1334 ...........
569 1303 701 1340 ve]stre
723 1299 922 1332 sanctitatis
944 1298 1199 1330 celsitudinem
1221 1297 1273 1330 sic
1295 1297 1505 1341 disponere,
1528 1303 1567 1329 ut
1587 1303 1619 1329 et
1641 1297 1719 1341 regi
1739 1297 1809 1341 ipsi
1829 1296 1984 1341 aliisque
2005 1296 2163 1330 dominis
2183 1308 2271 1329 con-

404 1366 615 1411 sanguineis
647 1366 764 1410 ipsius
794 1365 991 1398 satisfaciat
1019 1371 1053 1397 et
1079 1364 1303 1397 conscientia
1331 1367 1340 1404 [
1346 1389 1577 1397 ................
1609 1363 1814 1408 p]ontifices
1838 1364 2119 1405 constituantur,
2150 1370 2183 1396 et
2215 1363 2271 1396 illi

404 1433 555 1466 maxime
581 1444 674 1477 quos
699 1431 807 1464 habet
834 1432 1004 1464 dominus
1033 1443 1094 1463 rex
1122 1437 1245 1475 gratos
1273 1437 1308 1463 et
1332 1437 1512 1475 acceptos.
1541 1430 1638 1462 Nulli
1665 1430 1759 1463 enim
1786 1430 1846 1463 alii
1875 1430 1934 1463 tali
1966 1437 2129 1475 tempore
2159 1429 2272 1463 debe·-

405 1507 482 1532 rent
490 1525 847 1532 .........................
870 1498 985 1531 virum
1014 1498 1202 1543 egregium
1230 1504 1265 1530 et
1292 1496 1451 1529 nobilem
1483 1497 1647 1530 scientiis
1675 1503 1711 1530 et
1735 1496 1933 1530 virtutibus
1961 1497 2268 1542 preclarissimum

406 1566 606 1599 Eustatiuin
629 1566 673 1598 de
698 1565 831 1605 Atrio⁸,
854 1565 890 1597 in
913 1571 1067 1609 utroque
1084 1565 1167 1608 jure
1189 1564 1410 1596 licentiatum
1420 1590 1664 1598 .................
1691 1564 1903 1609 magistrum
1926 1568 2191 1609 req]uestarum
2213 1563 2271 1596 sui

404 1633 559 1676 hospicii
581 1639 615 1665 et
636 1632 846 1665 continuum
869 1632 949 1675 ejus
970 1631 1232 1671 consiliarium,
1250 1631 1355 1675 cujus
1377 1631 1554 1675 sapientia
1576 1637 1611 1663 et
1632 1631 1788 1664 consilio
1811 1643 1962 1676 regnum
1985 1630 2053 1663 hoc
2074 1630 2270 1676 plurimum

406 1700 527 1732 utitur.
552 1699 803 1743 Supplicamus
828 1724 1071 1731 .................
1078 1709 1115 1730 sa
1136 1698 1400 1742 quamprimum
1423 1697 1570 1731 obviare
1592 1698 1776 1743 dignetur,
1800 1710 1870 1742 que
1891 1710 1963 1730 non
1984 1698 2125 1730 modica
2145 1698 2183 1730 in
2203 1697 2272 1730 hoc

407 1778 519 1811 regno
542 1765 750 1798 discrimina
773 1765 922 1797 allatura
947 1771 1044 1805 suut,
1067 1765 1097 1797 si
1119 1777 1191 1797 non
1212 1764 1468 1809 provideretur
1492 1771 1603 1809 utque
1627 1790 1932 1799 .....................
1955 1764 2098 1797 firmare
2119 1764 2271 1809 dignum

405 1832 521 1864 ducat.
552 1832 602 1864 Ac
631 1832 736 1864 etiam
763 1843 961 1876 processus
987 1831 1072 1863 inde
1099 1831 1273 1863 canonice
1304 1837 1502 1873 emanatos,
1532 1838 1571 1864 ut
1598 1838 1717 1876 pateat
1743 1831 1946 1864 antedictos
1977 1831 2075 1875 regis
2102 1830 2271 1864 inimicos

406 1910 516 1943 penas
537 1898 574 1930 in
594 1898 673 1942 ipsa
697 1924 940 1931 .................
963 1897 1017 1930 illi
1038 1897 1258 1942 providerat,
1282 1910 1389 1942 quem
1412 1910 1477 1943 pro
1501 1897 1718 1931 fidelissimo
1742 1905 1864 1931 vestre
1885 1897 2078 1930 clementie
2099 1897 2271 1930 dominus

405 1971 530 1997 noster
550 1976 613 1997 rex
635 1964 820 1996 humiliter
842 1964 1052 1997 nominavit.
1081 1964 1137 1997 Sic
1159 1964 1253 1997 enim
1276 1976 1349 1997 non
1376 1964 1494 1997 solum
1520 1976 1634 2010 regno
1657 1965 1806 1997 Francie
1831 1990 2077 1999 .................
2100 1975 2271 2009 magnum

405 2032 530 2064 afferet
549 2030 778 2075 obsequium.
797 2032 975 2073 Quantum
1000 2031 1094 2063 enim
1117 2031 1270 2064 ecclesia
1291 2033 1450 2064 Romana
1471 2031 1691 2065 universalis
1712 2044 1755 2065 ex
1774 2031 1883 2076 hujus
1905 2032 2009 2077 regni
2031 2031 2273 2076 prosperitate

404 2097 605 2143 gratuletur
623 2122 867 2131 .................
887 2098 968 2142 quia
990 2104 1110 2130 vestre
1132 2099 1310 2131 sanctitati
1330 2098 1501 2131 habunde
1522 2098 1740 2140 clarescunt,
1763 2111 1803 2131 ea
1822 2098 2018 2132 verborum
2040 2098 2273 2131 multitudine

404 2164 579 2209 prosequi
606 2176 679 2196 non
703 2176 896 2197 censemus
923 2171 1141 2209 oportunum
1165 2191 1382 2199 ...............
1404 2173 1489 2211 eget
1509 2172 1633 2199 nostre
1653 2172 1774 2199 vestra
1795 2172 1943 2210 paterna
1964 2165 2182 2207 sublimitas,
2204 2176 2273 2198 nos

405 2231 505 2263 filiali
526 2231 721 2263 devotione
743 2230 859 2263 eidem
882 2230 1229 2275 obtemperabimus,
1253 2244 1357 2276 quam
1379 2233 1536 2278 Spiritus
1559 2233 1787 2266 Sanctus⁹....

496 2329 612 2353 Minuta
627 2328 743 2352 chartac.
759 2329 785 2351 in
802 2328 880 2352 Arch.
894 2331 948 2351 nat.
964 2329 1060 2358 Puris„
1076 2329 1099 2352 M
1115 2330 1166 2358 65³,
1181 2334 1209 2352 n0
1223 2330 1261 2359 31,
1275 2329 1301 2352 in
1315 2339 1367 2361 qua
1382 2331 1456 2353 deest
1469 2339 1518 2362 per
1534 2333 1616 2354 totam
1631 2330 1757 2362 paginam
1772 2338 1835 2361 pars
1852 2330 1970 2353 sinistra.

497 2420 521 2445 1.
539 2422 641 2445 Chron.
655 2423 687 2445 de
701 2421 873 2451 Monstrelet,
887 2422 920 2450 ΙΙ,
935 2430 963 2452 p.
979 2422 1033 2451 210,
1050 2422 1114 2444 dicit
1130 2432 1135 2446 z
1153 2433 1165 2444 a
1179 2423 1305 2446 Novemb.
1323 2424 1351 2446 13
1366 2433 1379 2444 n
1391 2432 1396 2453 ;
1410 2424 1536 2448 Journal
1547 2424 1616 2448 d'un
1631 2424 1788 2454 bouryeois,
1803 2432 1829 2455 p.
1847 2424 1876 2446 16
1890 2431 1896 2447 :
1913 2433 1926 2445 «
1942 2423 2070 2447 Novemb.
2084 2423 2114 2446 10
2124 2431 2152 2451 n;
2167 2423 2227 2447 Rel.
2242 2424 2275 2447 de

405 2466 607 2496 Saint-Denys‚
624 2466 665 2495 lv,
681 2467 726 2489 562
742 2473 747 2488 z
763 2475 776 2487 α
790 2466 917 2489 Novemb.
927 2468 941 2489 9
955 2474 980 2494 »;
993 2466 1047 2489 vid.
1062 2466 1130 2490 infra
1144 2470 1197 2490 not.
1210 2469 1234 2491 3.
1246 2468 1393 2499 Opinamnr
1414 2469 1515 2500 pluries
1531 2469 1580 2492 hoc
1603 2470 1701 2492 sactum
1716 2477 1784 2492 esse.
1798 2468 1856 2493 Vid.
1875 2468 1954 2492 etiam
1968 2468 2094 2492 Journal
2113 2469 2146 2492 de
2163 2467 2274 2492 Nicolas

405 2511 437 2533 de
452 2511 536 2540 Baye.
553 2510 586 2538 ΙΙ,
603 2518 630 2541 p.
650 2511 679 2532 84
694 2518 734 2541 sq.
753 2523 785 2528 —
803 2510 827 2535 2.
845 2511 942 2533 Contra
964 2511 991 2534 la
1006 2511 1109 2541 qrand'
1127 2512 1297 2542 Compaynie
1310 2513 1335 2535 in
1354 2513 1467 2536 diversis
1483 2514 1565 2536 bullis
1581 2513 1615 2536 ab
1631 2521 1673 2536 an.
1690 2514 1760 2542 1364,
1776 2513 1852 2536 Febr.
1870 2514 1899 2536 26
1915 2513 2002 2542 (Ax-ch.
2019 2513 2076 2536 Vat.
2094 2512 2156 2544 Reg.
2174 2516 2203 2534 n⁰
2218 2512 2273 2542 261,

406 2555 450 2577 fol.
463 2555 502 2582 99,
519 2554 588 2583 1365,
603 2554 701 2584 Muii15
718 2555 736 2577 1.
752 2563 785 2584 c.‚
801 2555 845 2578 sol.
862 2555 916 2584 156,
928 2555 961 2578 ad
976 2555 1095 2578 diversos
1110 2556 1268 2587 episcopos),
1283 2566 1366 2589 usque
1381 2558 1414 2580 ad
1428 2566 1470 2581 an.
1487 2559 1556 2581 1369.
1572 2559 1606 2582 Ut
1620 2566 1651 2581 ex
1667 2558 1743 2581 Arch.
1759 2561 1813 2581 nat.
1829 2557 1914 2582 Paris,
1929 2558 1974 2580 ΧΙ·
1987 2558 2057 2584 8602,
2075 2558 2120 2580 sol.
2137 2557 2192 2586 241,
2205 2559 2231 2580 et.
2244 2564 2275 2579 ex

404 2598 516 2629 epistola
529 2598 616 2621 Caroli
632 2598 702 2630 regis
716 2607 757 2622 un.
775 2599 845 2628 1411,
859 2599 961 2628 Octob.,
975 2603 1095 2631 apparet,
1107 2600 1149 2623 usi
1161 2604 1222 2624 sunt
1237 2602 1313 2625 Bulla
1325 2602 1427 2625 Urbani
1441 2603 1476 2625 V:
1493 2603 1584 2629 Quam
1598 2603 1635 2627 sit
1646 2603 1735 2633 plena
1747 2602 1895 2632 periculis,
1910 2610 1953 2625 an.
1971 2602 2040 2630 1367,
2051 2601 2113 2625 Maii
2128 2603 2142 2624 9
2157 2600 2228 2632 (Bel.
2241 2591 2275 2625 de

407 2642 605 2673 Saint-Denys,
621 2643 639 2666 l.
655 2651 687 2671 c.‚
701 2651 728 2674 p.
744 2644 798 2671 534,
815 2652 893 2675 quam
910 2644 1080 2672 Baracum,
1096 2653 1122 2675 p.
1139 2646 1192 2672 548,
1210 2654 1351 2676 perperam
1367 2647 1399 2669 ad
1415 2655 1513 2669 annum
1529 2656 1542 2668 et
1557 2655 1637 2669 unum
1652 2656 1665 2668 υ
1680 2655 1729 2678 pro
1742 2657 1755 2668 «z
1769 2651 1819 2670 vum
1833 2655 1846 2667 »
1862 2646 1949 2677 ponit3
1971 2646 2045 2674 Bon,
2062 2646 2103 2674 IV,
2120 2654 2147 2677 p.
2161 2645 2225 2675 414).
2242 2646 2275 2668 At

406 2695 456 2709 non
471 2694 477 2709 :
491 2696 504 2708 α
520 2687 553 2709 ad
567 2690 722 2718 perpetuam
740 2687 777 2710 rei
795 2688 949 2711 memoriam
962 2698 983 2716 α),
998 2692 1027 2711 ut
1043 2689 1164 2720 magistri
1182 2698 1263 2721 supra
1278 2690 1377 2719 dicunt,
1394 2691 1441 2714 sed
1458 2701 1471 2713 α
1482 2691 1515 2714 ad
1531 2693 1647 2714 suturam
1661 2691 1698 2715 rei
1714 2691 1867 2715 memoriam
1879 2701 1892 2713 ιι
1906 2691 1976 2714 edita
1991 2694 2038 2719 est,
2053 2690 2123 2722 quod
2138 2698 2189 2713 non
2204 2690 2272 2713 idem

406 2734 454 2754 ast.
471 2731 635 2754 Universitas
651 2731 735 2755 Paris.
751 2732 818 2755 hunc
840 2732 942 2755 bullam
957 2741 1120 2764 quocumque
1139 2734 1218 2762 misit,
1232 2735 1310 2758 etiam
1327 2736 1501 2766 Rotomagum
1517 2739 1577 2759 ante
1591 2736 1713 2759 Decemb.
1728 2736 1739 2759 1
1755 2736 1817 2765 (vid.
1832 2736 2022 2759 BEAUREPMRE
2042 2735 2069 2758 in
2083 2735 2187 2759 Chron-
2203 2734 2273 2758 Nor-

407 2776 509 2799 mande
523 2776 556 2798 de
572 2775 667 2799 Pierre
684 2777 800 2806 Coc-hon,
821 2785 849 2807 p.
863 2777 918 2806 269,
934 2780 989 2801 not.
1006 2779 1039 2808 2).
1056 2791 1082 2795 -
1098 2777 1121 2802 3.
1139 2779 1182 2801 Sic
1203 2779 1283 2802 etiam
1299 2780 1360 2804 Rel.
1377 2781 1410 2804 de
1429 2781 1634 2811 Saint-Denys,
1650 2781 1668 2804 l.
1685 2789 1718 2810 c.‚
1738 2789 1764 2812 p.
1782 2781 1836 2804 562.
1853 2780 1913 2803 Fuit
1927 2782 1941 2804 9
1956 2779 2082 2804 Novemb.
2097 2779 2137 2803 Ct'.
2150 2778 2275 2804 Journal

407 2819 475 2843 d'un
493 2820 646 2850 bourqeois,
663 2828 689 2851 p.
708 2821 745 2843 15.
760 2821 818 2845 Vid.
834 2829 916 2852 supra
928 2825 982 2845 not.
999 2823 1019 2845 1.
1036 2836 1065 2839 —
1076 2823 1102 2848 4.
1118 2823 1251 2847 Johannes
1267 2825 1299 2848 de
1312 2825 1448 2855 Montnigu
1462 2825 1495 2847 ab
1507 2833 1549 2848 an.
1567 2825 1637 2854 1407,
1651 2834 1730 2856 quem
1745 2825 1864 2848 nominat
1876 2825 1954 2848 etiam
1970 2824 2096 2849 Journal
2109 2824 2177 2849 d‘un
2191 2824 2276 2848 bour·

407 2865 490 2893 yeois,
506 2872 533 2894 p.
550 2864 588 2887 16.
604 2864 671 2891 Quia
686 2865 760 2887 ducis
776 2866 957 2891 Aurelianens.
973 2867 1141 2890 consiliarius
1164 2868 1322 2900 principalis
1345 2870 1440 2899 ruerat,
1457 2877 1543 2892 comes
1567 2870 1594 2893 S.
1614 2870 1689 2893 Pauli
1710 2878 1769 2893 eum
1789 2873 1819 2893 ut
1837 2873 1863 2893 et
1882 2871 1989 2893 fratrem
2009 2856 2165 2900 episcopum
2187 2867 2272 2892 Puris.

408 2908 504 2930 virtute
524 2907 673 2931 litterarum
695 2909 765 2940 regis
782 2909 873 2933 octob.
892 2911 906 2933 3
923 2910 978 2934 suis
994 2911 1111 2935 ecclesiis
1127 2912 1244 2943 privavit
1259 2913 1329 2942 (Rel-
1346 2915 1379 2937 de
1396 2913 1599 2944 Saint-Denys,
1616 2915 1658 2942 lv,
1674 2915 1739 2944 464),
1756 2915 1843 2938 solum
1859 2922 1901 2939 an.
1918 2914 1988 2944 1412,
2004 2915 2070 2945 Aug.
2087 2914 2126 2942 22,
2142 2912 2272 2936 restitutis
