2502 3418
1100 345 1267 366 TABULA.
2054 339 2117 372 777

248 417 2116 429 ——————-———-——-——

249 465 309 488 2567
384 463 451 490 1442
526 464 688 495 Septembris
706 465 736 487 20
765 463 905 487 Conclusio
923 466 1036 494 quatuor
1057 462 1193 485 nationum
1214 467 1304 486 contra
1325 463 1437 486 Ordines
1460 464 1673 493 mendicantium,
1694 465 1837 495 graduntos
1857 469 1882 488 et
1902 474 1951 488 non
1972 474 2029 496 gra-

796 508 899 536 duatos,
916 507 1049 530 consortio
1066 507 1254 530 Universitatis
1270 507 1415 538 privandos
1431 516 1488 530 esse
1492 525 2026 534 ......................
2073 511 2118 532 628

248 567 310 590 2568
405 578 435 583 --
558 565 705 589 Novembre
766 565 884 595 Magistri
898 568 1018 595 regentes
1035 564 1169 587 facultatis
1185 564 1330 588 medicinae
1341 573 1384 588 an.
1404 565 1505 588 1442-43
1510 583 2029 590 .....................
2074 567 2120 589 620

249 625 310 648 2569
404 637 435 640 -
526 624 589 647 Nuv.
606 624 707 647 16-Dec.
723 623 734 646 1
767 622 930 645 Universitus
946 622 1051 645 intimat
1065 623 1225 645 cessationes
1241 631 1256 645 a
1271 623 1437 646 sermonibus
1457 623 1582 647 Novemb.
1607 624 1649 651 16;
1675 624 1760 646 solum
1778 624 1898 647 Decemb.
1922 624 1933 646 1
1961 624 2030 654 apud

800 667 826 690 S.
843 666 1000 697 Maglorium
1014 675 1148 690 sermones
1169 667 1298 698 resumpti
1319 671 1380 690 sunt
1383 684 2029 691 ..........................
2075 668 2121 689 ϋῗξν

249 727 310 750 2570
404 739 435 742 -
535 725 686 749 Decembris
702 725 729 748 11
767 724 887 747 Fncultas
903 724 1060 755 theologiae,
1083 725 1248 756 approbante
1271 725 1458 753 Universitate,
1484 726 1621 756 restringit
1645 726 1860 748 consuetudinem
1881 726 2030 748 Mendican-

796 768 863 791 tium
886 773 1013 800 quantum
1035 770 1068 792 ad
1091 769 1216 798 Biblicos,
1245 770 1435 793 Sententiarios
1467 773 1492 793 et
1522 773 1718 801 praesentatos;
1749 773 1904 793 revocentur
1930 770 2031 793 litterae

798 813 909 844 Eugenii
924 814 957 836 1v
961 831 2031 838 ..........................................
2077 814 2122 835 629

249 873 308 896 2571
404 885 435 889 -
527 889 736 896 .........
768 871 933 894 Universitas
946 871 1038 894 scribit
1053 872 1086 894 ad
1102 872 1307 895 Universitatem
1331 872 1499 895 cracoviam:
1518 873 1695 903 promittendo
1723 873 1880 903 magistrum
1908 873 2033 895 Sanctum

798 915 944 944 Buteonitz,
957 916 1020 939 eccl.
1035 916 1063 940 S.
1077 916 1183 947 Georgii
1195 916 1341 940 Gnesnens.
1359 917 1551 947 praepositum,
1569 917 1717 947 benigniter
1733 925 1748 940 a
1763 925 1790 940 se
1808 920 1944 948 exceptum
1964 916 2006 939 iri.
2027 933 2033 939 .
2078 915 2121 937 631

250 976 310 999 2572
386 973 453 1000 1443
557 974 678 998 Janunrii
693 975 708 997 9
769 973 908 996 Revocatio
923 975 991 996 facta
1006 982 1054 1004 per
1070 974 1227 1005 magistrum
1241 974 1378 997 Nicolaum
1394 974 1546 1005 Qadrigarii
1563 975 1626 998 Ord.
1643 975 1750 998 Eremit.
1767 975 1796 999 B.
1813 976 1889 1005 Augu,
1908 974 1939 997 de
1958 982 2034 996 man—

797 1018 857 1040 dato
869 1021 894 1041 et
908 1018 1073 1041 ordinatione
1088 1018 1221 1041 facultatis
1235 1018 1384 1049 theologiae
1403 1035 2033 1042 .........................
2079 1017 2122 1039 631

249 1078 310 1101 2573
407 1090 434 1095 —-
527 1092 535 1101 .
557 1095 560 1099 .
580 1093 737 1099 .......
768 1075 901 1099 Ger-ardus
913 1075 1024 1098 Maeheti
1040 1075 1073 1098 ad
1089 1075 1259 1099 Guillelmum
1276 1076 1388 1099 Evrardi
1403 1076 1435 1099 de
1450 1076 1661 1099 dissensionibus
1678 1077 1878 1107 suppositorum
1898 1077 2035 1100 Universi-

798 1119 860 1143 tatis
877 1123 1002 1151 quantum
1018 1120 1051 1143 ad
1064 1120 1149 1142 officia
1160 1120 1268 1143 rectoris
1283 1123 1308 1143 et
1320 1124 1522 1151 procuratorum
1534 1138 2034 1144 ....................
2079 1120 2125 1142 633

250 1180 310 1203 2574
405 1192 436 1197 ——
573 1178 661 1202 Martii
676 1180 690 1201 9
770 1177 911 1200 Facultatis
927 1177 1072 1200 medicinae
1088 1177 1172 1208 major
1192 1186 1254 1208 pars
1279 1178 1413 1201 licentiam
1438 1179 1541 1201 duobus
1555 1178 1703 1201 candidatis
1727 1179 1887 1210 petentibus,
1904 1187 1971 1201 anno
1985 1187 2035 1202 non

796 1221 922 1253 jubilaeo,
939 1222 1130 1245 concedendam
1142 1225 1231 1245 censet
1249 1239 1255 1245 .
1275 1239 1281 1245 .
1302 1242 1307 1247 .
1328 1240 1334 1245 .
1354 1243 1358 1247 .
1380 1240 2034 1247 ..........................
2081 1222 2126 1243 633

250 1283 311 1305 2575
407 1294 437 1298 -
543 1281 642 1312 Aprilis
658 1282 680 1311 8,
698 1281 727 1304 16
769 1289 781 1300 «
800 1279 987 1302 Determinatio
1004 1279 1137 1303 facultatis
1152 1279 1318 1311 [medicinae]
1333 1288 1364 1303 ne
1380 1280 1426 1303 fiat
1439 1280 1545 1303 licentia
1556 1281 1581 1303 in
1598 1280 1727 1303 medicina
1743 1281 1767 1303 in
1784 1289 1851 1303 anno
1867 1289 1917 1304 non
1926 1281 2035 1311 jubileo,

800 1328 930 1355 perpetuo
946 1324 1066 1352 tenenda,
1084 1325 1128 1347 sed
1145 1325 1214 1355 quod
1226 1325 1311 1347 solum
1327 1325 1373 1347 fiat
1388 1325 1413 1347 in
1430 1333 1497 1347 anno
1508 1325 1618 1356 jubileo,
1632 1333 1682 1348 non
1699 1325 1865 1348 obstantibus
1879 1325 2037 1357 quibuscun-

801 1376 862 1400 que.
878 1378 891 1390 »
911 1386 2035 1393 ............................................
2082 1368 2126 1389 [33¹1

251 1429 313 1452 2576
409 1443 435 1447 —
530 1427 694 1459 Septembris
711 1428 740 1450 12
770 1426 921 1457 Capitulum
939 1426 1111 1450 Cisterciense
1125 1427 1156 1449 de
1172 1426 1307 1449 mittendis
1323 1427 1439 1450 Parisios
1443 1444 2036 1453 ........................
2082 1425 2127 1447 635

251 1487 312 1510 2577
407 1500 439 1504 --
560 1485 683 1509 Octobris
699 1486 711 1508 7
770 1485 892 1507 Facultas
916 1484 996 1508 theol.
1018 1492 1049 1507 ex
1071 1484 1158 1515 gratia
1179 1484 1310 1507 concessit
1337 1484 1546 1507 Mendicantibus
1571 1485 1604 1507 ad
1626 1485 1821 1516 impetrandam
1847 1485 2036 1508 revocatorium

801 1529 901 1551 bullam
917 1529 1066 1551 litterarum
1082 1528 1193 1560 Eugenii
1209 1529 1242 1552 lv
1260 1529 1413 1552 dilationem
1433 1546 2036 1552 ........................
2082 1527 2128 1549 (335

251 1590 312 1612 2578
407 1601 439 1606 -
560 1587 707 1611 Novembre
771 1586 891 1617 Magistri
906 1590 1026 1618 regentes
1041 1587 1174 1610 facultatis
1186 1587 1332 1610 medicinae
1346 1595 1388 1610 an.
1403 1587 1505 1610 144344
1514 1604 2037 1611 .....................
2083 1585 2128 1606 (335

252 1648 313 1671 2579
410 1659 437 1664 -—
531 1647 596 1677 Aug.
614 1646 714 1669 15-Dec.
727 1646 741 1668 8
772 1644 936 1668 Universitas
954 1645 1068 1667 cessavit
1083 1653 1098 1667 a
1112 1644 1355 1675 praedicationibus
1371 1653 1386 1667 a
1406 1645 1491 1668 medio
1517 1646 1633 1676 Augusto
1655 1653 1737 1676 usque
1758 1645 1790 1668 ad
1806 1645 1926 1668 Decemb.
1943 1646 1966 1668 8.
1987 1645 2038 1668 Ro-

802 1689 892 1712 bertus
908 1689 1016 1712 Ciboule
1032 1689 1176 1712 Consilium
1196 1689 1299 1720 regium
1315 1689 1370 1712 adit
1373 1706 2037 1714 ...........................
2083 1687 2129 1708 636

253 1751 314 1773 2580
390 1748 455 1774 1444
554 1747 675 1771 Januarii
691 1748 720 1770 20
772 1747 907 1770 Licentiati
923 1747 948 1770 in
965 1747 1089 1770 facultate
1104 1747 1252 1778 theologiae
1255 1764 2038 1771 ...............................
2084 1744 2130 1766 636

253 1808 313 1831 2581
351 1806 498 1832 14434444
533 1806 591 1829 Dee.
603 1806 742 1828 30-Jan.30
773 1805 836 1828 Cum
852 1805 945 1828 civitas
960 1804 1048 1828 Sancti
1064 1804 1182 1832 Quintini
1197 1808 1297 1828 statuta
1313 1805 1514 1835 publicavisset,
1531 1813 1598 1836 quae
1608 1805 1818 1828 observationem
1834 1806 1959 1828 festorum
1973 1813 2039 1836 quo-

803 1850 924 1872 rumdam
940 1849 1084 1878 violabant,
1099 1849 1265 1872 Universitas
1281 1850 1308 1872 in
1323 1849 1405 1877 curia,
1421 1857 1465 1872 ore
1483 1849 1616 1880 Radulphi
1630 1849 1661 1872 de
1677 1849 1754 1872 Porta
1768 1849 1889 1880 magistri
1907 1849 1933 1872 in
1948 1849 2038 1876 theol„

803 1894 943 1917 consilium
957 1902 1033 1916 suum
1051 1894 1127 1917 affert
1130 1910 2038 1917 ....................................
2084 1896 2130 1918 636

254 1955 315 1978 2582
391 1949 458 1975 1444
572 1951 659 1975 Martii
674 1953 704 1975 23
774 1952 909 1976 Licentiati
922 1952 948 1974 in
971 1952 1094 1974 facultate
1111 1951 1255 1974 medicinae
1259 1969 1420 1975 .......
1441 1972 1445 1976 ,
1467 1968 2037 1975 .......................
2084 1953 2130 1975 640

254 2013 316 2036 2583
411 2021 442 2025 -
563 2010 661 2041 Aprilis
676 2010 715 2033 7-8
774 2009 909 2033 Licentiati
929 2009 955 2032 in
972 2009 1096 2032 facultate
1115 2010 1280 2032 decretorum
1284 2026 2038 2033 ..............................
2084 2011 2130 2032 640

255 2071 316 2094 2584
412 2079 442 2084 -
575 2067 672 2099 Aprilis
689 2068 702 2090 8
775 2067 907 2099 Eugenius
921 2068 954 2090 lv
966 2067 1105 2090 confirmat
1119 2067 1267 2090 Johannem
1286 2068 1311 2090 le
1326 2067 1409 2097 Bugle
1430 2066 1455 2089 in
1476 2067 1591 2089 scribam
1609 2067 1698 2090 curiae
1717 2067 1910 2089 conservatoris
1929 2067 2039 2097 privile-

805 2112 908 2143 giorum
913 2129 1468 2135 ......................
1489 2129 1494 2139 ‚
1514 2128 2038 2135 .....................
2084 2112 2128 2134 641

255 2173 316 2195 2585
412 2182 442 2186 —
584 2169 649 2192 Julii
665 2170 694 2192 29
775 2170 907 2195 Gerardus
928 2170 1039 2193 Macheti
1060 2170 1177 2192 facultati
1208 2169 1357 2200 theologiae
1377 2169 1408 2192 de
1428 2172 1612 2192 conservatore
1630 2169 1832 2200 privilegiorum
1851 2172 1876 2192 et
1894 2169 1925 2192 de
1942 2169 2040 2192 Mendi-

805 2215 926 2238 cantibus
943 2230 2038 2238 ...........................................
2085 2214 2130 2236 642

256 2275 318 2298 2586
412 2283 443 2287 —
544 2272 707 2303 Septembris
722 2273 736 2294 4
776 2274 868 2296 Rector
883 2276 908 2296 et
922 2275 1107 2303 procuratores
1123 2272 1249 2295 Franciae
1264 2275 1290 2295 et
1304 2272 1440 2295 Picardiae
1460 2271 1531 2302 apud
1549 2272 1645 2294 electos
1658 2270 1964 2301 gravitervulnerantur.
1982 2271 2041 2294 Ces-

806 2317 873 2340 satio
889 2325 903 2340 a
921 2317 1078 2340 lectionibus
1094 2320 1119 2339 et
1141 2316 1307 2340 sermonibus
1312 2332 2039 2340 .............................
2085 2316 2131 2338 642

257 2377 317 2400 2587
414 2386 444 2390 ·-
605 2387 636 2391 —-
706 2374 735 2396 ‘12
775 2375 927 2406 Capitulum
941 2375 1050 2398 Cisterc.
1067 2375 1098 2397 de
1111 2374 1278 2397 studentibus
1294 2374 1404 2397 Parisiis
1417 2390 2039 2398 .........................
2085 2373 2131 2396 643

258 2435 319 2458 2588
415 2444 443 2448 ·-
603 2444 635 2449 -
705 2432 734 2454 25
777 2434 811 2456 De
827 2432 1013 2456 reformatione
1034 2432 1167 2456 facultatis
1184 2432 1281 2455 artium
1285 2447 2039 2456 ..............................
2085 2431 2131 2453 643

258 2493 320 2515 2589
414 2501 444 2505 -
566 2488 713 2512 Novembre
777 2490 896 2522 Magistri
912 2494 1032 2522 regentes
1050 2490 1182 2513 facultatis
1199 2490 1345 2513 medicinae
1360 2498 1401 2512 an.
1422 2490 1524 2512 1444-45
1544 2505 2040 2513 ....................
2086 2489 2131 2510 644

259 2551 320 2573 2590
417 2559 445 2563 ·-
574 2546 708 2570 Oen-Dec.
778 2549 943 2572 Universitas
959 2548 991 2571 ad
1013 2548 1161 2572 Gerardum
1183 2548 1304 2576 Macheti,
1324 2551 1352 2570 ut
1375 2547 1487 2578 praelati
1508 2546 1557 2569 suh
1580 2554 1664 2577 poena
1683 2546 1875 2577 compellantur
1895 2546 2041 2577 suppositis

808 2593 934 2616 beneficia
947 2593 1102 2624 providerc;
1119 2592 1264 2615 remedium
1280 2592 1406 2615 afferatur
1419 2594 1510 2614 contra
1525 2591 1707 2621 deportatores
1723 2590 1867 2617 librorum;
1884 2590 1939 2621 agit
1951 2593 2041 2613 contra

805 2637 908 2669 judices
922 2645 937 2660 a
952 2645 1014 2668 rege
1025 2637 1176 2667 assignatos
1181 2651 2040 2660 ..................................
2087 2635 2132 2656 644

260 2696 319 2720 2591
417 2710 446 2713 -
547 2698 697 2721 Decembris
713 2699 742 2721 12
779 2699 945 2723 Ambassiata
960 2699 993 2721 ad
1009 2707 1098 2729 regem
1114 2698 1236 2728 mittitur,
1253 2706 1341 2721 secum
1362 2697 1551 2720 Instructioncs
1567 2696 1696 2728 portando
1701 2712 2043 2720 ..............
2088 2697 2134 2719 645

261 2759 322 2782 2592
416 2772 447 2776 -
573 2760 715 2783 Decembre
780 2761 968 2784 instructiones
985 2761 1172 2784 Universitatis
1185 2769 1235 2792 pro
1248 2759 1487 2783 ambassiatoribus
1502 2759 1535 2782 ad
1548 2767 1637 2789 regem
1653 2757 1816 2781 destinandis
1831 2774 2042 2782 .........
2088 2758 2134 2780 646

262 2821 322 2844 2593
397 2820 465 2846 1445
562 2822 626 2845 Ante
640 2822 700 2846 Jan.
717 2823 730 2845 8
780 2824 836 2846 Dux
851 2823 1021 2854 Burgundiae
1037 2823 1130 2846 scribit
1145 2822 1318 2846 Universitati
1337 2821 1421 2845 Paris.
1438 2829 1464 2844 se
1484 2823 1637 2851 promptum
1655 2828 1712 2843 esse
1732 2819 1919 2843 Universitatis
1939 2820 2045 2851 privile-

811 2867 855 2898 gia
871 2871 896 2890 et
911 2867 1047 2890 libertates
1064 2870 1233 2890 manutenere
1237 2881 2045 2890 ................................
2089 2865 2133 2887 651

389 2943 454 2961 *³⁶³⁸*
472 2941 570 2966 chart.
592 2941 670 2966 Univ.
689 2942 785 2966 Paris.
805 2943 849 2965 lv.
1982 2941 2012 2963 98
