2502 3418
308 402 895 467 CHARTULARIUM
943 404 1501 467 UNlVERSITATIS
1544 406 1991 471 PARISIENSIS

230 878 368 916 1714.
391 897 406 914 «
427 888 548 914 Botulus
561 888 687 924 plurium
702 888 909 922 graduatorum
924 888 1132 914 Parisiensium
1148 889 1176 914 in
1195 889 1279 914 Curia
1294 888 1467 924 presenlimn
1484 898 1498 914 »
1511 888 1551 914 ad
1563 888 1744 914 Benedictum
1761 889 1856 915 Xlw.

1423 971 1495 1001 7394.
1513 971 1596 997 Octob.
1613 972 1654 1000 23,
1670 972 1799 998 Avenione.

315 1059 493 1104 Dignetur
514 1059 684 1091 sanctitas
704 1065 823 1092 vestra
844 1058 1083 1103 infrascriptis
1104 1059 1244 1091 devotis
1266 1058 1471 1091 oratoribus
1491 1059 1622 1092 vestris
1643 1059 1679 1091 in
1702 1060 1857 1092 Romana
1883 1060 1980 1092 curia
2001 1072 2082 1104 pre-

227 1126 404 1165 sentibus,
422 1138 574 1170 quorum
597 1125 707 1170 aliqui
729 1126 888 1158 Parisius
909 1125 1043 1170 gradus
1066 1137 1152 1158 suos
1170 1132 1398 1170 receperunt,
1417 1132 1450 1158 et
1467 1126 1525 1158 alii
1547 1125 1680 1158 ibidem
1704 1126 1932 1167 studuerunt,
1951 1127 2083 1171 gratias

225 1194 342 1226 facere
364 1205 433 1238 que
455 1199 664 1225 secuuntur.
689 1194 731 1224 Et
753 1192 867 1237 primo

315 1292 464 1326 Supplicat
540 1291 660 1317 Michael
675 1291 815 1324 Draperii,
832 1291 926 1324 presb.
945 1291 1119 1323 Rothomag.
1137 1291 1222 1318 dioc..
1240 1298 1316 1323 mag.
1332 1291 1362 1316 in
1375 1292 1429 1316 art.
1446 1292 1474 1316 et
1490 1291 1519 1316 in
1536 1291 1612 1316 med.
1630 1291 1739 1320 licent..
1756 1291 1807 1324 qui
1822 1291 1852 1316 in
1867 1291 1975 1317 eisdem
1990 1293 2042 1317 art.
2058 1294 2086 1318 et

224 1342 301 1369 med.
318 1343 379 1367 tam
393 1341 514 1367 Parisius
528 1348 620 1373 quam
634 1340 886 1374 Montepessulano
901 1348 951 1373 per
965 1340 1062 1373 plures
1076 1348 1168 1366 annos
1183 1340 1261 1373 legit.

312 1392 385 1417 Item
401 1390 581 1416 Guillermus
594 1389 719 1418 Oliverii,
735 1397 812 1422 mag.
825 1389 856 1415 in
871 1391 924 1415 art.
940 1391 968 1415 et
980 1389 1077 1415 licent.
1093 1389 1123 1414 in
1138 1389 1243 1415 decret.
1262 1389 1393 1414 Parisius.

314 1439 450 1466 Ricardus
463 1438 598 1468 Rallardi,
615 1439 681 1464 cler.
700 1439 845 1471 Bajocens.
863 1438 948 1467 dioc.,
966 1446 1043 1470 mag.
1062 1438 1092 1463 in
1107 1439 1160 1463 art.
1178 1439 1206 1463 et
1220 1438 1251 1463 in
1267 1438 1321 1470 leg.
1339 1438 1412 1466 bac.‚
1429 1437 1544 1462 dudum
1561 1437 1711 1463 Universit.
1728 1437 1889 1463 Parisiensis
1901 1439 2002 1463 rector.

313 1489 460 1515 Johannes
474 1488 670 1521 Espringueti.
684 1487 811 1513 subdiac.
829 1487 992 1513 Ebroicens.
1010 1487 1095 1515 dioc,
1113 1487 1209 1513 licent.
1224 1487 1254 1512 in
1270 1487 1324 1519 leg.
1342 1488 1370 1511 et
1385 1487 1444 1512 bac.
1463 1486 1492 1511 in
1506 1487 1582 1512 decr.

314 1537 486 1563 Laurentius
501 1537 620 1566 Juliani‚
637 1537 704 1562 cler.
719 1536 882 1562 Ehroicens.
897 1536 983 1564 dioc..
1003 1543 1079 1568 mag.
1095 1536 1125 1561 in
1141 1537 1194 1561 art.
1213 1535 1335 1561 Parisius
1350 1537 1378 1560 ct
1394 1535 1453 1561 bae.
1472 1535 1501 1560 in
1517 1535 1571 1568 leg.
1589 1535 1718 1561 Tholosc.

314 1587 464 1613 Gervasius
478 1586 514 1612 de
528 1586 699 1619 Larchamp,
716 1586 843 1611 subdiac.
861 1585 1005 1618 Bajocens.
1020 1585 1106 1614 dioc.,
1123 1585 1158 1611 de
1174 1585 1263 1610 nobili
1279 1592 1383 1617 genere
1398 1592 1431 1610 ex
1446 1586 1572 1617 utroque
1596 1585 1683 1610 latere
1706 1586 1880 1617 procreatus,
1898 1585 1949 1618 qui
1966 1585 2087 1610 Parisius

224 1637 255 1663 in
270 1637 346 1663 decr.
363 1644 414 1669 per
430 1636 528 1668 plures
543 1643 634 1661 annos
649 1635 772 1662 studuit,

313 1686 493 1712 Guillermus
509 1685 639 1717 Lovaley‚
657 1684 749 1716 presb.
767 1685 924 1717 Baj00ens..
942 1691 1019 1716 mag,
1035 1684 1064 1709 iu
1078 1684 1131 1709 art.

315 1735 462 1761 Johannes
476 1733 641 1763 Munhorie‚
656 1734 722 1759 cler.
740 1734 903 1759 Trecorens.
921 1733 1007 1761 dioc,
1024 1740 1101 1765 mag.
1118 1733 1149 1758 in
1164 1734 1217 1758 art.
1236 1732 1358 1757 Parisius
1372 1733 1400 1757 et
1413 1732 1478 1757 scol.
1496 1731 1526 1756 in
1542 1731 1617 1756 decr.

314 1785 415 1810 Petrus
430 1783 548 1812 odonis,
565 1782 659 1816 presb.
682 1783 845 1808 monachus
860 1789 989 1815 expresse
1004 1782 1147 1815 professus
1166 1781 1334 1807 monasterii
1357 1780 1452 1806 Sancti
1468 1780 1611 1806 Michaelis
1632 1780 1663 1805 in
1687 1780 1815 1806 Pcriculo
1836 1781 1931 1809 maris,
1949 1781 1981 1806 O.
1998 1781 2023 1806 S.
2043 1781 2084 1810 B„

226 1833 286 1860 bae.
303 1833 334 1859 in
349 1833 425 1859 decr.
440 1840 456 1858 a
470 1833 559 1865 longo
574 1833 715 1865 tempore.

314 1882 446 1908 Matheus
461 1881 601 1910 Corderii,
618 1881 684 1907 cler.
703 1881 866 1907 Lexoviens.
883 1881 969 1910 dioc.,
985 1888 1062 1913 mag.
1077 1881 1107 1905 in
1123 1882 1176 1905 art.
1193 1881 1259 1905 actu
1276 1887 1376 1912 regens
1392 1878 1515 1904 l’arisius
1530 1878 1560 1903 in
1575 1878 1682 1904 eisdem
1696 1879 1749 1903 art.

314 1931 436 1957 Jacobus
451 1930 487 1956 de
501 1930 526 1956 S.
545 1930 689 1959 Medardo,
707 1938 784 1962 mag.
802 1929 832 1955 in
847 1931 900 1954 art.
918 1930 946 1955 et
960 1929 1021 1954 bac.
1039 1929 1068 1954 in
1084 1929 1160 1954 decr.
1176 1928 1307 1954 Parisius.

315 1980 445 2006 Nicotaus
461 1979 595 2008 Habardi‚
612 1979 679 2005 cler.
695 1978 910 2004 Constanciens.
928 1978 1014 2007 dioc,
1031 1986 1109 2010 mag.
1126 1978 1157 2003 in
1172 1979 1225 2002 art.

315 2029 463 2055 Johannes
477 2029 612 2061 Tournay
627 2028 663 2054 de
677 2027 809 2056 Turonis,
826 2028 923 2053 licent.
941 2027 971 2052 in
986 2027 1063 2053 decr.
1081 2027 1203 2052 Parisius
1217 2028 1245 2052 ct
1259 2034 1326 2052 cuin
1343 2026 1436 2058 rigore
1451 2025 1591 2051 examinis
1605 2032 1636 2050 ac
1652 2025 1713 2050 bac.
1730 2024 1759 2049 in
1776 2025 1829 2057 leg.

316 2079 462 2104 Johannes
474 2078 510 2104 de
524 2077 686 2111 Espallone,
703 2077 847 2110 Bajocens.
865 2077 951 2106 dioc.,
968 2084 1045 2109 mag.
1062 2076 1093 2101 in
1107 2077 1161 2101 art.

316 2127 462 2153 Johannes
478 2127 561 2156 Gelu,
576 2126 643 2152 cler.
657 2126 832 2158 Rothomag.
849 2125 934 2154 dioc..
951 2125 1012 2151 bac.
1029 2125 1060 2150 in
1075 2126 1141 2154 art.,
1158 2124 1209 2158 qui
1224 2132 1275 2157 per
1295 2125 1351 2150 tres
1367 2131 1459 2149 annos
1473 2123 1516 2149 vel
1531 2123 1603 2148 circa
1622 2122 1743 2147 Parisius
1758 2124 1818 2147 tam
1830 2122 1859 2148 in
1881 2122 1982 2155 Logica
1997 2130 2086 2155 quam

229 2176 414 2210 Philosophia
428 2176 551 2202 studuit.

318 2226 458 2251 Aalardus
473 2225 508 2251 de
521 2224 641 2253 Sanctis,
658 2224 751 2258 presb.
767 2224 952 2249 Laudunens.
969 2223 1055 2252 dioc.‚
1073 2231 1149 2256 mag.
1167 2223 1197 2248 in
1213 2224 1266 2248 art.
1285 2222 1416 2247 Parisius.
1433 2221 1468 2247 de
1482 2221 1654 2247 canonicatu
1670 2220 1783 2246 ecclesie
1799 2220 1990 2246 Suessionens.

316 2275 446 2301 Matheus
460 2274 496 2300 de
507 2274 707 2307 Versignyaco,
722 2273 816 2307 presb.
833 2273 1019 2299 Laudunens.
1035 2273 1120 2301 dioc..
1135 2280 1213 2304 mag.
1230 2272 1260 2296 in
1278 2273 1332 2296 art.
1351 2271 1482 2299 Parisius,
1501 2270 1551 2303 qui
1568 2270 1675 2296 ibidem
1691 2269 1803 2295 studuit
1827 2269 1857 2294 in
1877 2269 1943 2302 jure
1958 2277 2020 2294 can.
2038 2277 2088 2302 per

228 2326 285 2351 tres
299 2332 401 2350 annos.

318 2373 489 2406 Radulphus
504 2372 539 2398 de
554 2372 693 2398 Marchais
707 2372 742 2398 de
758 2372 951 2401 Monteacuto,
969 2371 1035 2397 cler.
1052 2370 1236 2396 Laudunens.
1253 2369 1339 2397 dioc..
1357 2377 1433 2401 mag.
1450 2369 1479 2394 in
1494 2370 1548 2394 art.
1566 2368 1696 2393 Parisius.

317 2422 496 2448 Guillermus
511 2421 671 2450 Forestarii,
689 2422 768 2450 cler„
785 2428 862 2453 mag.
879 2420 909 2446 in
923 2422 975 2446 art.

317 2471 490 2504 Ranulphus
506 2470 626 2500 GuereZ.
641 2470 707 2496 cler.
724 2469 939 2496 Constanciens.
956 2469 1041 2498 dioc.y
1060 2476 1136 2501 mag.
1153 2468 1183 2493 in
1197 2469 1250 2493 art.
1891 2463 1943 2498 [20]

318 2560 497 2604 Dignetur
517 2558 687 2591 sanctitas
708 2565 826 2591 vestra
858 2563 1062 2602 presentem
1094 2556 1250 2588 rotulum
1278 2554 1345 2587 sub
1371 2555 1449 2586 data
1480 2554 1637 2598 signare.
1663 2564 1765 2596 quain
1794 2551 1968 2584 haberent
1994 2552 2027 2583 si
2051 2552 2087 2583 in

229 2626 347 2659 rotulo
369 2626 566 2659 Parisiensi
588 2625 720 2670 signati
741 2625 871 2657 forent.
893 2645 937 2648 —
958 2624 1033 2656 Fiat
1054 2635 1118 2668 pro
1141 2622 1321 2655 omnibus.
1346 2623 1382 2653 L.
1402 2640 1443 2646 —
1464 2622 1540 2653 Dat.
1564 2619 1742 2652 Avinione
1764 2618 1903 2650 decimo
1926 2618 1993 2650 kal.
2019 2619 2089 2650 No-

228 2693 403 2734 vembris,
425 2705 518 2726 anno
541 2692 670 2737 primo.

324 2792 385 2822 Reg.
400 2792 457 2814 Vat.
475 2792 569 2822 Suppl.
587 2790 800 2821 BenedictiLXlll,
818 2794 846 2812 n0
862 2791 900 2819 82,
918 2789 961 2812 sol.
979 2790 1002 2812 ϋ.
1014 2789 1082 2810 —In
1099 2792 1126 2810 ¹1⁰
1140 2789 1177 2814 79,
1194 2787 1236 2809 sol.
1249 2787 1287 2813 151,
1302 2789 1386 2808 exstat
1401 2794 1411 2807 (t
1427 2785 1526 2807 rotulus
1543 2783 1697 2814 principalis
1715 2782 1884 2804 familiarium
1901 2782 1969 2804 doni.
1985 2790 2008 2804 n.
2025 2789 2092 2812 pape

232 2836 363 2859 Benedicti
379 2845 389 2858 »
404 2844 463 2858 cum
481 2836 525 2858 150
538 2835 698 2863 nominihus,
711 2836 724 2858 3
738 2835 773 2858 id.
788 2835 844 2858 Oct.
858 2835 896 2864 (13
910 2833 1012 2863 Octob.)
1027 2841 1069 2856 an.
1082 2833 1093 2855 1
1111 2832 1200 2862 (1394).
1213 2830 1336 2854 Nonnulli
1352 2829 1435 2853 Paris.
1448 2829 1581 2851 studentes
1598 2827 1633 2850 ibi
1649 2830 1798 2856 occurrunt,
1815 2834 1926 2857 qnorum
1942 2826 1992 2848 (luo
2009 2826 2092 2848 solum

233 2880 340 2904 nutandi
358 2888 363 2904 z

360 2929 422 2945 *Η*
441 2926 534 2950 Chart.
558 2926 634 2949 Unio.
654 2924 747 2948 Paris.
766 2924 807 2947 IV.
1953 2915 1964 2936 1
