2502 3418
391 330 456 366 336
971 341 1291 364 CHARTULARIUM
1327 341 1518 363 umvsas.
1554 340 1685 363 rmus.
2162 327 2263 366 [1418

391 416 530 450 artibus
551 423 583 449 et
605 416 686 449 aliis
706 416 743 449 in
764 428 895 462 magno
917 428 1082 456 numero,
1104 415 1163 448 die
1185 416 1242 449 27³
1262 414 1450 448 Februarii
1471 414 1556 447 anni
1578 414 1724 447 Domini
1748 414 1845 454 1417,
1867 413 1905 446 in
1925 413 2006 447 aula
2027 413 2165 447 domini
2187 414 2264 460 epi-

392 484 493 529 scopi
514 483 627 516 Paris.
646 483 847 517 secundum
869 483 1034 516 ordinem
1057 482 1119 527 qui
1140 482 1331 527 sequitur:

785 582 828 607 Ma
851 581 919 607 ister
940 581 1083 608 Robertus
1099 579 1257 609 Poitevin'‚
1274 579 1410 606 Gallicus.

941 630 1089 656 Johannes
1103 628 1262 663 Typhaine.
1279 628 1475 654 Normannus.

939 678 1033 704 Adam
1045 677 1196 711 d'Origny,
1214 677 1360 706 picardus,

941 727 1134 761 Engelbertus
1147 726 1295 759 Nicholay,
1312 725 1457 752 Picardus.

942 776 1095 810 Philippus
1107 775 1250 808 Hugonis.
1267 774 1403 801 Gallicus.

943 825 1119 851 Guillelmus
1133 823 1227 853 Fabri.
1243 824 1438 849 Normannus.

943 873 1064 899 Michael
1078 873 1114 899 de
1129 872 1301 901 Marchesiis.
1318 872 1514 898 Normannus.

940 922 1076 948 Costinus
1090 921 1221 951 Mikaert,
1238 921 1385 947 Picardus.

940 971 1088 998 Johannes
1100 970 1127 997 le
1142 968 1262 1003 Dengie.
1278 970 1473 996 Normannus.

942 1020 1084 1046 Henricus
1099 1019 1178 1046 Clint
1192 1019 1228 1045 de
1243 1019 1427 1049 Luneborch,
1443 1018 1676 1055 A[lemannus]².

939 1069 1087 1095 Johannes
1102 1068 1204 1098 Boecii,
1221 1067 1450 1103 A[lemannus]³.

940 1118 1083 1145 Robertus
1098 1118 1184 1147 Paris.
1201 1117 1397 1144 Normannus.

744 591 762 949 oeximmz-Nvouu

831 590 849 615 οη

745 981 760 1007 <0

730 1030 762 1047 10

730 1079 757 1095 11

832 645 870 1138 lllllllllll

729 1127 758 1144 12

482 1208 625 1231 Comment.
641 1208 689 1231 sne.
706 1207 785 1237 med.‚
801 1207 822 1236 1,
837 1215 864 1238 p.
881 1207 934 1231 222.

481 1291 505 1316 1.
518 1291 563 1314 Vir
577 1299 688 1322 mag-nae
705 1293 799 1314 famae.
816 1291 876 1314 Fuit
890 1290 980 1322 presb.
994 1290 1079 1314 Paris.
1089 1290 1194 1322 (Suppl.
1210 1290 1287 1313 Mart.
1305 1290 1332 1319 V,
1348 1293 1378 1312 n⁰
1393 1290 1446 1318 180.
1463 1289 1508 1312 sol.
1525 1289 1588 1319 148).
1606 1289 1750 1313 Succentor
1765 1289 1850 1314 Paris.
1865 1290 1972 1322 (Suppl.
1985 1291 2084 1322 Eugen.
2101 1291 2143 1320 1v,
2159 1295 2189 1315 n⁰
2203 1291 2250 1315 295

389 1337 433 1360 fol.
449 1336 499 1365 31).
516 1336 551 1359 De
566 1344 596 1359 eo
611 1335 710 1367 legitur
722 1344 766 1367 ap.
780 1343 815 1359 οε
828 1336 966 1365 ΕΑΒοιωε,
981 1336 1058 1360 Ducs
1071 1336 1104 1360 de
1117 1335 1297 1365 Bouryoyne,
1313 1334 1437 1363 preuves,
1453 1334 1499 1362 lll,
1515 1342 1542 1365 p.
1558 1334 1614 1364 310,
1630 1334 1663 1357 ad
1682 1342 1725 1358 an.
1741 1334 1802 1358 1427
1819 1342 1825 1358 :
1841 1345 1855 1357 α
1872 1335 2050 1367 Recompense
2065 1335 2191 1360 accordee
2209 1343 2259 1368 par

387 1381 411 1404 le
424 1381 474 1404 duc
487 1381 596 1404 Charles
611 1380 749 1404 d'Orleans
767 1382 782 1403 1¹1
797 1380 895 1404 Robert
909 1380 1036 1408 Poitevin,
1053 1379 1171 1403 medecin
1184 1379 1219 1402 du
1234 1379 1282 1408 roi,
1299 1387 1368 1410 pour
1382 1379 1496 1402 services
1514 1379 1611 1402 rendus
1627 1386 1661 1402 au
1677 1379 1727 1402 duc
1741 1382 1767 1402 et
1779 1380 1795 1402 ὰ
1809 1379 1835 1402 la
1848 1379 1986 1404 duchesne.
2003 1388 2015 1403 ι)
2031 1381 2078 1404 Λιι-
2095 1381 2156 1404 1447
2170 1380 2259 1404 nomi-

388 1428 465 1448 natur
477 1425 546 1448 idem
564 1434 575 1448 «
591 1425 706 1456 premier
721 1425 838 1448 medecin
854 1425 886 1448 de
900 1425 926 1448 la
942 1433 1023 1456 royne
1038 1434 1051 1446 υ
1066 1424 1152 1454 (ibid.‚
1164 1432 1189 1455 p.
1204 1425 1269 1454 340).
1280 1424 1328 1447 An.
1344 1424 1405 1447 1463
1419 1423 1499 1447 etiam
1509 1423 1566 1455 ejus
1582 1423 1680 1447 mentio
1695 1423 1725 1447 fit
1740 1423 1824 1453 (ibid.,
1839 1432 1866 1455 p.
1879 1425 1943 1454 392).
1955 1425 2020 1448 Aun.
2035 1425 2106 1453 1448,
2117 1425 2201 1457 April.
2217 1425 2257 1456 24,

386 1469 569 1493 thesaurarius
587 1470 615 1495 S.
631 1469 725 1493 Hilarii
740 1469 923 1498 Pictuiensis,
947 1472 1066 1493 mortuus
1086 1472 1126 1492 est
1148 1477 1191 1492 an.
1211 1469 1282 1496 1474,
1298 1468 1352 1492 Jul.
1375 1469 1414 1499 26,
1436 1476 1482 1492 sex
1502 1467 1579 1491 libris
1595 1467 1741 1492 medicinae
1756 1467 1883 1492 librariae
1898 1469 1955 1501 ejus
1975 1469 2069 1493 domus
2090 1469 2196 1501 legatis.
2216 1469 2257 1494 Gt.

387 1515 493 1538 VALLI-:T
508 1522 542 1538 DE
555 1514 696 1538 v1n1v1LLE
713 1522 718 1537 :
737 1522 749 1537 α
765 1514 843 1537 Notes
858 1513 1068 1545 biograpbiques
1090 1521 1136 1536 sur
1156 1513 1254 1537 Robert
1272 1513 1400 1542 Poitevin,
1414 1512 1533 1536 medecin
1552 1512 1598 1536 des
1618 1512 1672 1536 rois
1687 1512 1796 1536 Charles
1810 1513 1856 1537 vn
1876 1516 1902 1537 et
1917 1513 1995 1537 Louis
2010 1514 2053 1542 XI,
2071 1513 2126 1537 l'un
2140 1514 2186 1538 de·
2202 1515 2259 1538 exh-

386 1562 491 1582 cuteurs
507 1558 719 1582 testamentaires
734 1558 847 1590 d'Agnes
864 1558 938 1582 Sorel
954 1567 967 1580 >›
982 1558 1007 1581 in
1021 1558 1092 1583 Bibl.
1108 1559 1141 1582 de
1156 1553 1256 1582 l'Ecole
1269 1559 1315 1582 des
1334 1558 1457 1586 Chanes,
1475 1557 1545 1587 1849,
1561 1566 1588 1589 p.
1601 1558 1714 1590 4338-499.
1730 1557 1815 1589 Saepe
1826 1557 1906 1582 etiam
1927 1557 2104 1582 ambassiator
2119 1557 2259 1583 UniversI·

386 1603 447 1627 tatis
467 1603 524 1626 fuit.
542 1603 581 1627 Cf.
602 1605 731 1631 Auctar„
745 1603 778 1631 11,
794 1611 822 1634 p.
838 1604 892 1631 305,
909 1606 963 1626 not.
981 1603 1007 1630 2;
1024 1610 1059 1626 ns
1072 1602 1247 1631 Bmucounr,
1261 1602 1333 1627 Hist.
1349 1603 1383 1626 de
1400 1602 1515 1627 charles
1533 1601 1597 1630 VII,
1612 1605 1632 1626 t.
1643 1602 1684 1630 Vl,
1700 1610 1728 1633 p.
1741 1603 1797 1626 397.
1813 1615 1840 1620 -
1856 1601 1882 1627 2.
1898 1602 2017 1626 Primum
2030 1603 2058 1626 in
2071 1603 2150 1627 Univ.
2165 1603 2259 1627 Erfur—

385 1647 453 1671 tensi
469 1648 614 1671 studuerat.
628 1647 686 1671 Vid.
702 1649 832 1677 Auctar.‚
848 1648 880 1675 11,
897 1656 923 1679 p.
939 1648 993 1676 194,
1008 1651 1062 1670 not.
1079 1649 1102 1671 5.
1115 1661 1143 1664 —
1159 1646 1184 1672 3.
1200 1647 1334 1670 Johannes
1349 1646 1434 1670 Boetii
1449 1646 1481 1670 de
1496 1646 1619 1670 Selendia
1635 1646 1661 1670 in
1679 1654 1761 1678 regno
1779 1646 1883 1677 Daciae,
1896 1647 2062 1671 Roskildeus.
2078 1647 2171 1678 dioec„
2185 1646 2257 1672 stud.

384 1692 410 1715 in
427 1692 538 1722 artibus,
555 1692 704 1715 intitulatus
719 1695 760 1715 est
774 1691 898 1715 Coloniae
909 1700 951 1715 an.
964 1692 1022 1715 1401
1035 1692 1164 1721 (Toerxs,
1175 1691 1312 1716 Matrikel
1326 1692 1352 1715 d.
1368 1691 1448 1716 Univ.
1463 1691 1547 1721 Κόῑη,
1563 1691 1583 1722 1,
1599 1699 1626 1723 p.
1639 1692 1688 1722 86).
1702 1692 1749 1715 An.
1768 1691 1839 1720 1415,
1851 1691 1910 1715 Jan.
1928 1693 1966 1721 25,
1982 1691 2009 1715 in
2025 1694 2074 1716 sac.
2089 1693 2158 1717 med.
2171 1692 2257 1717 Paris.

385 1747 397 1759 (ι
413 1736 538 1768 probavit
552 1737 583 1760 de
604 1740 722 1768 tempore
743 1736 814 1761 stud.
833 1737 918 1760 Paris.
935 1737 965 1759 28
980 1745 1083 1760 menses
1100 1739 1126 1759 et
1144 1739 1198 1759 tres
1213 1744 1296 1759 annos
1312 1736 1339 1759 in
1359 1736 1468 1760 Colonia
1484 1745 1495 1760 α
1509 1735 1665 1766 (Commeat.
1683 1737 1742 1767 tac„
1759 1736 1778 1766 1,
1796 1745 1823 1768 p.
1835 1737 1888 1765 203,
1905 1737 1970 1767 208).
1987 1737 2034 1760 An.
2051 1737 2121 1767 1419,
2137 1737 2214 1771 Nom,
2229 1737 2257 1762 in

384 1782 475 1805 eadem
492 1790 564 1813 mog.
578 1790 672 1813 regens
685 1781 742 1805 fuit.
759 1781 817 1805 Vid.
833 1781 913 1805 infra.

385 1930 529 1968 2096.
555 1941 621 1965 Cum
643 1949 718 1974 mag.
736 1939 908 1976 Radulphus
928 1940 964 1966 de
984 1941 1083 1975 Porta,
1108 1940 1155 1966 cui
1178 1944 1271 1966 rector
1285 1940 1397 1976 aliique
1419 1939 1630 1974 adhaerebant,
1649 1940 1678 1966 in
1700 1940 1782 1966 curia
1799 1939 1980 1976 parlamenti
1999 1949 2096 1967 coram
2116 1940 2254 1978 delphino

475 1988 576 2015 Carolo
590 1989 796 2025 postulavisset
811 1993 842 2015 ut
858 1989 1000 2025 episcopis
1018 1993 1045 2015 et
1060 1989 1206 2026 praelatis
1227 1989 1419 2024 resisteretur,
1437 1993 1465 2015 et
1484 1988 1601 2015 collatio
1627 1989 1828 2024 beneficiorum
1853 1988 1894 2015 ad
1916 1998 2025 2026 papam
2048 1989 2250 2025 devolveretur,

472 2037 628 2064 mandante
641 2037 777 2074 delphino
791 2037 973 2074 Radulphus‚
991 2042 1084 2064 rector
1098 2038 1208 2074 aliique
1229 2038 1429 2065 Universitatis
1444 2039 1473 2064 in
1488 2047 1632 2064 carcerem
1645 2038 1727 2064 missi
1740 2042 1817 2065 sunt.

1553 2127 1624 2157 7418,
1640 2126 1772 2154 Februarii
1784 2127 1830 2157 26,
1847 2128 1964 2154 Parisiis.

472 2215 615 2249 Samedi
635 2216 731 2260 xxvj⁰
742 2216 829 2260 jour
845 2215 889 2248 de
907 2215 1066 2248 Fevrier.
1083 2235 1127 2240 —·
1143 2216 1408 2260 Monseigneur
1422 2214 1456 2248 le
1477 2214 1638 2260 dauphin
1658 2215 1727 2247 tint
1746 2214 1780 2247 le
1801 2215 1942 2248 conseil
1962 2226 2008 2248 en
2029 2215 2061 2248 la
2082 2214 2252 2249 chambre

383 2283 427 2315 de
448 2282 651 2327 parlement
670 2282 806 2327 ouquel
825 2282 948 2315 surent
968 2293 1122 2326 presens
1142 2281 1196 2315 les
1217 2282 1339 2326 prelas
1355 2288 1390 2315 et
1411 2281 1629 2315 conseillers
1650 2282 1712 2326 qui
1728 2282 1873 2315 avoient
1894 2281 1928 2315 le
1946 2283 2034 2327 jour
2054 2282 2253 2327 precedent

382 2353 458 2382 este
474 2348 675 2382 assemblez
693 2361 737 2381 en
753 2348 785 2381 la
802 2348 972 2382 chambre
986 2360 1034 2381 ou
1050 2348 1190 2382 conseil
1206 2361 1292 2382 avec
1308 2348 1362 2382 les
1379 2348 1573 2394 presidens
1589 2355 1625 2381 et
1640 2348 1857 2382 conseillers
1874 2349 1940 2382 des
1956 2349 2047 2382 trois
2061 2348 2252 2383 chambres

383 2415 426 2448 de
448 2415 661 2460 parlement.
685 2417 728 2448 Et
747 2415 888 2461 yceulx,
910 2415 1003 2448 ainsi
1030 2415 1232 2448 assemblez
1260 2427 1305 2448 en
1325 2415 1358 2448 13
1383 2426 1560 2460 presence
1582 2415 1627 2448 de
1652 2415 1794 2448 mondit
1821 2416 1996 2461 seigneur
2016 2415 2050 2449 le
2075 2415 2249 2462 dauphin,

382 2483 617 2515 survindrent
641 2482 694 2515 lez
715 2483 877 2515 recteur¹
901 2489 937 2515 et
955 2482 1110 2527 deputes
1131 2482 1175 2515 de
1196 2482 1431 2516 l’Universite
1453 2482 1497 2515 de
1518 2483 1619 2515 Paris
1639 2494 1732 2527 pour
1751 2482 1839 2515 faire
1859 2483 2039 2516 certaines
2060 2490 2251 2528 requestes

383 2556 417 2581 et
438 2561 529 2593 pour
545 2549 600 2581 oir
616 2561 656 2582 ce
678 2561 748 2594 que
770 2549 911 2582 mondit
930 2549 1106 2594 seigneur
1125 2549 1159 2582 le
1180 2548 1341 2594 dauphin
1361 2549 1441 2582 leur
1455 2548 1596 2583 vouloit
1615 2549 1707 2582 dire.
1731 2551 1774 2582 Et
1793 2549 2078 2595 premierement
2096 2550 2177 2583 leur
2192 2549 2252 2584 fist

383 2615 459 2648 dire
488 2628 550 2660 par
577 2616 609 2648 la
639 2615 782 2649 bouche
812 2616 857 2649 de
886 2616 1035 2649 maistre
1062 2615 1199 2649 Rohert
1228 2616 1395 2661 Maugier
1421 2616 1581 2661 premier
1606 2616 1808 2662 president,
1835 2623 1872 2650 et
1898 2628 2054 2662 exposer
2073 2628 2118 2650 en
2146 2617 2252 2651 effect

382 2689 559 2715 comment
582 2682 615 2715 le
636 2694 701 2727 roy
717 2689 752 2715 et
772 2694 832 2716 ses
854 2683 1068 2716 devanciers
1089 2683 1133 2716 de
1150 2689 1229 2716 tout
1247 2689 1365 2728 temps
1384 2683 1530 2716 avoient
1549 2683 1672 2716 desire
1692 2683 1724 2716 la
1745 2683 1827 2729 paix
1842 2690 1878 2717 et
1898 2683 2011 2717 union
2027 2683 2072 2717 de
2092 2683 2248 2730 l'eglise,

382 2755 417 2781 et
436 2760 505 2793 que
522 2760 614 2793 pour
630 2749 799 2793 parvenir
815 2752 833 2782 3
853 2761 906 2791 ce,
925 2749 959 2782 le
976 2762 1041 2795 roy
1056 2750 1153 2783 avoit
1171 2750 1234 2783 fait
1250 2750 1435 2795 plusieurs
1456 2750 1567 2783 mises
1589 2762 1635 2783 en
1650 2750 1902 2791 ambassades;
1926 2757 1961 2784 et
1980 2757 2184 2784 autrement
2204 2762 2249 2784 en

383 2815 499 2847 oultre
521 2815 631 2848 recita
652 2815 742 2848 ledit
761 2816 951 2861 president
969 2823 1152 2850 comment
1171 2816 1356 2862 plusieurs
1377 2817 1557 2851 divisione
1578 2823 1614 2850 et
1634 2816 1845 2863 dommages
1866 2817 2025 2850 estoient
2045 2829 2180 2851 avenuz
2203 2829 2249 2850 en

382 2881 535 2926 l'eglise7
559 2893 621 2926 par
641 2893 681 2914 ce
703 2894 772 2927 que
793 2895 930 2916 aucuns
952 2883 1142 2916 s'estoient
1163 2890 1244 2929 trop
1265 2883 1507 2929 legierement
1526 2884 1748 2917 determinez
1774 2886 1792 2917 a
1813 2883 2053 2917 l’obeissance
2074 2883 2248 2918 d'aucuns
