2502 3418
954 456 1529 525 TABULA

309 757 354 781 Nun

303 875 362 899 1714

302 979 363 1004 1715

302 1038 363 1061 1716

302 1096 362 1119 1717

302 1154 363 1177 1718

302 1212 363 1236 1719

302 1271 363 1294 1720

301 1374 361 1396 1721

302 1476 362 1499 1722

301 1534 363 1558 1723

302 1593 363 1616 1724

302 1652 363 1675 1725

303 1755 364 1778 1726

304 1857 363 1881 1727

304 1916 364 1939 1728

304 1975 365 1998 1729

304 2122 365 2146 1730

305 2225 363 2248 1731

305 2283 365 2306 1732

306 2431 366 2454 1733

306 2489 366 2512 1734

306 2548 366 2571 1735

305 2610 366 2633 1736

306 2716 366 2740 1737

306 2779 366 2802 1738

421 764 518 780 Annus.
627 764 735 780 MENSIS.

436 874 504 901 1394
600 873 721 897 Octobris
739 874 768 896 23

702 977 778 999 25-29

586 1034 736 1057 Decembris
754 1034 783 1057 13

399 1093 544 1119 1394-1395

437 1151 503 1178 1395
601 1150 739 1173 Februarii
754 1151 768 1173 9

614 1213 713 1244 Aprilis
730 1213 759 1236 13

625 1271 697 1295 Junii
715 1272 743 1294 14

580 1374 744 1406 Septembris
761 1374 789 1397 12

593 1477 747 1501 Novembris
762 1478 777 1500 4

595 1653 732 1677 Februarii
747 1653 776 1676 13

654 1931 684 1935 —
701 1918 776 1940 22-25

620 1975 708 1999 Martii
724 1976 753 1998 24

614 2123 713 2154 Aprilis
729 2124 758 2146 23

591 2225 658 2249 Circ.
677 2225 738 2248 Maii
754 2226 781 2248 21

627 2283 699 2306 Junii
717 2284 732 2306 9

402 2429 546 2455 1394-1396
583 2431 767 2462 Oc.20-p.Jun.
780 2431 788 2454 1

584 2489 769 2520 Oe.27—p..lun.
780 2490 790 2512 1

585 2548 768 2579 Oc.18-p..lun.
779 2548 790 2570 1

441 2607 506 2633 1396

628 2611 699 2634 Junii
716 2611 744 2633 25

1369 759 1526 782 TITULUS.

817 884 830 895 «
846 874 956 897 Botulus
978 874 1096 905 plurium
1119 875 1310 906 graduatorum
1334 876 1522 899 Parisiensium
1545 877 1570 899 in
1593 877 1671 901 Curia
1692 877 1854 908 presentium
1870 886 1881 900 ι)
1903 878 1936 901 ad
1956 878 2082 901 Benedic-

850 922 905 942 tum
921 919 979 942 XIII
983 936 2081 946 ...........................................

819 988 831 999 α
846 978 957 1001 Botulus
971 986 1020 1008 pet·
1032 977 1188 1010 episcopum
1204 979 1378 1003 Xanctonens.
1393 981 1525 1003 consectus
1541 980 1572 1003 de
1585 980 1672 1011 prima
1688 983 1712 1003 et
1728 981 1842 1004 secunda
1858 981 2017 1012 aparicione.
2035 992 2057 1004 ».
2076 999 2081 1004 .

818 1046 831 1057 (ι
847 1036 957 1060 Botulus
972 1044 1020 1067 per
1035 1044 1082 1068 per
1093 1045 1163 1068 mag.
1176 1037 1281 1060 Petrum
1295 1037 1326 1060 de
1338 1037 1454 1068 Aillynco
1468 1038 1628 1069 compositus
1641 1048 1663 1065 »‚
1677 1039 1709 1061 ad
1722 1039 1890 1062 Benedictum
1904 1040 1963 1063 XIII
1976 1039 2082 1063 missus.

588 1093 648 1116 Dec.
666 1092 750 1116 5-Jun.
767 1094 781 1115 6
819 1104 831 1115 ιι
848 1095 958 1118 Rotulus
974 1094 1152 1117 archidiaconi
1169 1095 1325 1118 Parisiensis
1330 1106 2081 1123 ..............................

819 1162 831 1174 τ(
847 1153 957 1176 Rotulus
974 1153 1139 1184 quorundam
1155 1153 1317 1176 studentium
1332 1154 1441 1177 Parisiis
1446 1164 2083 1179 ..........................

819 1211 974 1234 Benedictus
990 1212 1049 1234 XIII
1064 1211 1177 1234 Johauni
1191 1212 1301 1235 Gersoni
1317 1212 1501 1235 cancellariam
1516 1213 1599 1236 Paris.
1619 1216 1736 1236 reservat
1740 1230 2083 1238 ..............

820 1269 984 1292 Universitas
1009 1269 1134 1301 injuriam
1159 1270 1287 1301 magistro
1310 1270 1445 1293 Dominico
1470 1271 1572 1299 Zoutre,
1594 1274 1618 1294 et
1639 1271 1751 1294 Johanni
1773 1272 1863 1300 IIains,
1884 1273 1971 1295 Marco
1992 1273 2084 1296 Zoutre

850 1314 1017 1337 scholaribus
1033 1323 1047 1337 a
1062 1314 1146 1337 tribus
1163 1315 1330 1346 sergentibus
1347 1315 1459 1345 illatam,
1474 1316 1540 1346 petit
1552 1324 1566 1338 a
1582 1316 1655 1339 curin
1671 1317 1831 1340 Parlamenti
1848 1317 1936 1348 puniri
1948 1334 2083 1341 ......

820 1373 969 1404 Capitulum
994 1373 1119 1404 generale
1142 1373 1249 1396 Cisterc.
1275 1373 1485 1396 anniversarium
1509 1382 1556 1405 pro
1579 1374 1678 1397 dudum
1703 1375 1824 1397 defuncto
1849 1375 1989 1398 Guillelmo
2012 1376 2083 1399 Curti

850 1417 942 1440 statuit
945 1435 2084 1444 .............................................

820 1476 940 1507 Magistri
955 1479 1076 1507 regentes
1092 1476 1225 1499 facultatis
1242 1476 1386 1499 medicinae
1402 1485 1445 1500 an.
1462 1477 1569 1500 1395-96
1572 1494 2083 1502 .....................

821 1534 962 1558 Facultatis
976 1534 1122 1557 medicinae
1137 1535 1206 1557 bona
1222 1534 1336 1566 librique
1349 1535 1375 1557 in
1390 1543 1483 1558 manus
1499 1535 1590 1558 decani
1604 1535 1672 1558 Petri
1691 1535 1722 1558 de
1738 1535 1857 1558 Vallibus
1873 1536 2058 1560 remittuntur.
2078 1554 2084 1560 .

821 1592 957 1616 Licentiati
974 1593 999 1615 in
1017 1593 1141 1616 facultate
1154 1593 1303 1623 theologiae
1306 1610 2084 1618 ...............................

821 1651 857 1674 Ad
873 1659 981 1674 examen
996 1651 1083 1674 licent.
1102 1651 1169 1674 med.
1186 1651 1244 1674 Joh.
1263 1651 1294 1674 de
1314 1651 1381 1674 Pisis
1400 1654 1524 1674 uxoratus
1545 1651 1722 1674 admittendus
1739 1652 1773 1675 sit
1789 1660 1877 1680 necne,
1894 1653 2015 1683 magistri
2035 1653 2087 1676 dis-

852 1696 967 1719 sentiunt
971 1713 1594 1719 .........................
1615 1717 1619 1720 ,
1639 1713 2084 1721 ..................

821 1754 941 1777 Facultas
965 1754 1112 1777 medicinae
1130 1754 1245 1777 Thomae
1268 1754 1354 1777 Brovn
1377 1762 1421 1777 sex
1441 1762 1532 1783 annm,
1554 1762 1618 1785 quos
1638 1754 1664 1777 in
1687 1754 1765 1778 Univ.
1782 1754 1923 1778 Oxoniensi
1943 1756 2085 1779 medicinae

852 1799 963 1827 studuity
977 1807 1025 1830 pro
1042 1799 1127 1822 tribus
1144 1798 1219 1821 annis
1233 1798 1347 1821 admittit
1352 1816 2084 1825 .............................

764 1876 775 1881 ..
821 1857 987 1881 Universitas
1001 1857 1144 1886 interdicit,
1159 1865 1191 1880 ne
1206 1857 1317 1880 facultas
1333 1857 1386 1879 ulla
1400 1857 1441 1880 vel
1459 1857 1529 1879 natio
1542 1857 1657 1879 rotulum
1671 1857 1703 1879 ad
1719 1865 1816 1888 papam
1835 1857 1920 1881 mittat
1924 1875 2083 1882 .......

821 1915 957 1939 Licentiati
970 1915 996 1938 in
1014 1915 1137 1938 facultate
1150 1915 1294 1938 medicinae
1304 1932 2084 1940 ...............................

822 1974 942 1997 Facultas
962 1973 1106 1996 medicinae
1121 1973 1196 2004 jubet
1215 1973 1324 1996 bonetos
1341 1976 1366 1996 et
1381 1973 1544 1996 chirothecas
1561 1973 1696 2004 magistris
1712 1974 1860 1996 astantibus
1877 1974 1910 1996 ad
1925 1974 2085 2006 principium

851 2027 866 2041 a
886 2018 1034 2041 candidatis
1054 2018 1157 2041 debitas
1182 2026 1233 2041 non
1258 2017 1390 2046 distribui,
1420 2017 1575 2048 priusquam
1603 2026 1617 2040 a
1646 2018 1744 2040 decano
1772 2018 1869 2041 visitati
1895 2019 2086 2050 approbatique

853 2064 950 2087 suerint
961 2079 2084 2087 ............................................

821 2122 973 2153 Capitulum
993 2121 1164 2144 cluniacense
1180 2121 1311 2152 approbat
1325 2121 1488 2144 visitatorem
1504 2120 1609 2151 collegii
1630 2120 1794 2144 Cluniacens.
1811 2121 1904 2149 Paris.,
1922 2122 1966 2153 qui
1983 2122 2085 2153 aliquos

852 2167 986 2190 scholares
999 2166 1116 2197 privavit
1121 2182 1698 2190 .......................
1719 2186 1724 2190 ,
1744 2182 2084 2190 ..............

822 2225 1020 2256 Assignationes
1035 2225 1248 2247 baccalareorum
1265 2223 1328 2247 Ord.
1345 2224 1437 2247 Praed.
1451 2231 1499 2254 pro
1516 2223 1603 2246 studio
1618 2223 1692 2246 Paris
1696 2240 1827 2247 ......
1847 2244 1852 2248 .
1872 2241 2084 2248 .........

822 2283 932 2307 Carolus
953 2283 986 2305 VI
1007 2291 1021 2305 a
1046 2282 1129 2311 tallia,
1154 2282 1188 2305 ob
1205 2282 1311 2313 nuptias
1336 2281 1405 2304 filiae
1426 2290 1488 2304 suae
1515 2281 1644 2304 lsabellae
1666 2289 1725 2303 cum
1744 2289 1805 2312 rege
1824 2282 1933 2312 Angliae
1952 2282 2084 2313 impositu.

855 2327 945 2351 eximit
963 2327 1105 2358 magistros
1121 2330 1146 2350 et
1160 2335 1220 2350 vere
1236 2327 1379 2354 studentes,
1399 2326 1525 2356 bedellos,
1544 2326 1678 2354 librarios,
1694 2326 1895 2354 illuminatores,
1911 2335 2081 2357 pergamena-

853 2374 906 2396 rios
923 2373 1042 2404 aliosque
1057 2372 1245 2396 Universitatis
1262 2372 1345 2395 Paris.
1361 2371 1501 2394 servitores
1512 2388 2082 2395 .......................

822 2442 834 2453 α
851 2431 960 2455 Rotulus
976 2430 1141 2462 quorundam
1157 2430 1351 2453 licentiatorum
1364 2433 1388 2452 et
1404 2429 1597 2452 bacalariorum
1614 2428 1798 2451 Universitatis
1815 2429 1981 2453 Parisiensis.
1997 2441 2032 2453 »..
2053 2450 2057 2455 .
2078 2448 2084 2454 ,

822 2500 834 2511 «
851 2490 961 2514 Rotulus
978 2489 1142 2520 quorundam
1156 2488 1285 2511 nobilium
1299 2487 1492 2510 licentiatorum
1506 2490 1530 2509 et
1548 2486 1741 2509 baculariorum
1757 2487 1837 2509 studii
1855 2487 2019 2511 parisiensis.
2038 2499 2059 2511 n.
2078 2508 2083 2513 ,

822 2558 834 2569 α
852 2548 960 2571 Rotulus
975 2547 1140 2578 quorundam
1154 2545 1343 2569 Parisiensium
1360 2546 1391 2568 de
1404 2545 1491 2568 studio
1507 2544 1676 2575 expulsorum
1681 2555 1776 2568 ......
1797 2565 1801 2568 .
1821 2562 2084 2570 ...........

822 2610 978 2633 Benedictus
995 2610 1053 2632 XIII
1071 2608 1228 2631 cancellario
1245 2607 1328 2631 Paris.
1348 2610 1375 2630 ut
1390 2607 1528 2638 Philippus
1547 2607 1578 2629 de
1594 2606 1705 2634 Villette,
1723 2615 1872 2638 quanquam
1888 2615 1931 2631 an.
1950 2608 1979 2631 24
1998 2611 2084 2638 natus,

854 2655 886 2678 ad
903 2655 1003 2678 buccal.
1026 2654 1104 2677 theol.
1125 2653 1279 2676 admittatur
1284 2668 2084 2678 ................................

823 2718 892 2741 Inter
905 2717 1059 2748 episcopum
1075 2716 1160 2739 Paris.
1175 2718 1200 2738 et
1215 2714 1420 2738 Universitatem
1437 2714 1467 2736 (le
1483 2721 1642 2744 pergameno
1658 2713 1812 2736 contestatio
1828 2713 1853 2736 in
1868 2714 2059 2739 Pax-lamento..
2079 2734 2084 2739 .

592 2779 755 2811 Septembris
774 2781 786 2803 7
822 2780 864 2803 Lis
882 2780 950 2803 inter
968 2779 1116 2802 Mathacum
1135 2777 1297 2805 Vavassorss,
1317 2777 1373 2800 bac.
1390 2777 1415 2799 in
1435 2776 1493 2807 jure
1509 2775 1588 2803 civili,
1607 2776 1677 2798 stud.
1693 2775 1718 2798 in
1733 2776 1781 2799 sac.
1801 2776 1907 2805 decret„
1927 2780 2003 2808 atque
2021 2779 2086 2809 regi-

854 2833 912 2847 num
928 2824 1075 2847 Jerusalem
1092 2823 1248 2853 Siciliaeque
1263 2822 1391 2853 quosdam
1406 2821 1606 2851 Andegavenses
1622 2823 1802 2851 protegentem
1806 2838 2085 2847 ............

431 2902 494 2919 *Η*
514 2900 609 2924 Chart.
632 2901 710 2924 Univ.
730 2901 824 2925 Paris.
842 2901 884 2924 1v.
2024 2901 2053 2922 94

2146 1535 2175 1558 10

2147 1593 2173 1616 11

2147 1696 2173 1719 11

2146 1800 2174 1822 ’12

2147 1857 2175 1880 13

2147 1916 2175 1939 14

2147 2063 2175 2086 15

2146 2165 2176 2188 15

2146 2224 2176 2246 16

2146 2375 2175 2398 16

2146 2433 2175 2455 16

2146 2491 2175 2513 18

2146 2549 2175 2571 19

2146 2655 2176 2678 19

2147 2718 2176 2741 19

2148 2825 2177 2847 20
