2502 3418
1143 329 1311 350 TABULA.

2094 325 2159 357 779

293 399 2161 416 m—

292 445 352 467 2622

291 591 352 613 2623

291 648 351 671 2624

291 751 351 773 2625

290 809 351 831 2626

290 911 350 934 2627

290 969 350 991 2628

290 1027 350 1050 2629

289 1173 350 1196 2630

289 1275 347 1299 2631

288 1333 349 1356 2632

288 1391 349 1414 2633

288 1493 348 1516 2634

288 1640 348 1663 2635

288 1743 349 1765 2636

287 1845 348 1867 2637

288 1992 348 2014 2638

288 2050 349 2072 2639

289 2196 350 2218 2640

289 2297 348 2321 2641

289 2355 350 2378 2642

290 2502 350 2524 2643

290 2560 350 2582 2644

290 2617 351 2640 2645

290 2675 352 2697 2646

291 2782 351 2804 2647

292 2844 352 2866 2648

366 2882 369 2893 ι

427 444 492 470 1447

423 1641 490 1667 1449

424 1744 491 1770 1448

575 445 729 468 Novembris
746 446 774 468 27

598 591 746 615 Novembre

573 649 693 672 Decemb.
711 650 732 677 7,
750 650 779 672 12

592 751 712 775 Januarii
727 752 757 774 29

591 809 668 833 Febr.
684 810 755 832 12-24

625 911 720 936 Martio

612 970 711 1001 Aprilis
724 971 738 993 4

647 1042 676 1045 -
724 1029 738 1050 4

567 1175 643 1198 Mart.
660 1175 748 1206 5-Apr.
764 1176 777 1197 5

602 1276 701 1308 Aprilis
718 1277 747 1299 16

632 1348 663 1352 -
717 1335 746 1357 16

632 1406 661 1409 -
717 1392 746 1415 18

618 1494 680 1518 Maii
696 1495 725 1517 28

593 1629 704 1673 Augusti
721 1642 750 1665 19

611 1744 684 1767 Junii
700 1744 730 1767 29

565 1846 776 1878 Mnii27-Aug.12

587 1993 709 2017 Octobris
725 1994 754 2016 26

571 2051 770 2075 ,Iulio-octobre

566 2198 623 2222 Oct.
637 2198 730 2222 1—Nov.
749 2199 777 2222 19

601 2301 747 2324 Novembre

590 2358 710 2382 Januarii
727 2359 756 2381 16

582 2504 719 2527 Februarii
736 2505 764 2527 13

588 2594 589 2597 Ἴ
617 2562 680 2584 Julii
698 2562 726 2584 14

568 2619 732 2650 Septembris
749 2619 778 2642 12

643 2691 671 2694 -—
750 2677 778 2699 16

597 2783 750 2814 Septembre

572 2845 626 2868 Jul.
640 2845 744 2869 14-Oct.
761 2846 774 2867 4

809 445 918 468 Carolus
934 445 966 468 de
980 446 1141 476 Mauregart‚
1155 454 1226 477 mag.
1241 446 1266 469 in
1283 447 1412 470 medicina
1429 451 1564 477 uxoratus,
1581 457 1639 471 cum
1658 457 1672 472 n
1688 450 1839 480 praeposito
1864 451 1947 474 Paris.
1969 454 2071 474 sentcn-

837 489 901 512 tiam
916 489 1081 518 obtinuisset,
1099 490 1235 513 humiliter
1252 491 1371 514 facultati
1387 491 1531 515 medicinae
1547 493 1689 523 supplicat,
1700 497 1725 516 ct
1739 495 1865 525 pleraque
1881 498 1907 517 at
1922 503 1972 518 non
1986 496 2072 518 omnia

839 533 985 565 regentium
998 534 1059 565 jura
1074 538 1214 565 recuperat
1234 552 2071 562 .................................
2117 541 2163 563 676

808 591 928 622 Magistri
944 595 1064 622 regentes
1082 592 1215 615 facultatis
1231 593 1376 616 medicinae
1391 602 1433 617 an.
1451 594 1554 617 1447-48
1573 612 2071 619 ....................
2118 598 2162 620 677

809 648 975 672 Universitas
991 649 1076 673 Paris.
1092 650 1203 673 electum
1217 650 1372 682 episcopum
1388 651 1483 679 Paris.,
1500 651 1670 675 Guillelmum
1687 652 1816 681 Chartier‚
1832 661 1934 676 summo
1945 653 2072 684 pontifici.

838 693 894 724 regi
910 693 1044 722 Franciae,
1061 694 1178 718 Gerardo
1191 694 1314 724 Macheti,
1328 695 1529 726 archiepiscopo
1545 696 1688 719 Senonens.
1705 697 1870 720 commendat
1873 714 2071 720 .........
2118 699 2162 721 677

808 750 945 774 Licentiuti
961 751 987 774 in
1004 752 1128 775 facultate
1138 752 1287 783 theologiae
1290 769 2072 778 ...............................
2118 757 2163 779 (577

808 808 883 832 Natio
898 809 1066 832 Alemanniae
1079 809 1196 833 decernit
1210 810 1327 833 rotulum
1342 810 1446 834 mittere
1466 811 1498 834 ad
1520 811 1655 834 Nicolaum
1671 812 1704 838 V;
1725 811 1791 834 aliae
1812 812 1890 834 etiam
1911 812 2028 835 nationes
2050 816 2074 835 et

840 853 978 876 facultates
995 862 1023 876 se
1034 854 1191 885 adjungunt,
1208 854 1270 886 quia
1286 855 1452 886 Pragmatica
1467 855 1567 878 sanctio
1584 864 1634 878 non
1646 859 1685 879 est
1697 856 1816 887 proficua
1835 873 2073 881 ..........
2118 859 2164 880 678

810 910 944 934 Licentiati
959 911 985 934 in
1001 911 1125 935 facultate
1141 912 1286 935 medicinae
1291 930 2072 937 ...............................
2118 916 2164 937 678

809 968 945 992 Licentinti
958 969 984 991 in
1001 969 1125 992 facultate
1141 970 1305 992 decretorum
1314 987 1554 994 ..........
1572 986 1574 988 v
1575 988 2073 995 ....................
2119 973 2164 995 678

809 1027 941 1050 Hervaeus
961 1027 1092 1055 Morillon,
1127 1027 1210 1050 abbas
1233 1028 1259 1051 S.
1284 1027 1409 1051 Germani
1429 1028 1460 1051 de
1480 1028 1575 1057 Pratis,
1594 1029 1619 1051 in
1636 1037 1715 1051 causa
1740 1029 1866 1052 adversus
1893 1029 2073 1060 praepositum

838 1071 984 1094 firmarium
1000 1071 1115 1094 civitatis
1131 1072 1273 1101 Meloduni,
1289 1072 1417 1095 auxilium
1433 1072 1499 1103 petit
1518 1073 1704 1096 Universitatis
1723 1073 1817 1102 Paris„
1831 1082 1910 1104 quam
1927 1074 2073 1097 indemnem

839 1117 894 1138 fore
909 1115 1041 1146 promittit
1053 1133 2073 1141 ........................................
2119 1119 2165 1141 679

808 1173 972 1196 Universitas
989 1173 1084 1204 Paris.‚
1097 1173 1191 1196 litteris
1206 1174 1275 1204 regis
1290 1174 1424 1205 instigata,
1441 1175 1623 1198 reformationi
1639 1175 1793 1198 facultatum
1809 1178 1834 1198 et
1847 1176 1981 1199 nationum
1995 1176 2076 1199 inten-

838 1218 885 1245 dit,
899 1221 924 1241 et
936 1218 1076 1249 deputatos
1091 1226 1140 1249 per
1155 1218 1275 1249 singulas
1292 1219 1430 1242 facultates
1447 1222 1472 1242 et
1487 1219 1605 1242 nationes
1622 1219 1655 1242 ad
1672 1220 1720 1242 hoc
1732 1220 1806 1250 eligit
1810 1237 2073 1244 ...........
2119 1222 2164 1243 680

807 1275 899 1298 Cautio
915 1275 1088 1299 Universitati
1104 1276 1165 1298 data
1181 1284 1228 1307 pro
1244 1276 1364 1299 Johanne
1379 1277 1413 1300 Le
1429 1277 1493 1307 Roy,
1510 1285 1561 1300 uno
1577 1285 1590 1300 e
1605 1278 1634 1300 24
1650 1277 1767 1300 librariis
1781 1277 1877 1308 juratis
1888 1295 2072 1302 ........
2118 1278 2161 1300 681

806 1333 898 1356 Cautio
914 1333 1087 1357 Universitati
1104 1334 1165 1356 data
1180 1342 1228 1365 pro
1241 1344 1253 1355 «
1267 1333 1345 1357 Denis
1360 1334 1508 1357 Tronchart
1525 1345 1547 1362 υ,
1562 1343 1613 1357 uno
1627 1343 1639 1357 e
1655 1335 1684 1357 24
1698 1335 1816 1358 librariis
1827 1335 1922 1366 juratis
1938 1353 2072 1359 ......
2118 1336 2162 1358 681

808 1392 871 1414 ltem
886 1399 935 1422 pro
957 1400 967 1414 α
981 1392 1045 1414 Jean
1061 1392 1176 1422 Pocquet
1190 1391 1290 1420 suisne,
1307 1391 1417 1415 libraire
1436 1392 1496 1423 jure'
1511 1400 1542 1415 en
1563 1392 1731 1416 l'Universite
1752 1393 1782 1416 de
1802 1393 1886 1423 Paris,
1907 1393 1941 1416 du
1965 1394 2073 1416 nombre

837 1436 882 1458 des
895 1435 951 1459 vint
966 1438 1059 1467 quatre
1074 1446 2072 1462 .......................................
2118 1437 2161 1460 681

806 1494 927 1516 Faeultas
949 1493 1098 1524 theologiae
1119 1493 1202 1517 Paris.
1223 1497 1351 1525 quantum
1372 1494 1405 1516 ad
1430 1494 1592 1524 Sanguinem
1617 1494 1715 1517 Christi
1739 1495 1866 1525 Rupellae
1889 1499 2072 1518 conservatum

836 1537 935 1566 definit,
953 1546 1003 1560 non
1017 1546 1168 1569 repugnare
1183 1538 1283 1569 aliquid
1300 1538 1332 1561 de
1348 1538 1481 1569 Sanguine
1495 1538 1592 1561 Christi
1609 1542 1726 1569 tempore
1737 1539 1869 1569 passionis
1885 1539 1960 1562 effusi
1974 1548 2073 1562 reman-

806 1640 928 1663 Nicolaus
943 1640 964 1663 V
976 1640 1072 1670 accipit
1088 1640 1247 1670 Sanguinem
1261 1640 1324 1663 Jesu
1336 1640 1433 1663 Christi
1450 1640 1576 1671 Rupellac
1590 1641 1662 1671 apud
1684 1641 1797 1663 Minores
1822 1645 2005 1664 conservatum
2025 1650 2072 1672 pro

837 1684 970 1715 Sanguine
986 1692 1016 1707 ex
1031 1684 1147 1715 imagine
1163 1684 1251 1715 Beryti
1270 1684 1353 1707 effuso
1361 1702 2071 1710 ............................
2117 1687 2163 1708 683

806 1742 928 1765 Nicolnus
941 1743 962 1765 V
975 1742 1084 1765 innovat
1098 1742 1209 1772 Eugenii
1225 1742 1258 1765 IV
1273 1742 1496 1766 constitutionem.
1512 1750 1563 1773 qua
1579 1743 1738 1765 damnantur
1753 1743 1903 1774 aliquorum
1922 1752 2025 1766 errores
2042 1744 2072 1766 (le

836 1786 1046 1810 confessionibus
1062 1786 1267 1809 Mendicantium
1285 1803 2070 1811 ...............................
2116 1789 2162 1811 684

806 1844 915 1867 Michael
930 1844 1042 1875 Anglici,
1059 1852 1130 1874 mag.
1146 1844 1226 1868 theol.
1240 1844 1334 1872 Paris„
1351 1844 1492 1867 canonicus
1505 1847 1530 1867 et
1545 1844 1728 1867 thesaurarius
1744 1845 1806 1868 eccl.
1821 1845 1980 1873 Ebroicens„
1998 1854 2071 1868 accu-

836 1892 910 1912 satur
923 1897 938 1911 a
954 1889 1079 1912 Miehaele
1092 1889 1123 1912 de
1143 1889 1229 1919 Epila,
1248 1897 1319 1919 mag.
1342 1888 1423 1912 theol.
1443 1888 1506 1912 Ord.
1523 1889 1626 1916 praed„
1650 1889 1681 1912 de
1697 1889 1857 1920 quibusdam
1876 1889 1995 1912 articulis
2017 1893 2070 1912 tam

837 1933 967 1956 haeresim
981 1933 1151 1964 tangentibus
1165 1941 1244 1964 quam
1259 1933 1485 1956 malesonantibus
1490 1950 2069 1957 .......................
2115 1935 2161 1957 684

806 1991 970 2014 Universitas
983 1994 1096 2022 quatuor
1111 1990 1318 2013 ambassiatores
1332 1990 1365 2013 ad
1379 1998 1468 2021 regem
1486 1990 1628 2013 mittendos
1645 1991 1719 2021 eligit
1727 2008 2070 2015 ..............
2115 1992 2160 2014 684

806 2049 970 2072 Universitas
984 2048 1098 2071 Johanni
1114 2048 1145 2071 de
1163 2049 1265 2078 Medon,
1281 2048 1409 2071 monacho
1425 2049 1451 2071 S.
1471 2048 1579 2075 Remini,
1596 2048 1626 2072 Ο.
1641 2049 1669 2072 S.
1684 2048 1723 2077 B„
1740 2048 1820 2071 electo
1837 2049 1936 2078 abbati,
1957 2049 2070 2077 assistit;

836 2097 863 2116 at
878 2093 1035 2117 Guillelmus
1054 2093 1185 2121 Fillastre,
1200 2093 1340 2123 episcopus
1360 2092 1532 2120 verdunens..
1549 2095 1578 2115 ut
1593 2093 1710 2123 ejusdem
1730 2093 1883 2116 monasterii
1902 2093 1984 2116 abbas
2001 2102 2072 2116 eom-

813 2135 819 2139 ⁴
837 2137 1015 2161 mendatarius
1029 2146 1043 2160 a
1056 2137 1163 2160 Nicolao
1181 2138 1201 2160 V
1214 2140 1239 2160 et
1252 2137 1318 2160 duce
1335 2137 1506 2168 Burgundiae
1523 2137 1603 2160 fultus
1620 2137 1755 2160 abbatiam
1770 2137 1883 2160 obtinuit
1886 2155 2070 2162 ........
2116 2139 2161 2161 685

807 2195 1016 2218 Ambassiatores
1039 2195 1113 2217 ducis
1133 2194 1301 2225 Burgundiae,
1326 2194 1357 2217 de
1380 2194 1540 2225 quibusdam
1569 2194 1727 2217 abusoribus
1751 2195 1937 2218 Universitatis
1962 2204 2071 2226 conquc-

837 2243 931 2263 runtur
949 2256 2070 2263 ............................................
2115 2242 2161 2263 685

807 2297 926 2328 Magistri
938 2300 1057 2328 regentes
1071 2296 1204 2319 facultatis
1220 2296 1365 2319 medicinae
1380 2304 1423 2319 an.
1440 2297 1543 2319 1448-49
1546 2313 2069 2320 .....................
2115 2299 2160 2321 685

809 2355 971 2378 Universitas
995 2354 1078 2378 Paris.
1100 2354 1245 2377 remedium
1261 2357 1441 2385 opportunum
1462 2353 1564 2384 quaerit
1589 2364 1601 2375 «
1616 2355 1778 2384 superfacto
1794 2354 1932 2385 eujusdam
1954 2355 2069 2377 mandati

837 2400 903 2430 regii
916 2399 1049 2430 impetrati
1064 2402 1088 2422 et
1102 2399 1230 2430 publicati
1243 2407 1290 2429 per
1305 2399 1376 2422 dom.
1392 2398 1575 2429 praepositum
1592 2398 1676 2421 Paris.
1690 2401 1781 2421 contra
1797 2398 1937 2429 privilegia
1958 2399 2069 2422 Univer-

838 2444 923 2467 sitatis
942 2454 2068 2467 ............................................
2115 2446 2160 2467 686

810 2502 947 2533 lngeranni
963 2502 993 2524 de
1009 2501 1113 2524 Parenti
1126 2501 1218 2532 petitio
1232 2501 1264 2523 ad
1276 2500 1412 2523 Nicolaum
1426 2501 1445 2523 V
1461 2500 1559 2523 directa
1573 2517 2069 2524 ....................
2115 2503 2161 2525 686

809 2560 972 2586 Universitas
988 2558 1121 2582 concludit
1136 2558 1325 2581 ambassiatum
1342 2558 1496 2581 mittendam
1509 2558 1542 2580 ad
1556 2566 1687 2580 summum
1703 2558 1852 2588 pontificem
1858 2575 2069 2582 ,,,,,,,,,
2115 2561 2160 2583 686

808 2618 959 2649 Capitulum
972 2617 1081 2640 Cisterc.
1098 2617 1129 2639 de
1142 2616 1308 2639 scholaribus
1330 2616 1437 2639 Parisiis
1442 2632 2069 2639 .........................
2115 2619 2161 2640 686

808 2675 972 2699 Universitas
986 2675 1019 2697 ab
1034 2674 1156 2697 omnibus
1168 2673 1320 2697 christianis
1336 2673 1515 2704 eleemosynas
1531 2673 1597 2703 petit
1612 2673 1637 2695 in
1655 2674 1770 2696 favorem
1791 2673 1944 2696 monasterii
1967 2674 1993 2697 S.
2012 2674 2071 2697 Vic-

838 2719 903 2743 toris
916 2719 1073 2742 Parisicnsis
1090 2720 1142 2741 sere
1156 2718 1255 2741 ruinosi
1261 2734 2069 2742 ................................
2116 2721 2160 2743 687

809 2782 976 2806 Sententiarii
996 2785 1020 2804 et
1036 2781 1129 2804 Biblini
1134 2796 2070 2804 .....................................
2116 2783 2160 2805 687

809 2844 973 2868 Universitas
987 2843 1121 2867 concludit
1133 2843 1338 2866 ambassiatores
1351 2842 1384 2865 ad
1398 2850 1485 2873 regem
1502 2842 1642 2864 mittendos
1652 2858 1864 2865 ........
1885 2862 1888 2865 .
1910 2859 2070 2866 .......
2116 2845 2161 2867 688
