<?xml version="1.0" encoding="UTF-8"?>
<!DOCTYPE html PUBLIC "-//W3C//DTD XHTML 1.0 Transitional//EN"
    "http://www.w3.org/TR/xhtml1/DTD/xhtml1-transitional.dtd">
<html xmlns="http://www.w3.org/1999/xhtml" xml:lang="en" lang="en">
 <head>
  <title>
</title>
<meta http-equiv="Content-Type" content="text/html;charset=utf-8" />
  <meta name='ocr-system' content='tesseract 3.04.00' />
  <meta name='ocr-capabilities' content='ocr_page ocr_carea ocr_par ocr_line ocrx_word'/>
</head>
<body>
  <div class='ocr_page' id='page_1' title='image "./chartulariumuniv04univuoft_0502.png"; bbox 0 0 2502 3418; ppageno 0'>
   <div class='ocr_carea' id='block_1_1' title="bbox 394 324 2265 365">
    <p class='ocr_par' dir='ltr' id='par_1_1' title="bbox 394 324 2265 365">
     <span class='ocr_line' id='line_1_1' title="bbox 394 324 2265 365; baseline 0.004 -8"><span class='ocrx_word' id='word_1_1' title='bbox 394 324 461 358; x_wconf 80' lang='lat'><em>458</em></span> <span class='ocrx_word' id='word_1_2' title='bbox 973 337 1294 360; x_wconf 72' lang='lat' dir='ltr'>CHARTULARHJM</span> <span class='ocrx_word' id='word_1_3' title='bbox 1330 339 1520 361; x_wconf 72' lang='lat' dir='ltr'><em>uuivssns.</em></span> <span class='ocrx_word' id='word_1_4' title='bbox 1558 339 1690 362; x_wconf 56' lang='lat' dir='ltr'><em>Panis.</em></span> <span class='ocrx_word' id='word_1_5' title='bbox 2165 327 2265 365; x_wconf 82' lang='lat'>[1426</span> 
     </span>
    </p>
   </div>
   <div class='ocr_carea' id='block_1_2' title="bbox 401 466 2266 608">
    <p class='ocr_par' dir='ltr' id='par_1_2' title="bbox 401 466 2266 608">
     <span class='ocr_line' id='line_1_2' title="bbox 401 466 2266 515; baseline 0.002 -12"><span class='ocrx_word' id='word_1_6' title='bbox 401 466 544 504; x_wconf 82' lang='grc'><strong>2283.</strong></span> <span class='ocrx_word' id='word_1_7' title='bbox 567 477 782 512; x_wconf 84' lang='lat' dir='ltr'><em>Propositiones</em></span> <span class='ocrx_word' id='word_1_8' title='bbox 801 477 955 512; x_wconf 77' lang='lat' dir='ltr'><em>facultatis</em></span> <span class='ocrx_word' id='word_1_9' title='bbox 975 478 1137 513; x_wconf 79' lang='lat' dir='ltr'><em>theologiae</em></span> <span class='ocrx_word' id='word_1_10' title='bbox 1158 480 1252 505; x_wconf 84' lang='lat' dir='ltr'><em>Paris.</em></span> <span class='ocrx_word' id='word_1_11' title='bbox 1277 479 1477 515; x_wconf 82' lang='lat' dir='ltr'><em>respondentis</em></span> <span class='ocrx_word' id='word_1_12' title='bbox 1498 479 1640 515; x_wconf 80' lang='lat' dir='ltr'><em>quaesitis</em></span> <span class='ocrx_word' id='word_1_13' title='bbox 1661 479 1689 505; x_wconf 89' lang='lat' dir='ltr'><em>in</em></span> <span class='ocrx_word' id='word_1_14' title='bbox 1708 479 1849 505; x_wconf 82' lang='lat' dir='ltr'><em>schedula</em></span> <span class='ocrx_word' id='word_1_15' title='bbox 1873 479 2003 506; x_wconf 72' lang='lat' dir='ltr'><em>exhibita</em></span> <span class='ocrx_word' id='word_1_16' title='bbox 2023 480 2058 506; x_wconf 88' lang='lat' dir='ltr'><em>de</em></span> <span class='ocrx_word' id='word_1_17' title='bbox 2080 480 2266 507; x_wconf 67' lang='lat' dir='ltr'><em>observandis</em></span> 
     </span>
     <span class='ocr_line' id='line_1_3' title="bbox 490 526 1007 561; baseline 0.006 -10"><span class='ocrx_word' id='word_1_18' title='bbox 490 526 591 552; x_wconf 79' lang='lat' dir='ltr'><em>diebus</em></span> <span class='ocrx_word' id='word_1_19' title='bbox 607 526 830 553; x_wconf 84' lang='lat' dir='ltr'><em>dominicalibus</em></span> <span class='ocrx_word' id='word_1_20' title='bbox 846 531 873 553; x_wconf 84' lang='lat' dir='ltr'><em>et</em></span> <span class='ocrx_word' id='word_1_21' title='bbox 886 528 1007 561; x_wconf 69' lang='lat' dir='ltr'><em>festivis.</em></span> 
     </span>
     <span class='ocr_line' id='line_1_4' title="bbox 1519 578 1978 608; baseline 0 -4"><span class='ocrx_word' id='word_1_22' title='bbox 1519 579 1593 607; x_wconf 78' lang='lat'><strong><em>7426,</em></strong></span> <span class='ocrx_word' id='word_1_23' title='bbox 1609 579 1677 604; x_wconf 83' lang='lat' dir='ltr'><em>circa</em></span> <span class='ocrx_word' id='word_1_24' title='bbox 1693 578 1811 605; x_wconf 72' lang='lat' dir='ltr'><em>Octobris</em></span> <span class='ocrx_word' id='word_1_25' title='bbox 1824 579 1848 608; x_wconf 79' lang='lat'><em>4,</em></span> <span class='ocrx_word' id='word_1_26' title='bbox 1864 579 1978 605; x_wconf 75' lang='lat' dir='ltr'><em>Parisiis.</em></span> 
     </span>
    </p>
   </div>
   <div class='ocr_carea' id='block_1_3' title="bbox 391 674 2274 2868">
    <p class='ocr_par' dir='ltr' id='par_1_3' title="bbox 398 674 2265 1244">
     <span class='ocr_line' id='line_1_5' title="bbox 490 674 2264 721; baseline 0.002 -15"><span class='ocrx_word' id='word_1_27' title='bbox 490 674 682 707; x_wconf 83' lang='lat' dir='ltr'><em>Universis</em></span> <span class='ocrx_word' id='word_1_28' title='bbox 704 686 856 719; x_wconf 78' lang='lat' dir='ltr'><em>presens</em></span> <span class='ocrx_word' id='word_1_29' title='bbox 878 675 1134 707; x_wconf 79' lang='lat' dir='ltr'>documentum</span> <span class='ocrx_word' id='word_1_30' title='bbox 1153 675 1374 720; x_wconf 83' lang='lat' dir='ltr'><em>inspecturis</em></span> <span class='ocrx_word' id='word_1_31' title='bbox 1395 675 1554 708; x_wconf 87' lang='lat' dir='ltr'><em>decanus</em></span> <span class='ocrx_word' id='word_1_32' title='bbox 1571 682 1605 708; x_wconf 93' lang='lat' dir='ltr'><em>et</em></span> <span class='ocrx_word' id='word_1_33' title='bbox 1621 676 1771 709; x_wconf 79' lang='lat' dir='ltr'><em>facultas</em></span> <span class='ocrx_word' id='word_1_34' title='bbox 1792 675 1977 721; x_wconf 84' lang='lat' dir='ltr'><em>theologie</em></span> <span class='ocrx_word' id='word_1_35' title='bbox 1994 676 2031 709; x_wconf 92' lang='lat' dir='ltr'><em>in</em></span> <span class='ocrx_word' id='word_1_36' title='bbox 2047 676 2136 710; x_wconf 89' lang='lat' dir='ltr'><em>alma</em></span> <span class='ocrx_word' id='word_1_37' title='bbox 2154 683 2264 710; x_wconf 88' lang='lat' dir='ltr'><em>matre</em></span> 
     </span>
     <span class='ocr_line' id='line_1_6' title="bbox 403 741 2261 777; baseline 0.002 -4"><span class='ocrx_word' id='word_1_38' title='bbox 403 741 646 774; x_wconf 86' lang='lat' dir='ltr'><em>Universitate</em></span> <span class='ocrx_word' id='word_1_39' title='bbox 673 742 870 774; x_wconf 89' lang='lat' dir='ltr'><em>Parisiensi</em></span> <span class='ocrx_word' id='word_1_40' title='bbox 901 742 1052 774; x_wconf 88' lang='lat' dir='ltr'><em>salutem</em></span> <span class='ocrx_word' id='word_1_41' title='bbox 1080 748 1114 774; x_wconf 88' lang='lat' dir='ltr'><em>et</em></span> <span class='ocrx_word' id='word_1_42' title='bbox 1142 741 1312 774; x_wconf 90' lang='lat' dir='ltr'><em>omnibus</em></span> <span class='ocrx_word' id='word_1_43' title='bbox 1338 742 1510 775; x_wconf 87' lang='lat' dir='ltr'><em>fidelibus</em></span> <span class='ocrx_word' id='word_1_44' title='bbox 1540 754 1603 775; x_wconf 91' lang='lat' dir='ltr'><em>cor</em></span> <span class='ocrx_word' id='word_1_45' title='bbox 1632 749 1768 776; x_wconf 84' lang='lat' dir='ltr'><em>rectum</em></span> <span class='ocrx_word' id='word_1_46' title='bbox 1799 750 1838 776; x_wconf 89' lang='lat' dir='ltr'><em>ut</em></span> <span class='ocrx_word' id='word_1_47' title='bbox 1865 743 1985 777; x_wconf 81' lang='lat' dir='ltr'><em>colant</em></span> <span class='ocrx_word' id='word_1_48' title='bbox 2014 744 2141 776; x_wconf 90' lang='lat' dir='ltr'><em>Deum.</em></span> <span class='ocrx_word' id='word_1_49' title='bbox 2173 744 2261 777; x_wconf 90' lang='lat' dir='ltr'><em>Cum</em></span> 
     </span>
     <span class='ocr_line' id='line_1_7' title="bbox 401 807 2264 856; baseline 0.002 -16"><span class='ocrx_word' id='word_1_50' title='bbox 401 807 597 853; x_wconf 84' lang='lat' dir='ltr'><em>theologici</em></span> <span class='ocrx_word' id='word_1_51' title='bbox 637 809 865 842; x_wconf 69' lang='lat' dir='ltr'><em>doctores...</em></span> <span class='ocrx_word' id='word_1_52' title='bbox 909 810 1110 854; x_wconf 88' lang='lat' dir='ltr'><em>Eapropter</em></span> <span class='ocrx_word' id='word_1_53' title='bbox 1153 821 1219 841; x_wconf 92' lang='lat' dir='ltr'><em>nos</em></span> <span class='ocrx_word' id='word_1_54' title='bbox 1260 809 1296 841; x_wconf 93' lang='lat' dir='ltr'><em>in</em></span> <span class='ocrx_word' id='word_1_55' title='bbox 1341 810 1560 854; x_wconf 77' lang='lat' dir='ltr'><em>competenti</em></span> <span class='ocrx_word' id='word_1_56' title='bbox 1600 822 1751 843; x_wconf 90' lang='lat' dir='ltr'><em>numero</em></span> <span class='ocrx_word' id='word_1_57' title='bbox 1791 811 2059 856; x_wconf 51' lang='lat' dir='ltr'><em>congregatim</em></span> <span class='ocrx_word' id='word_1_58' title='bbox 2098 811 2264 845; x_wconf 88' lang='lat' dir='ltr'><em>volentes</em></span> 
     </span>
     <span class='ocr_line' id='line_1_8' title="bbox 402 875 2262 923; baseline 0.002 -15"><span class='ocrx_word' id='word_1_59' title='bbox 402 875 602 908; x_wconf 88' lang='lat' dir='ltr'><em>secundum</em></span> <span class='ocrx_word' id='word_1_60' title='bbox 625 875 796 908; x_wconf 87' lang='lat' dir='ltr'><em>talentum</em></span> <span class='ocrx_word' id='word_1_61' title='bbox 819 875 926 909; x_wconf 89' lang='lat' dir='ltr'><em>nobis</em></span> <span class='ocrx_word' id='word_1_62' title='bbox 947 888 965 908; x_wconf 90' lang='lat' dir='ltr'><em>a</em></span> <span class='ocrx_word' id='word_1_63' title='bbox 986 876 1141 909; x_wconf 92' lang='lat' dir='ltr'><em>Domino</em></span> <span class='ocrx_word' id='word_1_64' title='bbox 1163 876 1283 909; x_wconf 88' lang='lat' dir='ltr'><em>datum</em></span> <span class='ocrx_word' id='word_1_65' title='bbox 1306 876 1493 910; x_wconf 88' lang='lat' dir='ltr'><em>devotioni</em></span> <span class='ocrx_word' id='word_1_66' title='bbox 1515 883 1549 909; x_wconf 89' lang='lat' dir='ltr'><em>et</em></span> <span class='ocrx_word' id='word_1_67' title='bbox 1570 877 1736 922; x_wconf 85' lang='lat' dir='ltr'><em>petitioni</em></span> <span class='ocrx_word' id='word_1_68' title='bbox 1757 878 1983 923; x_wconf 88' lang='lat' dir='ltr'><em>quorundam</em></span> <span class='ocrx_word' id='word_1_69' title='bbox 2000 878 2262 912; x_wconf 89' lang='lat' dir='ltr'><em>venerabilium</em></span> 
     </span>
     <span class='ocr_line' id='line_1_9' title="bbox 401 943 2263 990; baseline 0.002 -15"><span class='ocrx_word' id='word_1_70' title='bbox 401 949 435 975; x_wconf 89' lang='lat' dir='ltr'><em>et</em></span> <span class='ocrx_word' id='word_1_71' title='bbox 455 943 699 987; x_wconf 89' lang='lat' dir='ltr'><em>preclarorum</em></span> <span class='ocrx_word' id='word_1_72' title='bbox 722 943 884 990; x_wconf 77' lang='lat' dir='ltr'><em>virorum</em></span> <span class='ocrx_word' id='word_1_73' title='bbox 904 943 1065 976; x_wconf 90' lang='lat' dir='ltr'><em>Parisius</em></span> <span class='ocrx_word' id='word_1_74' title='bbox 1087 943 1297 989; x_wconf 87' lang='lat' dir='ltr'><em>degentium</em></span> <span class='ocrx_word' id='word_1_75' title='bbox 1320 944 1529 977; x_wconf 75' lang='lat' dir='ltr'><em>satisfacere</em></span> <span class='ocrx_word' id='word_1_76' title='bbox 1551 944 1595 977; x_wconf 93' lang='lat' dir='ltr'><em>de</em></span> <span class='ocrx_word' id='word_1_77' title='bbox 1612 945 1720 978; x_wconf 91' lang='lat' dir='ltr'><em>modo</em></span> <span class='ocrx_word' id='word_1_78' title='bbox 1742 945 1972 979; x_wconf 83' lang='lat' dir='ltr'><em>observantie</em></span> <span class='ocrx_word' id='word_1_79' title='bbox 1994 945 2263 979; x_wconf 85' lang='lat' dir='ltr'><em>dominicalium</em></span> 
     </span>
     <span class='ocr_line' id='line_1_10' title="bbox 400 1009 2264 1058; baseline 0.002 -16"><span class='ocrx_word' id='word_1_80' title='bbox 400 1009 539 1042; x_wconf 90' lang='lat' dir='ltr'><em>dierum</em></span> <span class='ocrx_word' id='word_1_81' title='bbox 573 1017 608 1042; x_wconf 89' lang='lat' dir='ltr'><em>et</em></span> <span class='ocrx_word' id='word_1_82' title='bbox 636 1010 811 1043; x_wconf 83' lang='lat' dir='ltr'><em>festorum</em></span> <span class='ocrx_word' id='word_1_83' title='bbox 843 1010 1099 1055; x_wconf 90' lang='lat' dir='ltr'><em>solempnium,</em></span> <span class='ocrx_word' id='word_1_84' title='bbox 1128 1010 1376 1044; x_wconf 85' lang='lat' dir='ltr'><em>submittendo</em></span> <span class='ocrx_word' id='word_1_85' title='bbox 1406 1018 1525 1044; x_wconf 89' lang='lat' dir='ltr'><em>tamen</em></span> <span class='ocrx_word' id='word_1_86' title='bbox 1561 1012 1680 1044; x_wconf 83' lang='lat' dir='ltr'><em>onmia</em></span> <span class='ocrx_word' id='word_1_87' title='bbox 1712 1019 1834 1045; x_wconf 89' lang='lat' dir='ltr'><em>nostra</em></span> <span class='ocrx_word' id='word_1_88' title='bbox 1866 1013 1958 1046; x_wconf 88' lang='lat' dir='ltr'><em>dicta</em></span> <span class='ocrx_word' id='word_1_89' title='bbox 1989 1019 2096 1058; x_wconf 87' lang='lat' dir='ltr'><em>atque</em></span> <span class='ocrx_word' id='word_1_90' title='bbox 2131 1012 2264 1058; x_wconf 87' lang='lat' dir='ltr'><em>scripta</em></span> 
     </span>
     <span class='ocr_line' id='line_1_11' title="bbox 400 1077 2265 1125; baseline 0.002 -16"><span class='ocrx_word' id='word_1_91' title='bbox 400 1077 692 1110; x_wconf 87' lang='lat' dir='ltr'><em>determinationi</em></span> <span class='ocrx_word' id='word_1_92' title='bbox 709 1083 744 1109; x_wconf 91' lang='lat' dir='ltr'><em>et</em></span> <span class='ocrx_word' id='word_1_93' title='bbox 760 1077 979 1110; x_wconf 87' lang='lat' dir='ltr'><em>correctioni</em></span> <span class='ocrx_word' id='word_1_94' title='bbox 995 1085 1224 1111; x_wconf 83' lang='lat' dir='ltr'><em>sacrosancte</em></span> <span class='ocrx_word' id='word_1_95' title='bbox 1242 1079 1400 1111; x_wconf 87' lang='lat' dir='ltr'><em>Romane</em></span> <span class='ocrx_word' id='word_1_96' title='bbox 1418 1078 1581 1111; x_wconf 82' lang='lat' dir='ltr'><em>Ecclesie</em></span> <span class='ocrx_word' id='word_1_97' title='bbox 1599 1085 1631 1111; x_wconf 86' lang='lat' dir='ltr'><em>et</em></span> <span class='ocrx_word' id='word_1_98' title='bbox 1652 1079 1850 1124; x_wconf 87' lang='lat' dir='ltr'><em>apostolice</em></span> <span class='ocrx_word' id='word_1_99' title='bbox 1867 1080 1980 1121; x_wconf 88' lang='lat' dir='ltr'><em>sedis,</em></span> <span class='ocrx_word' id='word_1_100' title='bbox 1998 1079 2265 1125; x_wconf 85' lang='lat' dir='ltr'><em>respondemus</em></span> 
     </span>
     <span class='ocr_line' id='line_1_12' title="bbox 398 1144 2264 1192; baseline 0.002 -16"><span class='ocrx_word' id='word_1_101' title='bbox 398 1144 441 1177; x_wconf 91' lang='lat' dir='ltr'><em>ad</em></span> <span class='ocrx_word' id='word_1_102' title='bbox 472 1144 620 1176; x_wconf 91' lang='lat' dir='ltr'><em>dubium</em></span> <span class='ocrx_word' id='word_1_103' title='bbox 652 1144 696 1177; x_wconf 90' lang='lat' dir='ltr'><em>de</em></span> <span class='ocrx_word' id='word_1_104' title='bbox 723 1144 826 1177; x_wconf 84' lang='lat' dir='ltr'><em>sestis</em></span> <span class='ocrx_word' id='word_1_105' title='bbox 855 1144 962 1177; x_wconf 89' lang='lat' dir='ltr'><em>nobis</em></span> <span class='ocrx_word' id='word_1_106' title='bbox 992 1145 1219 1190; x_wconf 88' lang='lat' dir='ltr'><em>propositum</em></span> <span class='ocrx_word' id='word_1_107' title='bbox 1248 1145 1316 1178; x_wconf 89' lang='lat' dir='ltr'><em>sub</em></span> <span class='ocrx_word' id='word_1_108' title='bbox 1346 1152 1444 1179; x_wconf 83' lang='lat' dir='ltr'><em>certo</em></span> <span class='ocrx_word' id='word_1_109' title='bbox 1471 1158 1622 1179; x_wconf 89' lang='lat' dir='ltr'><em>numero</em></span> <span class='ocrx_word' id='word_1_110' title='bbox 1652 1147 1955 1191; x_wconf 73' lang='lat' dir='ltr'><em>propositionum,</em></span> <span class='ocrx_word' id='word_1_111' title='bbox 1982 1159 2133 1192; x_wconf 85' lang='lat' dir='ltr'><em>quarum</em></span> <span class='ocrx_word' id='word_1_112' title='bbox 2160 1154 2264 1180; x_wconf 84' lang='lat' dir='ltr'><em>tenor</em></span> 
     </span>
     <span class='ocr_line' id='line_1_13' title="bbox 399 1211 566 1244; baseline -0.006 0"><span class='ocrx_word' id='word_1_113' title='bbox 399 1211 478 1244; x_wconf 89' lang='lat' dir='ltr'><em>talis</em></span> <span class='ocrx_word' id='word_1_114' title='bbox 500 1217 566 1243; x_wconf 90' lang='lat' dir='ltr'><em>est.</em></span> 
     </span>
    </p>

    <p class='ocr_par' dir='ltr' id='par_1_4' title="bbox 396 1278 2263 1391">
     <span class='ocr_line' id='line_1_14' title="bbox 488 1278 2263 1326; baseline 0.002 -16"><span class='ocrx_word' id='word_1_115' title='bbox 488 1280 525 1310; x_wconf 90' lang='lat' dir='ltr'><em>ln</em></span> <span class='ocrx_word' id='word_1_116' title='bbox 553 1278 699 1310; x_wconf 88' lang='lat' dir='ltr'><em>nomine</em></span> <span class='ocrx_word' id='word_1_117' title='bbox 728 1278 872 1311; x_wconf 90' lang='lat' dir='ltr'><em>Domini</em></span> <span class='ocrx_word' id='word_1_118' title='bbox 899 1279 1078 1324; x_wconf 85' lang='lat' dir='ltr'><em>incipiunt</em></span> <span class='ocrx_word' id='word_1_119' title='bbox 1105 1279 1376 1324; x_wconf 85' lang='lat' dir='ltr'><em>propositiones</em></span> <span class='ocrx_word' id='word_1_120' title='bbox 1403 1281 1616 1325; x_wconf 86' lang='lat' dir='ltr'><em>responsive</em></span> <span class='ocrx_word' id='word_1_121' title='bbox 1642 1281 1685 1313; x_wconf 92' lang='lat' dir='ltr'><em>ad</em></span> <span class='ocrx_word' id='word_1_122' title='bbox 1707 1281 1936 1326; x_wconf 80' lang='lat' dir='ltr'><em>questionem</em></span> <span class='ocrx_word' id='word_1_123' title='bbox 1963 1281 2007 1314; x_wconf 90' lang='lat' dir='ltr'><em>de</em></span> <span class='ocrx_word' id='word_1_124' title='bbox 2033 1280 2263 1315; x_wconf 84' lang='lat' dir='ltr'><em>observantia</em></span> 
     </span>
     <span class='ocr_line' id='line_1_15' title="bbox 396 1345 1608 1391; baseline 0.002 -14"><span class='ocrx_word' id='word_1_125' title='bbox 396 1345 665 1378; x_wconf 88' lang='lat' dir='ltr'><em>dominicalium</em></span> <span class='ocrx_word' id='word_1_126' title='bbox 688 1346 827 1378; x_wconf 89' lang='lat' dir='ltr'><em>dierum</em></span> <span class='ocrx_word' id='word_1_127' title='bbox 850 1353 884 1379; x_wconf 92' lang='lat' dir='ltr'><em>et</em></span> <span class='ocrx_word' id='word_1_128' title='bbox 901 1346 1157 1391; x_wconf 89' lang='lat' dir='ltr'><em>precipuorum</em></span> <span class='ocrx_word' id='word_1_129' title='bbox 1180 1346 1397 1379; x_wconf 85' lang='lat' dir='ltr'><em>solemnium</em></span> <span class='ocrx_word' id='word_1_130' title='bbox 1419 1348 1608 1380; x_wconf 88' lang='lat' dir='ltr'><em>festorum.</em></span> 
     </span>
    </p>

    <p class='ocr_par' dir='ltr' id='par_1_5' title="bbox 393 1412 2274 2333">
     <span class='ocr_line' id='line_1_16' title="bbox 484 1412 2261 1457; baseline 0.002 -13"><span class='ocrx_word' id='word_1_131' title='bbox 484 1412 627 1453; x_wconf 84' lang='lat' dir='ltr'><em>[P]ri1na</em></span> <span class='ocrx_word' id='word_1_132' title='bbox 654 1413 869 1457; x_wconf 83' lang='lat' dir='ltr'><em>propositio.</em></span> <span class='ocrx_word' id='word_1_133' title='bbox 897 1413 1069 1456; x_wconf 87' lang='lat' dir='ltr'><em>Quelibet</em></span> <span class='ocrx_word' id='word_1_134' title='bbox 1093 1420 1256 1446; x_wconf 90' lang='lat' dir='ltr'><em>creatura</em></span> <span class='ocrx_word' id='word_1_135' title='bbox 1282 1414 1469 1447; x_wconf 88' lang='lat' dir='ltr'><em>rationalis</em></span> <span class='ocrx_word' id='word_1_136' title='bbox 1493 1414 1631 1448; x_wconf 91' lang='lat' dir='ltr'><em>habens</em></span> <span class='ocrx_word' id='word_1_137' title='bbox 1655 1427 1760 1448; x_wconf 90' lang='lat' dir='ltr'><em>usum</em></span> <span class='ocrx_word' id='word_1_138' title='bbox 1788 1415 1938 1448; x_wconf 86' lang='lat' dir='ltr'><em>rationis</em></span> <span class='ocrx_word' id='word_1_139' title='bbox 1964 1415 2001 1447; x_wconf 91' lang='lat' dir='ltr'><em>in</em></span> <span class='ocrx_word' id='word_1_140' title='bbox 2027 1415 2091 1448; x_wconf 89' lang='lat' dir='ltr'><em>hac</em></span> <span class='ocrx_word' id='word_1_141' title='bbox 2119 1416 2202 1456; x_wconf 88' lang='lat' dir='ltr'><em>vita,</em></span> <span class='ocrx_word' id='word_1_142' title='bbox 2226 1416 2261 1448; x_wconf 90' lang='lat' dir='ltr'><em>in</em></span> 
     </span>
     <span class='ocr_line' id='line_1_17' title="bbox 395 1479 2262 1527; baseline 0.002 -16"><span class='ocrx_word' id='word_1_143' title='bbox 395 1479 516 1524; x_wconf 90' lang='lat' dir='ltr'><em>aliquo</em></span> <span class='ocrx_word' id='word_1_144' title='bbox 538 1486 700 1524; x_wconf 88' lang='lat' dir='ltr'><em>tempore</em></span> <span class='ocrx_word' id='word_1_145' title='bbox 719 1486 862 1513; x_wconf 85' lang='lat' dir='ltr'><em>tenetur</em></span> <span class='ocrx_word' id='word_1_146' title='bbox 882 1481 958 1513; x_wconf 88' lang='lat' dir='ltr'><em>Deo</em></span> <span class='ocrx_word' id='word_1_147' title='bbox 976 1480 1109 1513; x_wconf 89' lang='lat' dir='ltr'><em>cultum</em></span> <span class='ocrx_word' id='word_1_148' title='bbox 1132 1480 1235 1514; x_wconf 87' lang='lat' dir='ltr'><em>latrie</em></span> <span class='ocrx_word' id='word_1_149' title='bbox 1253 1481 1438 1514; x_wconf 86' lang='lat' dir='ltr'><em>exhibere.</em></span> <span class='ocrx_word' id='word_1_150' title='bbox 1457 1481 1634 1515; x_wconf 84' lang='lat' dir='ltr'><em>Probatur</em></span> <span class='ocrx_word' id='word_1_151' title='bbox 1651 1483 1733 1527; x_wconf 90' lang='lat' dir='ltr'><em>quia</em></span> <span class='ocrx_word' id='word_1_152' title='bbox 1751 1482 1899 1515; x_wconf 87' lang='lat' dir='ltr'><em>cuilibet</em></span> <span class='ocrx_word' id='word_1_153' title='bbox 1917 1489 2080 1515; x_wconf 87' lang='lat' dir='ltr'><em>creature</em></span> <span class='ocrx_word' id='word_1_154' title='bbox 2099 1483 2262 1516; x_wconf 85' lang='lat' dir='ltr'><em>rationali</em></span> 
     </span>
     <span class='ocr_line' id='line_1_18' title="bbox 395 1546 2262 1595; baseline 0.002 -16"><span class='ocrx_word' id='word_1_155' title='bbox 395 1547 488 1579; x_wconf 83' lang='lat' dir='ltr'><em>inest</em></span> <span class='ocrx_word' id='word_1_156' title='bbox 515 1546 688 1579; x_wconf 88' lang='lat' dir='ltr'><em>naturalis</em></span> <span class='ocrx_word' id='word_1_157' title='bbox 715 1547 902 1580; x_wconf 88' lang='lat' dir='ltr'><em>inclinatio</em></span> <span class='ocrx_word' id='word_1_158' title='bbox 928 1547 971 1580; x_wconf 90' lang='lat' dir='ltr'><em>ad</em></span> <span class='ocrx_word' id='word_1_159' title='bbox 999 1547 1081 1589; x_wconf 84' lang='lat' dir='ltr'><em>hoc,</em></span> <span class='ocrx_word' id='word_1_160' title='bbox 1107 1548 1205 1592; x_wconf 89' lang='lat' dir='ltr'><em>quod</em></span> <span class='ocrx_word' id='word_1_161' title='bbox 1231 1548 1381 1581; x_wconf 89' lang='lat' dir='ltr'><em>cuilibet</em></span> <span class='ocrx_word' id='word_1_162' title='bbox 1402 1548 1454 1581; x_wconf 88' lang='lat' dir='ltr'><em>rei</em></span> <span class='ocrx_word' id='word_1_163' title='bbox 1480 1549 1686 1582; x_wconf 86' lang='lat' dir='ltr'><em>necessarie</em></span> <span class='ocrx_word' id='word_1_164' title='bbox 1713 1549 1908 1594; x_wconf 88' lang='lat' dir='ltr'><em>deputetur</em></span> <span class='ocrx_word' id='word_1_165' title='bbox 1932 1549 2079 1594; x_wconf 87' lang='lat' dir='ltr'><em>aliquod</em></span> <span class='ocrx_word' id='word_1_166' title='bbox 2106 1556 2262 1595; x_wconf 87' lang='lat' dir='ltr'><em>tempus,</em></span> 
     </span>
     <span class='ocr_line' id='line_1_19' title="bbox 396 1614 2263 1661; baseline 0.002 -15"><span class='ocrx_word' id='word_1_167' title='bbox 396 1620 434 1646; x_wconf 89' lang='lat' dir='ltr'><em>ut</em></span> <span class='ocrx_word' id='word_1_168' title='bbox 463 1614 643 1659; x_wconf 86' lang='lat' dir='ltr'><em>corporali</em></span> <span class='ocrx_word' id='word_1_169' title='bbox 671 1614 861 1647; x_wconf 82' lang='lat' dir='ltr'><em>refectioni</em></span> <span class='ocrx_word' id='word_1_170' title='bbox 889 1626 1083 1660; x_wconf 78' lang='lat' dir='ltr'><em>sotnpnus3</em></span> <span class='ocrx_word' id='word_1_171' title='bbox 1107 1615 1203 1647; x_wconf 91' lang='lat' dir='ltr'><em>unde</em></span> <span class='ocrx_word' id='word_1_172' title='bbox 1231 1622 1266 1648; x_wconf 91' lang='lat' dir='ltr'><em>et</em></span> <span class='ocrx_word' id='word_1_173' title='bbox 1293 1615 1474 1660; x_wconf 88' lang='lat' dir='ltr'><em>spirituali</em></span> <span class='ocrx_word' id='word_1_174' title='bbox 1502 1616 1691 1649; x_wconf 86' lang='lat' dir='ltr'><em>refectioni</em></span> <span class='ocrx_word' id='word_1_175' title='bbox 1719 1628 1788 1661; x_wconf 88' lang='lat' dir='ltr'><em>qua</em></span> <span class='ocrx_word' id='word_1_176' title='bbox 1814 1628 1917 1649; x_wconf 89' lang='lat' dir='ltr'><em>mens</em></span> <span class='ocrx_word' id='word_1_177' title='bbox 1942 1616 2100 1650; x_wconf 90' lang='lat' dir='ltr'><em>hominis</em></span> <span class='ocrx_word' id='word_1_178' title='bbox 2126 1617 2161 1649; x_wconf 90' lang='lat' dir='ltr'><em>in</em></span> <span class='ocrx_word' id='word_1_179' title='bbox 2188 1618 2263 1650; x_wconf 90' lang='lat' dir='ltr'><em>Deo</em></span> 
     </span>
     <span class='ocr_line' id='line_1_20' title="bbox 395 1681 2261 1731; baseline 0.002 -18"><span class='ocrx_word' id='word_1_180' title='bbox 395 1681 567 1722; x_wconf 86' lang='lat' dir='ltr'><em>reficitur,</em></span> <span class='ocrx_word' id='word_1_181' title='bbox 591 1682 792 1714; x_wconf 88' lang='lat' dir='ltr'><em>seeundum</em></span> <span class='ocrx_word' id='word_1_182' title='bbox 814 1682 993 1715; x_wconf 89' lang='lat' dir='ltr'><em>dictamen</em></span> <span class='ocrx_word' id='word_1_183' title='bbox 1014 1682 1165 1715; x_wconf 89' lang='lat' dir='ltr'><em>rationis</em></span> <span class='ocrx_word' id='word_1_184' title='bbox 1191 1683 1366 1716; x_wconf 88' lang='lat' dir='ltr'><em>naturalis</em></span> <span class='ocrx_word' id='word_1_185' title='bbox 1391 1683 1539 1728; x_wconf 90' lang='lat' dir='ltr'><em>aliquod</em></span> <span class='ocrx_word' id='word_1_186' title='bbox 1565 1690 1706 1729; x_wconf 89' lang='lat' dir='ltr'><em>tempus</em></span> <span class='ocrx_word' id='word_1_187' title='bbox 1733 1684 1882 1731; x_wconf 87' lang='lat' dir='ltr'><em>deputat</em></span> <span class='ocrx_word' id='word_1_188' title='bbox 1908 1683 2028 1717; x_wconf 90' lang='lat' dir='ltr'><em>homo.</em></span> <span class='ocrx_word' id='word_1_189' title='bbox 2060 1685 2172 1729; x_wconf 87' lang='lat' dir='ltr'><em>Ergo,</em></span> <span class='ocrx_word' id='word_1_190' title='bbox 2193 1691 2261 1717; x_wconf 87' lang='lat' dir='ltr'><em>etc.</em></span> 
     </span>
     <span class='ocr_line' id='line_1_21' title="bbox 395 1748 2263 1796; baseline 0.002 -15"><span class='ocrx_word' id='word_1_191' title='bbox 395 1748 638 1782; x_wconf 87' lang='lat' dir='ltr'><em>Confirmatur</em></span> <span class='ocrx_word' id='word_1_192' title='bbox 664 1761 728 1794; x_wconf 87' lang='lat' dir='ltr'><em>per</em></span> <span class='ocrx_word' id='word_1_193' title='bbox 755 1749 845 1781; x_wconf 93' lang='lat' dir='ltr'><em>illud</em></span> <span class='ocrx_word' id='word_1_194' title='bbox 870 1749 996 1783; x_wconf 82' lang='lat' dir='ltr'><em>Exodi</em></span> <span class='ocrx_word' id='word_1_195' title='bbox 1016 1751 1097 1782; x_wconf 88' lang='lat' dir='ltr'><em>XX⁰</em></span> <span class='ocrx_word' id='word_1_196' title='bbox 1121 1762 1127 1782; x_wconf 91' lang='lat'>:</span> <span class='ocrx_word' id='word_1_197' title='bbox 1152 1764 1167 1781; x_wconf 90' lang='lat'>«</span> <span class='ocrx_word' id='word_1_198' title='bbox 1193 1751 1269 1795; x_wconf 79' lang='lat' dir='ltr'><em>Ego</em></span> <span class='ocrx_word' id='word_1_199' title='bbox 1292 1762 1370 1783; x_wconf 87' lang='lat' dir='ltr'><em>sum</em></span> <span class='ocrx_word' id='word_1_200' title='bbox 1394 1751 1571 1783; x_wconf 84' lang='lat' dir='ltr'><em>Dominus</em></span> <span class='ocrx_word' id='word_1_201' title='bbox 1595 1752 1693 1784; x_wconf 89' lang='lat' dir='ltr'><em>Deus</em></span> <span class='ocrx_word' id='word_1_202' title='bbox 1715 1758 1799 1784; x_wconf 90' lang='lat' dir='ltr'><em>tuus</em></span> <span class='ocrx_word' id='word_1_203' title='bbox 1820 1751 1881 1796; x_wconf 89' lang='lat' dir='ltr'><em>qui</em></span> <span class='ocrx_word' id='word_1_204' title='bbox 1908 1751 2015 1784; x_wconf 87' lang='lat' dir='ltr'><em>eduxi</em></span> <span class='ocrx_word' id='word_1_205' title='bbox 2041 1757 2075 1784; x_wconf 90' lang='lat' dir='ltr'><em>te</em></span> <span class='ocrx_word' id='word_1_206' title='bbox 2098 1751 2142 1784; x_wconf 89' lang='lat' dir='ltr'><em>de</em></span> <span class='ocrx_word' id='word_1_207' title='bbox 2168 1758 2263 1785; x_wconf 91' lang='lat' dir='ltr'><em>terra</em></span> 
     </span>
     <span class='ocr_line' id='line_1_22' title="bbox 395 1816 2259 1863; baseline 0.002 -15"><span class='ocrx_word' id='word_1_208' title='bbox 395 1816 515 1861; x_wconf 87' lang='lat' dir='ltr'><em>Egipti</em></span> <span class='ocrx_word' id='word_1_209' title='bbox 537 1823 572 1849; x_wconf 86' lang='lat' dir='ltr'><em>et</em></span> <span class='ocrx_word' id='word_1_210' title='bbox 597 1816 641 1848; x_wconf 87' lang='lat' dir='ltr'><em>de</em></span> <span class='ocrx_word' id='word_1_211' title='bbox 672 1816 779 1849; x_wconf 91' lang='lat' dir='ltr'><em>domo</em></span> <span class='ocrx_word' id='word_1_212' title='bbox 806 1817 993 1850; x_wconf 88' lang='lat' dir='ltr'><em>servitutis</em></span> <span class='ocrx_word' id='word_1_213' title='bbox 1021 1830 1050 1858; x_wconf 83' lang='lat'><em>»,</em></span> <span class='ocrx_word' id='word_1_214' title='bbox 1074 1824 1158 1858; x_wconf 67' lang='lat' dir='ltr'><em>ete,</em></span> <span class='ocrx_word' id='word_1_215' title='bbox 1178 1818 1274 1851; x_wconf 80' lang='lat' dir='ltr'><em>Deus</em></span> <span class='ocrx_word' id='word_1_216' title='bbox 1298 1818 1439 1851; x_wconf 87' lang='lat' dir='ltr'><em>scilicet</em></span> <span class='ocrx_word' id='word_1_217' title='bbox 1466 1830 1530 1863; x_wconf 91' lang='lat' dir='ltr'><em>per</em></span> <span class='ocrx_word' id='word_1_218' title='bbox 1555 1818 1764 1863; x_wconf 87' lang='lat' dir='ltr'><em>generalem</em></span> <span class='ocrx_word' id='word_1_219' title='bbox 1791 1818 1917 1851; x_wconf 89' lang='lat' dir='ltr'><em>mundi</em></span> <span class='ocrx_word' id='word_1_220' title='bbox 1938 1816 2259 1863; x_wconf 83' lang='lat' dir='ltr'><em>gubernationem,</em></span> 
     </span>
     <span class='ocr_line' id='line_1_23' title="bbox 393 1883 2259 1931; baseline 0.002 -16"><span class='ocrx_word' id='word_1_221' title='bbox 393 1884 487 1916; x_wconf 77' lang='lat' dir='ltr'><em>Deus</em></span> <span class='ocrx_word' id='word_1_222' title='bbox 516 1895 581 1928; x_wconf 89' lang='lat' dir='ltr'><em>per</em></span> <span class='ocrx_word' id='word_1_223' title='bbox 608 1883 733 1916; x_wconf 86' lang='lat' dir='ltr'><em>mundi</em></span> <span class='ocrx_word' id='word_1_224' title='bbox 763 1884 997 1925; x_wconf 78' lang='lat' dir='ltr'><em>creationem,</em></span> <span class='ocrx_word' id='word_1_225' title='bbox 1026 1885 1123 1918; x_wconf 84' lang='lat' dir='ltr'><em>tuus¹</em></span> <span class='ocrx_word' id='word_1_226' title='bbox 1157 1896 1222 1930; x_wconf 90' lang='lat' dir='ltr'><em>per</em></span> <span class='ocrx_word' id='word_1_227' title='bbox 1254 1885 1448 1930; x_wconf 86' lang='lat' dir='ltr'><em>specialem</em></span> <span class='ocrx_word' id='word_1_228' title='bbox 1479 1886 1811 1931; x_wconf 86' lang='lat' dir='ltr'><em>appropriationem</em></span> <span class='ocrx_word' id='word_1_229' title='bbox 1842 1897 1905 1930; x_wconf 90' lang='lat' dir='ltr'><em>pre</em></span> <span class='ocrx_word' id='word_1_230' title='bbox 1939 1885 2071 1918; x_wconf 89' lang='lat' dir='ltr'><em>ceteris</em></span> <span class='ocrx_word' id='word_1_231' title='bbox 2101 1885 2259 1930; x_wconf 88' lang='lat' dir='ltr'><em>populis.</em></span> 
     </span>
     <span class='ocr_line' id='line_1_24' title="bbox 395 1950 2261 1998; baseline 0.002 -15"><span class='ocrx_word' id='word_1_232' title='bbox 395 1951 561 1983; x_wconf 89' lang='lat' dir='ltr'><em>Preterea</em></span> <span class='ocrx_word' id='word_1_233' title='bbox 587 1950 691 1983; x_wconf 85' lang='lat' dir='ltr'><em>latrie</em></span> <span class='ocrx_word' id='word_1_234' title='bbox 717 1950 836 1983; x_wconf 86' lang='lat' dir='ltr'><em>cultus</em></span> <span class='ocrx_word' id='word_1_235' title='bbox 866 1950 1021 1984; x_wconf 90' lang='lat' dir='ltr'><em>debetur</em></span> <span class='ocrx_word' id='word_1_236' title='bbox 1045 1953 1121 1985; x_wconf 92' lang='lat' dir='ltr'><em>Deo</em></span> <span class='ocrx_word' id='word_1_237' title='bbox 1143 1952 1226 1996; x_wconf 88' lang='lat' dir='ltr'><em>jure</em></span> <span class='ocrx_word' id='word_1_238' title='bbox 1252 1952 1462 1994; x_wconf 87' lang='lat' dir='ltr'><em>creationis,</em></span> <span class='ocrx_word' id='word_1_239' title='bbox 1490 1953 1780 1986; x_wconf 90' lang='lat' dir='ltr'><em>conservationis</em></span> <span class='ocrx_word' id='word_1_240' title='bbox 1806 1959 1841 1985; x_wconf 89' lang='lat' dir='ltr'><em>et</em></span> <span class='ocrx_word' id='word_1_241' title='bbox 1870 1952 2054 1998; x_wconf 87' lang='lat' dir='ltr'><em>generalis</em></span> <span class='ocrx_word' id='word_1_242' title='bbox 2080 1952 2261 1997; x_wconf 83' lang='lat' dir='ltr'><em>guberna-</em></span> 
     </span>
     <span class='ocr_line' id='line_1_25' title="bbox 395 2017 2260 2064; baseline 0.002 -15"><span class='ocrx_word' id='word_1_243' title='bbox 395 2017 518 2057; x_wconf 84' lang='lat' dir='ltr'><em>tionis,</em></span> <span class='ocrx_word' id='word_1_244' title='bbox 541 2023 575 2049; x_wconf 89' lang='lat' dir='ltr'><em>et</em></span> <span class='ocrx_word' id='word_1_245' title='bbox 595 2017 676 2061; x_wconf 90' lang='lat' dir='ltr'><em>quia</em></span> <span class='ocrx_word' id='word_1_246' title='bbox 699 2017 735 2049; x_wconf 91' lang='lat' dir='ltr'><em>in</em></span> <span class='ocrx_word' id='word_1_247' title='bbox 756 2029 799 2050; x_wconf 91' lang='lat' dir='ltr'><em>eo</em></span> <span class='ocrx_word' id='word_1_248' title='bbox 821 2024 876 2050; x_wconf 88' lang='lat' dir='ltr'><em>est</em></span> <span class='ocrx_word' id='word_1_249' title='bbox 897 2030 1034 2050; x_wconf 86' lang='lat' dir='ltr'><em>summa</em></span> <span class='ocrx_word' id='word_1_250' title='bbox 1056 2019 1146 2051; x_wconf 88' lang='lat' dir='ltr'><em>ratio</em></span> <span class='ocrx_word' id='word_1_251' title='bbox 1169 2019 1366 2063; x_wconf 84' lang='lat' dir='ltr'><em>majestatis</em></span> <span class='ocrx_word' id='word_1_252' title='bbox 1388 2026 1423 2052; x_wconf 89' lang='lat' dir='ltr'><em>et</em></span> <span class='ocrx_word' id='word_1_253' title='bbox 1443 2019 1670 2052; x_wconf 89' lang='lat' dir='ltr'><em>excellentie.</em></span> <span class='ocrx_word' id='word_1_254' title='bbox 1693 2021 1780 2052; x_wconf 91' lang='lat' dir='ltr'><em>Nam</em></span> <span class='ocrx_word' id='word_1_255' title='bbox 1801 2031 1865 2064; x_wconf 89' lang='lat' dir='ltr'><em>per</em></span> <span class='ocrx_word' id='word_1_256' title='bbox 1886 2019 2023 2052; x_wconf 87' lang='lat' dir='ltr'><em>latriam</em></span> <span class='ocrx_word' id='word_1_257' title='bbox 2047 2018 2260 2053; x_wconf 87' lang='lat' dir='ltr'><em>exhibemus</em></span> 
     </span>
     <span class='ocr_line' id='line_1_26' title="bbox 395 2084 2274 2131; baseline 0.002 -15"><span class='ocrx_word' id='word_1_258' title='bbox 395 2084 633 2117; x_wconf 86' lang='lat' dir='ltr'><em>reverentiam</em></span> <span class='ocrx_word' id='word_1_259' title='bbox 662 2091 696 2117; x_wconf 88' lang='lat' dir='ltr'><em>et</em></span> <span class='ocrx_word' id='word_1_260' title='bbox 721 2084 937 2129; x_wconf 90' lang='lat' dir='ltr'><em>obsequium</em></span> <span class='ocrx_word' id='word_1_261' title='bbox 964 2086 1082 2118; x_wconf 77' lang='lat' dir='ltr'><em>Deo...</em></span> <span class='ocrx_word' id='word_1_262' title='bbox 1111 2087 1185 2118; x_wconf 92' lang='lat' dir='ltr'><em>Hoc</em></span> <span class='ocrx_word' id='word_1_263' title='bbox 1216 2093 1333 2119; x_wconf 87' lang='lat' dir='ltr'><em>autem</em></span> <span class='ocrx_word' id='word_1_264' title='bbox 1365 2086 1403 2119; x_wconf 81' lang='lat' dir='ltr'><em>fit</em></span> <span class='ocrx_word' id='word_1_265' title='bbox 1430 2087 1575 2131; x_wconf 90' lang='lat' dir='ltr'><em>quando</em></span> <span class='ocrx_word' id='word_1_266' title='bbox 1602 2087 1801 2119; x_wconf 90' lang='lat' dir='ltr'><em>seeundum</em></span> <span class='ocrx_word' id='word_1_267' title='bbox 1829 2087 1980 2119; x_wconf 88' lang='lat' dir='ltr'><em>animam</em></span> <span class='ocrx_word' id='word_1_268' title='bbox 2008 2086 2065 2119; x_wconf 90' lang='lat' dir='ltr'><em>vel</em></span> <span class='ocrx_word' id='word_1_269' title='bbox 2093 2087 2274 2131; x_wconf 40' lang='lat' dir='ltr'><em>spiritum*</em></span> 
     </span>
     <span class='ocr_line' id='line_1_27' title="bbox 395 2151 2258 2199; baseline 0.002 -16"><span class='ocrx_word' id='word_1_270' title='bbox 395 2151 607 2184; x_wconf 82' lang='lat' dir='ltr'><em>exhibemus</em></span> <span class='ocrx_word' id='word_1_271' title='bbox 629 2153 704 2184; x_wconf 91' lang='lat' dir='ltr'><em>Deo</em></span> <span class='ocrx_word' id='word_1_272' title='bbox 727 2151 883 2184; x_wconf 87' lang='lat' dir='ltr'><em>debitam</em></span> <span class='ocrx_word' id='word_1_273' title='bbox 906 2152 1154 2191; x_wconf 82' lang='lat' dir='ltr'><em>dilectionem,</em></span> <span class='ocrx_word' id='word_1_274' title='bbox 1176 2153 1376 2186; x_wconf 84' lang='lat' dir='ltr'><em>secundum</em></span> <span class='ocrx_word' id='word_1_275' title='bbox 1399 2166 1533 2198; x_wconf 88' lang='lat' dir='ltr'><em>corpus</em></span> <span class='ocrx_word' id='word_1_276' title='bbox 1555 2154 1819 2199; x_wconf 77' lang='lat' dir='ltr'><em>prostrationes</em></span> <span class='ocrx_word' id='word_1_277' title='bbox 1841 2161 1876 2187; x_wconf 86' lang='lat' dir='ltr'><em>et</em></span> <span class='ocrx_word' id='word_1_278' title='bbox 1895 2160 2035 2194; x_wconf 87' lang='lat' dir='ltr'><em>cantus,</em></span> <span class='ocrx_word' id='word_1_279' title='bbox 2058 2154 2258 2187; x_wconf 87' lang='lat' dir='ltr'><em>secundum</em></span> 
     </span>
     <span class='ocr_line' id='line_1_28' title="bbox 394 2218 2265 2266; baseline 0.002 -15"><span class='ocrx_word' id='word_1_280' title='bbox 394 2226 510 2251; x_wconf 90' lang='lat' dir='ltr'><em>autem</em></span> <span class='ocrx_word' id='word_1_281' title='bbox 533 2219 710 2252; x_wconf 85' lang='lat' dir='ltr'><em>exteriora</em></span> <span class='ocrx_word' id='word_1_282' title='bbox 732 2218 950 2260; x_wconf 89' lang='lat' dir='ltr'><em>oblationes,</em></span> <span class='ocrx_word' id='word_1_283' title='bbox 972 2219 1160 2252; x_wconf 88' lang='lat' dir='ltr'><em>luminaria</em></span> <span class='ocrx_word' id='word_1_284' title='bbox 1183 2227 1215 2253; x_wconf 93' lang='lat' dir='ltr'><em>et</em></span> <span class='ocrx_word' id='word_1_285' title='bbox 1241 2220 1464 2265; x_wconf 89' lang='lat' dir='ltr'><em>hujusmodi,</em></span> <span class='ocrx_word' id='word_1_286' title='bbox 1488 2233 1558 2266; x_wconf 88' lang='lat' dir='ltr'><em>que</em></span> <span class='ocrx_word' id='word_1_287' title='bbox 1580 2222 1656 2254; x_wconf 91' lang='lat' dir='ltr'><em>Deo</em></span> <span class='ocrx_word' id='word_1_288' title='bbox 1679 2221 1893 2254; x_wconf 86' lang='lat' dir='ltr'><em>exhibemus</em></span> <span class='ocrx_word' id='word_1_289' title='bbox 1915 2233 1988 2254; x_wconf 91' lang='lat' dir='ltr'><em>non</em></span> <span class='ocrx_word' id='word_1_290' title='bbox 2011 2227 2159 2266; x_wconf 88' lang='lat' dir='ltr'><em>propter</em></span> <span class='ocrx_word' id='word_1_291' title='bbox 2179 2222 2265 2266; x_wconf 86' lang='lat' dir='ltr'><em>ejus</em></span> 
     </span>
     <span class='ocr_line' id='line_1_29' title="bbox 395 2286 1744 2333; baseline 0.002 -15"><span class='ocrx_word' id='word_1_292' title='bbox 395 2286 646 2330; x_wconf 87' lang='lat' dir='ltr'><em>indigentiam,</em></span> <span class='ocrx_word' id='word_1_293' title='bbox 664 2286 730 2318; x_wconf 91' lang='lat' dir='ltr'><em>sed</em></span> <span class='ocrx_word' id='word_1_294' title='bbox 751 2286 787 2318; x_wconf 92' lang='lat' dir='ltr'><em>in</em></span> <span class='ocrx_word' id='word_1_295' title='bbox 809 2287 1112 2332; x_wconf 87' lang='lat' dir='ltr'><em>recognitionem,</em></span> <span class='ocrx_word' id='word_1_296' title='bbox 1134 2287 1231 2332; x_wconf 91' lang='lat' dir='ltr'><em>quod</em></span> <span class='ocrx_word' id='word_1_297' title='bbox 1253 2288 1372 2320; x_wconf 85' lang='lat' dir='ltr'><em>onmia</em></span> <span class='ocrx_word' id='word_1_298' title='bbox 1393 2287 1436 2320; x_wconf 87' lang='lat' dir='ltr'><em>ab</em></span> <span class='ocrx_word' id='word_1_299' title='bbox 1457 2288 1538 2333; x_wconf 91' lang='lat' dir='ltr'><em>ipso</em></span> <span class='ocrx_word' id='word_1_300' title='bbox 1555 2288 1744 2321; x_wconf 86' lang='lat' dir='ltr'><em>habemus.</em></span> 
     </span>
    </p>

    <p class='ocr_par' dir='ltr' id='par_1_6' title="bbox 392 2353 2258 2521">
     <span class='ocr_line' id='line_1_30' title="bbox 484 2353 2258 2400; baseline 0.001 -14"><span class='ocrx_word' id='word_1_301' title='bbox 484 2353 647 2386; x_wconf 88' lang='lat' dir='ltr'><em>Secunda</em></span> <span class='ocrx_word' id='word_1_302' title='bbox 669 2353 885 2398; x_wconf 87' lang='lat' dir='ltr'><em>propositio.</em></span> <span class='ocrx_word' id='word_1_303' title='bbox 909 2354 1172 2387; x_wconf 87' lang='lat' dir='ltr'><em>Determinatio</em></span> <span class='ocrx_word' id='word_1_304' title='bbox 1196 2355 1371 2399; x_wconf 89' lang='lat' dir='ltr'><em>temporis</em></span> <span class='ocrx_word' id='word_1_305' title='bbox 1397 2355 1434 2387; x_wconf 91' lang='lat' dir='ltr'><em>in</em></span> <span class='ocrx_word' id='word_1_306' title='bbox 1459 2355 1573 2389; x_wconf 91' lang='lat' dir='ltr'><em>veteri</em></span> <span class='ocrx_word' id='word_1_307' title='bbox 1599 2355 1681 2400; x_wconf 88' lang='lat' dir='ltr'><em>lege</em></span> <span class='ocrx_word' id='word_1_308' title='bbox 1704 2355 1747 2388; x_wconf 89' lang='lat' dir='ltr'><em>ad</em></span> <span class='ocrx_word' id='word_1_309' title='bbox 1771 2356 1969 2388; x_wconf 89' lang='lat' dir='ltr'><em>vacandum</em></span> <span class='ocrx_word' id='word_1_310' title='bbox 1996 2356 2119 2389; x_wconf 93' lang='lat' dir='ltr'><em>divino</em></span> <span class='ocrx_word' id='word_1_311' title='bbox 2145 2355 2258 2389; x_wconf 88' lang='lat' dir='ltr'><em>cultui</em></span> 
     </span>
     <span class='ocr_line' id='line_1_31' title="bbox 392 2419 2257 2468; baseline 0.002 -16"><span class='ocrx_word' id='word_1_312' title='bbox 392 2420 480 2452; x_wconf 83' lang='lat' dir='ltr'><em>sacta</em></span> <span class='ocrx_word' id='word_1_313' title='bbox 502 2427 557 2452; x_wconf 87' lang='lat' dir='ltr'><em>est</em></span> <span class='ocrx_word' id='word_1_314' title='bbox 577 2419 839 2453; x_wconf 89' lang='lat' dir='ltr'><em>rationabiliter</em></span> <span class='ocrx_word' id='word_1_315' title='bbox 859 2420 902 2453; x_wconf 91' lang='lat' dir='ltr'><em>ad</em></span> <span class='ocrx_word' id='word_1_316' title='bbox 924 2421 1016 2453; x_wconf 88' lang='lat' dir='ltr'><em>diem</em></span> <span class='ocrx_word' id='word_1_317' title='bbox 1040 2420 1179 2453; x_wconf 89' lang='lat' dir='ltr'><em>sabbati</em></span> <span class='ocrx_word' id='word_1_318' title='bbox 1201 2427 1236 2454; x_wconf 89' lang='lat' dir='ltr'><em>et</em></span> <span class='ocrx_word' id='word_1_319' title='bbox 1251 2421 1338 2454; x_wconf 90' lang='lat' dir='ltr'><em>alias</em></span> <span class='ocrx_word' id='word_1_320' title='bbox 1354 2422 1568 2455; x_wconf 86' lang='lat' dir='ltr'><em>festivitates</em></span> <span class='ocrx_word' id='word_1_321' title='bbox 1585 2422 1719 2456; x_wconf 89' lang='lat' dir='ltr'><em>veteris</em></span> <span class='ocrx_word' id='word_1_322' title='bbox 1738 2423 1953 2455; x_wconf 86' lang='lat' dir='ltr'><em>testamenti.</em></span> <span class='ocrx_word' id='word_1_323' title='bbox 1973 2424 2070 2456; x_wconf 91' lang='lat' dir='ltr'><em>Patet</em></span> <span class='ocrx_word' id='word_1_324' title='bbox 2087 2434 2151 2468; x_wconf 90' lang='lat' dir='ltr'><em>per</em></span> <span class='ocrx_word' id='word_1_325' title='bbox 2167 2422 2257 2455; x_wconf 89' lang='lat' dir='ltr'><em>illud</em></span> 
     </span>
     <span class='ocr_line' id='line_1_32' title="bbox 392 2487 778 2521; baseline -0.003 -1"><span class='ocrx_word' id='word_1_326' title='bbox 392 2487 545 2520; x_wconf 79' lang='lat' dir='ltr'><em>Levitici</em></span> <span class='ocrx_word' id='word_1_327' title='bbox 564 2488 778 2521; x_wconf 80' lang='lat' dir='ltr'><em>XXlIl⁰²....</em></span> 
     </span>
    </p>

    <p class='ocr_par' dir='ltr' id='par_1_7' title="bbox 393 2554 2256 2731">
     <span class='ocr_line' id='line_1_33' title="bbox 481 2554 2256 2602; baseline 0.003 -17"><span class='ocrx_word' id='word_1_328' title='bbox 481 2554 625 2595; x_wconf 88' lang='lat' dir='ltr'><em>[T]ertia</em></span> <span class='ocrx_word' id='word_1_329' title='bbox 646 2554 862 2599; x_wconf 84' lang='lat' dir='ltr'><em>propositiO.</em></span> <span class='ocrx_word' id='word_1_330' title='bbox 885 2555 1099 2599; x_wconf 88' lang='lat' dir='ltr'><em>Preceptum</em></span> <span class='ocrx_word' id='word_1_331' title='bbox 1122 2555 1165 2588; x_wconf 90' lang='lat' dir='ltr'><em>de</em></span> <span class='ocrx_word' id='word_1_332' title='bbox 1188 2555 1443 2589; x_wconf 88' lang='lat' dir='ltr'><em>observatione</em></span> <span class='ocrx_word' id='word_1_333' title='bbox 1466 2555 1605 2589; x_wconf 88' lang='lat' dir='ltr'><em>sabbati</em></span> <span class='ocrx_word' id='word_1_334' title='bbox 1626 2557 1662 2589; x_wconf 91' lang='lat' dir='ltr'><em>in</em></span> <span class='ocrx_word' id='word_1_335' title='bbox 1687 2557 1801 2590; x_wconf 90' lang='lat' dir='ltr'><em>veteri</em></span> <span class='ocrx_word' id='word_1_336' title='bbox 1827 2557 1909 2602; x_wconf 86' lang='lat' dir='ltr'><em>lege</em></span> <span class='ocrx_word' id='word_1_337' title='bbox 1934 2569 2007 2589; x_wconf 90' lang='lat' dir='ltr'><em>non</em></span> <span class='ocrx_word' id='word_1_338' title='bbox 2033 2563 2088 2590; x_wconf 86' lang='lat' dir='ltr'><em>est</em></span> <span class='ocrx_word' id='word_1_339' title='bbox 2112 2557 2156 2590; x_wconf 92' lang='lat' dir='ltr'><em>de</em></span> <span class='ocrx_word' id='word_1_340' title='bbox 2173 2557 2256 2601; x_wconf 86' lang='lat' dir='ltr'><em>jure</em></span> 
     </span>
     <span class='ocr_line' id='line_1_34' title="bbox 393 2621 2256 2669; baseline 0.002 -17"><span class='ocrx_word' id='word_1_341' title='bbox 393 2632 482 2665; x_wconf 88' lang='lat' dir='ltr'><em>pure</em></span> <span class='ocrx_word' id='word_1_342' title='bbox 504 2621 675 2665; x_wconf 83' lang='lat' dir='ltr'><em>positivo,</em></span> <span class='ocrx_word' id='word_1_343' title='bbox 698 2621 763 2654; x_wconf 91' lang='lat' dir='ltr'><em>sed</em></span> <span class='ocrx_word' id='word_1_344' title='bbox 785 2621 939 2666; x_wconf 87' lang='lat' dir='ltr'><em>quodam</em></span> <span class='ocrx_word' id='word_1_345' title='bbox 966 2622 1073 2654; x_wconf 88' lang='lat' dir='ltr'><em>modo</em></span> <span class='ocrx_word' id='word_1_346' title='bbox 1096 2628 1152 2655; x_wconf 88' lang='lat' dir='ltr'><em>est</em></span> <span class='ocrx_word' id='word_1_347' title='bbox 1176 2622 1312 2656; x_wconf 88' lang='lat' dir='ltr'><em>morale</em></span> <span class='ocrx_word' id='word_1_348' title='bbox 1334 2632 1475 2665; x_wconf 89' lang='lat' dir='ltr'><em>nature,</em></span> <span class='ocrx_word' id='word_1_349' title='bbox 1498 2630 1533 2656; x_wconf 87' lang='lat' dir='ltr'><em>et</em></span> <span class='ocrx_word' id='word_1_350' title='bbox 1553 2624 1657 2656; x_wconf 90' lang='lat' dir='ltr'><em>etiam</em></span> <span class='ocrx_word' id='word_1_351' title='bbox 1681 2624 1835 2669; x_wconf 88' lang='lat' dir='ltr'><em>quodam</em></span> <span class='ocrx_word' id='word_1_352' title='bbox 1858 2624 1965 2657; x_wconf 90' lang='lat' dir='ltr'><em>modo</em></span> <span class='ocrx_word' id='word_1_353' title='bbox 1987 2623 2122 2656; x_wconf 88' lang='lat' dir='ltr'><em>morale</em></span> <span class='ocrx_word' id='word_1_354' title='bbox 2147 2624 2256 2656; x_wconf 89' lang='lat' dir='ltr'><em>disci-</em></span> 
     </span>
     <span class='ocr_line' id='line_1_35' title="bbox 393 2687 759 2731; baseline 0.003 -12"><span class='ocrx_word' id='word_1_355' title='bbox 393 2687 502 2731; x_wconf 89' lang='lat' dir='ltr'><em>pline.</em></span> <span class='ocrx_word' id='word_1_356' title='bbox 527 2687 759 2720; x_wconf 85' lang='lat' dir='ltr'><em>Probatur....</em></span> 
     </span>
    </p>

    <p class='ocr_par' dir='ltr' id='par_1_8' title="bbox 391 2754 2253 2868">
     <span class='ocr_line' id='line_1_36' title="bbox 480 2754 2253 2803; baseline 0.003 -18"><span class='ocrx_word' id='word_1_357' title='bbox 480 2755 637 2794; x_wconf 62' lang='lat' dir='ltr'><em>[Quarta</em></span> <span class='ocrx_word' id='word_1_358' title='bbox 668 2755 883 2799; x_wconf 84' lang='lat' dir='ltr'><em>propositio.</em></span> <span class='ocrx_word' id='word_1_359' title='bbox 917 2754 1132 2789; x_wconf 87' lang='lat' dir='ltr'><em>Observatio</em></span> <span class='ocrx_word' id='word_1_360' title='bbox 1170 2756 1243 2789; x_wconf 89' lang='lat' dir='ltr'><em>diei</em></span> <span class='ocrx_word' id='word_1_361' title='bbox 1278 2757 1459 2790; x_wconf 88' lang='lat' dir='ltr'><em>dominice</em></span> <span class='ocrx_word' id='word_1_362' title='bbox 1492 2758 1529 2790; x_wconf 88' lang='lat' dir='ltr'><em>in</em></span> <span class='ocrx_word' id='word_1_363' title='bbox 1568 2770 1659 2790; x_wconf 89' lang='lat' dir='ltr'><em>nova</em></span> <span class='ocrx_word' id='word_1_364' title='bbox 1695 2758 1777 2803; x_wconf 87' lang='lat' dir='ltr'><em>lege</em></span> <span class='ocrx_word' id='word_1_365' title='bbox 1813 2758 1991 2791; x_wconf 87' lang='lat' dir='ltr'><em>successit</em></span> <span class='ocrx_word' id='word_1_366' title='bbox 2023 2757 2253 2790; x_wconf 86' lang='lat' dir='ltr'><em>observantie</em></span> 
     </span>
     <span class='ocr_line' id='line_1_37' title="bbox 391 2819 2253 2868; baseline 0.003 -17"><span class='ocrx_word' id='word_1_367' title='bbox 391 2819 527 2852; x_wconf 86' lang='lat' dir='ltr'><em>sabbati</em></span> <span class='ocrx_word' id='word_1_368' title='bbox 555 2832 626 2852; x_wconf 90' lang='lat' dir='ltr'><em>non</em></span> <span class='ocrx_word' id='word_1_369' title='bbox 656 2833 697 2853; x_wconf 88' lang='lat' dir='ltr'><em>ex</em></span> <span class='ocrx_word' id='word_1_370' title='bbox 725 2821 758 2853; x_wconf 89' lang='lat' dir='ltr'><em>vi</em></span> <span class='ocrx_word' id='word_1_371' title='bbox 789 2822 949 2866; x_wconf 87' lang='lat' dir='ltr'><em>precepti</em></span> <span class='ocrx_word' id='word_1_372' title='bbox 978 2822 1085 2868; x_wconf 84' lang='lat' dir='ltr'><em>legis,</em></span> <span class='ocrx_word' id='word_1_373' title='bbox 1117 2823 1182 2856; x_wconf 85' lang='lat' dir='ltr'><em>sed</em></span> <span class='ocrx_word' id='word_1_374' title='bbox 1213 2835 1255 2856; x_wconf 84' lang='lat' dir='ltr'><em>ex</em></span> <span class='ocrx_word' id='word_1_375' title='bbox 1284 2823 1514 2857; x_wconf 85' lang='lat' dir='ltr'><em>institutione</em></span> <span class='ocrx_word' id='word_1_376' title='bbox 1546 2825 1701 2858; x_wconf 89' lang='lat' dir='ltr'><em>ecclesie</em></span> <span class='ocrx_word' id='word_1_377' title='bbox 1731 2825 1809 2858; x_wconf 86' lang='lat' dir='ltr'><em>vice</em></span> <span class='ocrx_word' id='word_1_378' title='bbox 1836 2825 1901 2857; x_wconf 90' lang='lat' dir='ltr'><em>Dei</em></span> <span class='ocrx_word' id='word_1_379' title='bbox 1930 2831 1964 2857; x_wconf 85' lang='lat' dir='ltr'><em>et</em></span> <span class='ocrx_word' id='word_1_380' title='bbox 1988 2824 2253 2857; x_wconf 90' lang='lat' dir='ltr'><em>consuetudine</em></span> 
     </span>
    </p>
   </div>
   <div class='ocr_carea' id='block_1_4' title="bbox 390 2886 914 2968">
    <p class='ocr_par' dir='ltr' id='par_1_9' title="bbox 390 2886 914 2968">
     <span class='ocr_line' id='line_1_38' title="bbox 390 2886 914 2931; baseline 0.006 -13"><span class='ocrx_word' id='word_1_381' title='bbox 390 2887 515 2931; x_wconf 91' lang='lat' dir='ltr'><em>populi</em></span> <span class='ocrx_word' id='word_1_382' title='bbox 536 2886 735 2919; x_wconf 89' lang='lat' dir='ltr'><em>christiani.</em></span> <span class='ocrx_word' id='word_1_383' title='bbox 759 2889 884 2921; x_wconf 90' lang='lat' dir='ltr'><em>Patet..</em></span> <span class='ocrx_word' id='word_1_384' title='bbox 894 2915 914 2921; x_wconf 90' lang='lat'><em>..</em></span> 
     </span>
     <span class='ocr_line' id='line_1_39' title="bbox 512 2946 550 2968; baseline 0.026 -1"><span class='ocrx_word' id='word_1_385' title='bbox 512 2946 550 2968; x_wconf 85' lang='lat'><em>58.</em></span> 
     </span>
    </p>
   </div>
  </div>
 </body>
</html>
