2502 3418
400 343 464 374 420
978 350 1295 373 CHARTULARIUM
1330 349 1518 371 UNivizns.
1556 348 1681 370 rAms.
2159 333 2260 370 [1423

504 426 634 459 Biblici
657 426 819 471 ejusdem
842 426 926 458 anni
950 438 956 458 :

503 526 548 550 Fr.
580 525 727 551 Johannes
742 525 861 553 Borerii,
875 525 1076 551 Cisterciensis.
1092 532 1128 550 xx
1143 525 1193 550 sol.
1433 523 1476 548 Fr.
1496 522 1660 555 Stephanus
1675 521 1771 549 Avole.
1785 519 1951 548 Carmelita,
1967 527 2003 545 xx
2018 520 2070 546 sol.

510 589 541 593 —
578 575 730 600 Nicholaus
745 574 878 603 Conrart,
895 574 999 602 Minor,
1015 582 1051 599 xx
1066 574 1117 599 sol.
1907 567 1941 603 [3]

495 663 562 686 Bihl.
579 666 632 686 nat.
646 663 740 692 Paris,
752 671 801 685 nis.
817 663 864 685 lat.
881 663 950 692 5494,
966 671 993 693 p.
1007 663 1046 685 10.

494 748 518 772 1.
535 748 584 775 Qui
601 748 649 770 suit
668 748 694 770 in
715 747 830 770 Concilio
850 746 1000 776 Basilicusi,
1015 750 1040 769 et
1061 749 1114 768 tam
1137 746 1167 768 de
1184 745 1300 769 Concilio
1320 743 1515 767 Constantiensi
1536 750 1614 774 quum
1637 741 1778 765 Basiliensi
1798 741 1916 772 scripsit.
1931 755 1962 759 —
1976 740 2000 765 2.
2017 741 2036 764 1.
2057 749 2080 764 e.
2100 741 2191 769 Amici,
2214 749 2260 764 seu

402 802 413 816 ι
428 793 500 816 Lami
518 801 538 820 »,
555 801 565 815 α
578 792 652 815 l'Ami
667 801 688 820 υ,
708 792 738 814 de
754 800 804 823 quo
819 791 924 822 saepius
938 791 1016 813 infra.
1034 804 1061 807 ——
1077 790 1102 814 3.
1121 791 1170 813 An.
1190 790 1250 812 1424
1272 789 1358 812 finivit
1373 787 1531 815 Sententias,
1552 786 1644 818 etjam
1659 795 1727 809 anno
1743 786 1862 818 sequenti
1877 786 1990 809 Martino
2005 786 2025 808 V
2046 785 2217 817 supplicavit,
2233 788 2262 808 ut

400 838 583 868 magisterium
598 841 670 860 extra
686 836 890 859 Universitatem
910 835 1025 866 recipere
1041 838 1140 865 posset.
1156 834 1231 862 Quod
1247 842 1317 865 papa
1332 842 1374 856 an.
1390 833 1457 860 1426,
1477 831 1597 855 Jnnuarii
1620 832 1642 860 7,
1659 831 1796 859 concessit,
1820 834 1846 854 ct
1866 830 1972 862 quidem
1986 838 2034 862 per
2048 831 2155 854 Petrum
2170 830 2260 860 Barre,

400 882 589 914 provincialem
602 882 735 906 Fruncinc.
752 881 879 911 reciperet
892 881 1010 910 (Rmon,
1023 879 1101 903 Ball.
1119 880 1184 903 Ord.
1199 879 1310 904 Praed..
1327 878 1359 907 ΙΙ,
1375 886 1401 909 p.
1414 877 1478 906 661).
1494 890 1525 894 -
1536 876 1561 902 k.
1576 876 1690 899 Affertur
1702 876 1729 899 in
1744 876 1795 899 fine
1808 876 1977 899 biblicorum.

402 1097 544 1134 2219.
569 1106 703 1140 Magistri
717 1109 845 1140 regentes
862 1106 890 1130 in
905 1105 1048 1139 facultate
1062 1105 1232 1139 theologiae.

1619 1146 1695 1176 1423,
1713 1145 1850 1178 Septemb..
1864 1145 1977 1171 Parisiis.

490 1198 640 1230 Nomina
662 1197 919 1242 magistrorum
943 1197 1148 1242 regentium
1174 1208 1180 1228 :

490 1297 587 1321 Primo
597 1296 735 1322 dominus
745 1296 871 1322 decanus
881 1296 1017 1329 magister
1028 1296 1199 1322 Dominicus
1209 1295 1300 1321 Parvi.
1432 1294 1506 1328 Mag.
1523 1294 1671 1320 Johannes
1686 1293 1881 1327 Pulcripatris.

489 1346 560 1378 Mag.
579 1346 680 1371 Petrus
692 1345 728 1371 dc
743 1346 873 1379 Diereyo.
1522 1342 1668 1378 Thoma[s]
1684 1343 1828 1369 Monachi.

507 1410 540 1412 >—
577 1394 724 1420 Johannes
739 1395 776 1420 Le
790 1393 936 1428 Bouegue.
1524 1393 1643 1427 Egidius
1655 1392 1815 1419 Cari-clarii.

1522 1442 1670 1468 Johannes
1684 1442 1823 1476 Darques.

1522 1492 1652 1525 Rogerus
1663 1491 1839 1517 de'Gaillon.

1524 1540 1656 1574 Philipus
1670 1540 1767 1567 Molet.

1523 1591 1671 1617 Johannes
1686 1590 1806 1624 Soquet.

1523 1640 1642 1674 Egidius
1656 1639 1810 1666 Remondi.

1523 1690 1671 1716 Johannes
1686 1689 1825 1722 Baligam.

506 1459 539 1463 -
578 1444 726 1470 Johannes
740 1445 776 1470 dc
789 1445 904 1470 Trescis.

488 1493 573 1518 Dom.
591 1493 677 1519 abbas
693 1493 795 1519 Sancte
810 1494 964 1520 Genovese.

488 1543 561 1575 Mag.
579 1542 722 1578 Thoma[s]
740 1543 827 1569 Hobe.

489 1591 574 1616 Dom.
590 1591 793 1618 Fiscanensis⁴.

1450 1409 1487 1660 liiii!

488 1640 561 1673 Mag.
580 1641 758 1674 chinardus
773 1641 808 1667 de
824 1641 960 1667 Fontanis
968 1639 988 1666 ².

577 1689 730 1715 Nicholaus
745 1690 780 1716 de
793 1690 891 1716 Duno.

506 1704 539 1707 l

1451 1705 1486 1709 Ι

506 1753 540 1756 -
578 1739 725 1765 Rolandus
741 1739 912 1773 Berguonel.
1435 1740 1500 1766 Duo
1515 1739 1718 1766 Predicatores.

507 1802 540 1805 —
578 1787 702 1814 Erardus
718 1788 902 1822 Emangarw.
1434 1790 1529 1816 Minor
1545 1789 1677 1825 [Jacobus
1689 1788 1836 1821 Textoris].

505 1851 539 1855 —-
577 1837 751 1863 Guillclmus
767 1838 954 1870 Pinguisavis.
1435 1839 1666 1873 Augustinensis.

506 1900 541 1903 —
577 1885 710 1912 Extacius
722 1887 757 1912 de
770 1887 911 1913 Mcsnillo.
1435 1889 1598 1915 Carmelita.

506 1950 541 1953 —-
577 1935 723 1962 Johannes
740 1937 880 1963 Saunerii.
1435 1939 1546 1972 Regens
1562 1938 1589 1965 S.
1607 1936 1772 1964 Bernardi⁴.
2067 1934 2120 1971 [3ο]

578 1984 723 2011 Johanncs
738 1986 901 2012 Trolehem.

495 2073 563 2097 Bibl.
578 2077 631 2097 nat.
648 2074 742 2104 Puris.²
759 2082 809 2098 ms.
825 2075 871 2098 lat.
888 2075 957 2102 5494,
973 2083 1000 2106 p.
1017 2076 1046 2098 20
1062 2083 1101 2106 sq.
1112 2089 1143 2093 —
1154 2075 1241 2107 Supra
1253 2076 1381 2099 nominati
1396 2076 1518 2108 magistri
1531 2076 1610 2099 etiam
1623 2083 1666 2098 nn.
1682 2075 1751 2104 1424,
1766 2074 1853 2098 Martii
1868 2074 1891 2103 3,
1905 2073 2061 2103 afferuntur,
2076 2072 2173 2104 quibus
2188 2071 2267 2095 licen-

400 2117 458 2141 tiati
474 2118 618 2147 solverunt,
633 2118 715 2150 aliqui
731 2122 833 2142 tuntum
847 2122 874 2142 ut
891 2119 974 2142 abbas
991 2120 1160 2144 Fiscunnens.
1175 2123 1202 2144 et
1215 2121 1376 2152 Reginaldus
1392 2121 1424 2144 de
1440 2120 1573 2150 Fontanis,
1590 2120 1655 2144 ibid.
1672 2120 1782 2148 desunt3
1798 2119 1908 2142 affertur
1922 2122 2009 2142 tamen
2023 2126 2034 2141 ι
2048 2125 2142 2149 regens
2158 2118 2184 2141 S.
2200 2116 2267 2140 Ber·-

401 2163 477 2186 nurdi
492 2171 514 2186 )).

498 2247 522 2271 1.
539 2247 655 2278 Egydius
668 2248 699 2271 de
714 2248 861 2272 Dux-emori.
878 2263 904 2266 —
921 2248 945 2273 2.
961 2249 1109 2281 Episcopus
1128 2249 1310 2273 Suessionens.
1324 2250 1383 2274 Vid.
1400 2254 1449 2273 ηΙιιῃ
1464 2253 1625 2282 sequentem.
1642 2263 1670 2268 -
1683 2249 1708 2274 3.
1725 2249 1753 2272 In
1770 2249 1832 2272 msto
1850 2249 1961 2272 affertur
1976 2250 2038 2279 post
2053 2255 2063 2270 ι
2080 2247 2131 2270 duo
2147 2246 2269 2270 Predica-

403 2294 472 2315 tores
489 2300 511 2315 ›).
527 2306 554 2310 —
567 2291 592 2316 4.
607 2293 684 2316 Deest
697 2293 739 2316 hic
754 2293 780 2316 in
796 2294 865 2322 nisw,
883 2294 997 2317 occurrit
1011 2298 1098 2318 tamen
1113 2304 1141 2326 p.
1154 2296 1182 2318 28
1198 2295 1266 2318 inter
1279 2298 1400 2327 regentes
1416 2303 1459 2319 an.
1475 2295 1546 2325 1424,
1561 2294 1649 2318 Martii
1663 2295 1686 2318 3.

409 2514 552 2552 2220.
575 2525 752 2559 Reginaldus
769 2525 804 2552 de
819 2527 963 2562 Fontanis,
981 2528 1130 2564 episcopus
1145 2529 1354 2561 Suessionens„
1371 2529 1504 2555 licentias
1520 2528 1590 2554 dare
1604 2527 1699 2563 pergit
1714 2527 1742 2553 in
1763 2526 1950 2552 Universitate
1965 2525 2061 2551 Paris.

1625 2616 1698 2645 7423,
1715 2615 1799 2641 octob.
1814 2615 1858 2645 30,
1873 2614 1986 2640 Parisiis.

503 2701 566 2732 Dic
597 2701 793 2745 penultima
821 2703 957 2736 niensis
986 2704 1156 2737 Octobris
1183 2706 1251 2738 suit
1277 2706 1515 2751 congregatio
1541 2705 1722 2738 facultatis
1747 2703 1884 2745 [theol.]
1909 2708 1993 2748 post
2019 2700 2207 2746 prandium
2233 2699 2271 2732 in

416 2766 449 2798 S.
472 2767 663 2799 Maiurino.
694 2770 761 2801 Pro
783 2769 944 2802 candolis
974 2771 1017 2803 ad
1048 2771 1243 2816 legendum
1266 2772 1405 2806 litteras
1427 2773 1557 2806 missas
1579 2784 1621 2805 ex
1642 2778 1740 2817 parte
1762 2770 1899 2803 domini
1920 2768 2083 2814 episcopi
2105 2766 2272 2800 Suessio-

530 2834 536 2850 1

416 2845 518 2865 nous.
561 2841 595 2866 ot
614 2835 750 2879 copiam
781 2835 959 2869 bullarum
991 2850 1102 2883 supcr-
1126 2840 1219 2872 sacto
1241 2839 1407 2881 licencie⁷
1436 2846 1471 2873 et
1501 2851 1565 2885 pro
1593 2838 1736 2872 duobus
1763 2837 1912 2871 torchiis
1940 2848 2006 2882 pro
2031 2832 2271 2869 conducendo

417 2899 598 2932 dominum
622 2901 794 2934 decanum
818 2910 853 2935 ot
872 2904 996 2948 plures
1017 2905 1108 2939 alios
1130 2907 1338 2952 magistros,
1361 2907 1397 2952 iij
1421 2907 1522 2940 sol.².
