2502 3418
409 330 472 362 402
983 338 1300 360 cuAn‘rULAan
1335 336 1524 359 UNivnns.
1560 336 1689 358 Panis.
2168 320 2267 359 [1422

407 430 551 467 2187.
575 439 710 465 Facultas
730 438 888 464 medicinae
902 437 1037 474 petitioni
1051 446 1124 472 mag.
1146 436 1288 462 Guillelmi
1309 435 1344 462 de
1367 437 1494 470 Camera,
1515 444 1572 471 qua
1584 434 1741 472 prandium
1764 442 1782 459 a
1803 432 1983 459 baccatareis
1999 432 2126 459 oblatum
2141 433 2170 459 in
2185 432 2267 460 domo

495 489 667 524 antiquior-is
683 487 891 514 examinatoris
906 491 1055 521 teneretur,
1074 495 1128 512 non
1142 486 1251 520 annuit,
1270 484 1420 511 dummodo
1437 485 1466 511 in
1482 484 1542 511 loco
1558 484 1674 510 honesto
1690 483 1857 510 celebretur.

1633 573 1708 603 7422,
1725 572 1811 598 Martii
1823 572 1847 601 2,
1865 571 1979 597 Parisiis.

495 668 561 701 Die
581 669 616 700 2ὃ
637 667 772 700 mensis
798 666 915 699 Martii
943 666 1010 698 fuit
1035 671 1253 710 congregata
1277 663 1427 697 facultas
1453 662 1632 696 medicine
1662 673 1727 707 per
1754 660 1938 694 bedellum
1965 649 2044 694 cum
2066 660 2205 702 cedula,
2227 667 2265 694 ut

407 735 530 776 moris,
548 734 642 779 apud
660 734 827 767 Sanctum
843 732 1117 765 Maturinum....
1138 731 1218 764 Fuit
1233 730 1473 776 supplicatum
1491 741 1555 775 per
1572 729 1783 774 magistrum
1801 727 2037 761 Guillelmum
2055 727 2099 761 de
2115 728 2265 762 Camera

405 802 501 847 quod
527 814 606 834 cum
627 801 674 834 ita
696 806 805 840 esset,
829 806 869 832 ut
893 798 1052 832 scolares
1074 798 1135 843 qui
1161 798 1306 830 suerunt
1331 797 1481 830 admissi
1507 808 1571 841 pro
1594 795 1755 828 examine
1781 793 1989 840 particulari
2013 794 2262 836 bacalariatus,

403 869 493 914 ipsis
515 868 694 913 temptatis
716 867 924 900 examinatis
946 872 981 898 et
1000 865 1157 898 facultati
1183 864 1401 910 presentatis
1423 870 1458 896 et
1482 862 1652 896 admissis
1673 862 1717 895 ad
1742 861 1929 903 lecturam,
1952 868 2164 895 tenerentur
2186 861 2263 896 suis

403 934 705 969 examinatoribus
727 934 915 979 prandium
937 933 1035 973 dare,
1058 931 1199 965 dicebat
1220 931 1337 964 dictus
1364 931 1407 964 de
1434 931 1583 967 Camera
1613 930 1714 975 ipsos
1745 928 1965 962 examinatos
1992 929 2030 962 in
2055 929 2162 962 domo
2183 941 2261 970 sua,

401 1009 567 1047 tanquam
589 1002 625 1034 in
646 1001 752 1034 domo
774 1000 989 1045 antiquioris
1010 999 1247 1044 temptatoris,
1266 997 1456 1043 prandium
1479 996 1612 1030 debere
1634 995 1833 1038 celebrare,
1852 995 2062 1041 supplicans
2083 1002 2261 1042 quatenus

399 1070 442 1103 ad
463 1070 530 1102 hoc
551 1081 615 1114 per
634 1067 836 1101 facultatem
858 1073 1088 1112 cogerentur.

486 1136 542 1169 Ad
570 1147 639 1180 que
665 1135 751 1167 dicit
777 1134 927 1167 facultas
1029 1133 1127 1178 quod
1157 1132 1311 1178 predicti
1339 1132 1530 1165 examinati
1560 1138 1595 1164 et
1624 1131 1787 1172 admissi,
1814 1129 1878 1163 ubi
1907 1130 2044 1164 vellent
2069 1130 2259 1176 prandium

399 1203 475 1236 suis
504 1201 809 1235 examinatoribuS
834 1201 879 1234 ad
906 1212 1053 1234 suorum
1080 1199 1222 1233 libitum
1250 1205 1454 1244 prestarent
1477 1225 1527 1240 ...‚
1553 1198 1651 1244 quod
1673 1197 1863 1243 prandium
1885 1197 1923 1230 in
1947 1196 2096 1231 taberna
2117 1197 2260 1244 publica

395 1270 462 1303 hoc
483 1281 576 1302 anno
597 1269 663 1301 suit
687 1269 832 1301 factum.
853 1269 939 1300 Acta
961 1274 1047 1300 sunt
1070 1266 1137 1300 hec
1158 1267 1195 1299 in
1216 1266 1400 1312 presentia
1427 1266 1682 1311 magistrorum
1709 1264 1897 1299 Guillelmi
1923 1264 1967 1297 de
1993 1265 2156 1307 Camera,
2177 1264 2258 1299 Joh.

364 1326 367 1329 .
395 1335 613 1381 Tanquardi,
639 1335 719 1368 Joh.
746 1334 904 1376 Belardi‚
929 1334 1054 1368 Jacobi
1083 1335 1303 1379 Saquespee‚
1329 1333 1508 1366 Droconis
1534 1332 1682 1374 Decani,
1709 1332 1942 1378 pluriumque
1967 1331 2119 1366 aliorum
2146 1332 2260 1379 magi-

393 1410 562 1437 strorum.

483 1502 628 1526 comment.
642 1502 691 1524 suc.
706 1500 784 1530 med.‚
801 1501 821 1529 1,
834 1509 861 1532 p.
880 1501 934 1524 253.

391 1603 534 1641 2188.
577 1612 730 1638 Licentiati
746 1612 774 1638 in
789 1610 931 1646 facultate
948 1609 1118 1645 theologiae.

1622 1652 1695 1682 1422,
1712 1652 1799 1678 Martii
1812 1653 1836 1682 6,
1853 1651 1971 1678 Parisiis.

477 1743 543 1776 Die
563 1743 614 1787 vja
634 1743 759 1775 Marcii
779 1743 927 1775 fuerunt
946 1742 1120 1775 licentiati
1139 1754 1145 1774 :

477 1843 548 1875 Mag.
566 1842 689 1868 Jacobus
701 1841 849 1870 Testoris¹,
866 1842 968 1867 Minor.
1420 1840 1494 1874 Mag.
1511 1840 1659 1866 Johannes
1674 1838 1832 1874 Baligam3.

476 1892 549 1925 Mag.
566 1891 713 1917 Johannes
729 1891 847 1925 Soquet.
1420 1890 1465 1916 Fr.
1482 1889 1630 1916 Johannes
1644 1887 1762 1918 David‘.
1779 1888 1849 1915 Ord.
1866 1888 2015 1915 Carmelit.

476 1941 520 1967 Fr.
538 1941 660 1967 Jacobus
675 1940 828 1970 Me1·cerii·³‚
846 1940 1018 1966 Predicator.
1421 1939 1466 1965 Fr.
1487 1939 1544 1965 Yvo
1559 1938 1667 1972 Eveny.
1685 1938 1877 1965 Predicatoffi.

475 1990 561 2016 Dom.
576 1990 694 2024 Egidius
710 1990 863 2020 Remondi,
878 1990 1027 2023 religiosus
1043 1989 1070 2016 S.
1088 1989 1218 2015 Dionisii.
1421 1989 1465 2014 Fr.
1483 1988 1620 2014 Albertus
1635 1987 1748 2014 Fabrifi.

476 2041 519 2066 Fr.
537 2040 638 2066 Petrus
654 2040 775 2065 Valetot..
1816 2035 1851 2072 [9]

478 2128 546 2152 Bibl.
562 2131 616 2151 nat.
633 2127 728 2158 Paris.,
742 2136 791 2151 ms.
807 2128 854 2152 lat.
866 2128 927 2150 5494
940 2127 1008 2157 (Lib.
1024 2127 1122 2151 bedelli
1135 2127 1232 2157 facult.
1251 2127 1353 2157 theom,
1367 2135 1393 2158 p.
1408 2127 1431 2156 8,
1445 2134 1458 2150 e
1471 2134 1522 2158 quo
1538 2134 1588 2149 ms.
1604 2125 1650 2149 lat.
1667 2126 1750 2156 5657·‚
1767 2125 1812 2149 fol.
1829 2125 1868 2157 16,
1883 2125 1928 2149 sed
1943 2124 2043 2149 omisso
2058 2125 2162 2150 ultimo.

477 2212 502 2238 1.
518 2212 568 2240 Qui
584 2215 693 2235 vocatur
708 2213 786 2235 etiam
801 2220 812 2234 (ι
829 2212 860 2235 de
875 2211 991 2235 Tin-onia
1006 2220 1029 2241 »‚
1043 2220 1054 2235 (t
1068 2212 1199 2235 Touraine
1213 2220 1235 2242 1),
1251 2212 1282 2235 de
1298 2220 1349 2243 quo
1365 2211 1472 2243 saepius
1488 2211 1567 2234 infra.
1587 2224 1617 2228 ——
1631 2210 1656 2235 2.
1677 2210 1736 2234 Fuit
1755 2213 1816 2242 post
1834 2210 1941 2234 Petrum
1963 2210 1995 2234 de
2011 2211 2104 2239 Barra,
2120 2219 2162 2234 nn.
2179 2211 2250 2242 1430,

383 2257 553 2289 provincialis
569 2257 702 2280 Franciae.
724 2271 752 2274 —
767 2256 792 2281 3.
807 2257 858 2280 Seu
875 2265 886 2280 α
902 2256 1022 2287 Belligan
1041 2265 1063 2286 »,
1081 2265 1093 2280 (ι
1109 2257 1233 2288 Baligant
1248 2265 1270 2286 n,
1293 2265 1305 2280 (ι
1328 2256 1468 2287 Balliguen
1490 2245 1518 2279 i).
1534 2255 1599 2279 Cum
1619 2258 1689 2279 esset
1708 2255 1795 2278 adhuc
1813 2255 1984 2279 baccalaureus
2004 2255 2096 2287 theol.‚
2116 2255 2187 2279 eirca
2207 2256 2250 2280 vel

384 2306 443 2325 ante
458 2311 500 2325 an.
517 2302 586 2331 1413,
602 2301 767 2325 Universitas
782 2310 840 2324 eum
856 2299 1049 2324 commendavit
1067 2301 1172 2324 cuidam
1186 2301 1311 2333 principi,
1327 2300 1508 2324 verisimiliter
1523 2301 1617 2324 carolo
1633 2300 1694 2323 duci
1714 2300 1896 2323 Aurelianensi
1912 2300 1997 2332 (cujus
2018 2300 2103 2332 patris
2123 2300 2249 2324 Ludovici

384 2347 540 2370 secretarius
559 2346 625 2376 fuit),
645 2349 673 2369 ut
688 2346 818 2369 obtineret
831 2346 1007 2377 capellaniam
1021 2346 1048 2369 in
1063 2346 1174 2369 ecclesia
1190 2347 1217 2370 S.
1233 2346 1334 2369 Nicolni
1349 2345 1375 2368 in
1391 2345 1497 2369 civitate
1515 2345 1601 2368 Sedan
1616 2345 1705 2376 (Arch.
1721 2348 1775 2368 nat.
1791 2345 1886 2374 Paris„
1902 2345 1926 2368 M
1941 2345 1993 2375 651³,
2009 2349 2039 2368 n⁰
2050 2346 2098 2376 45).
2113 2346 2161 2369 An.
2177 2345 2247 2374 1413,

384 2392 453 2419 Dec.,
473 2391 588 2422 litigavit
602 2390 628 2414 in
648 2391 821 2422 pat-lamento,
836 2391 1023 2422 adjuvantibus
1049 2391 1248 2422 archiepiscopo
1266 2392 1403 2422 Rotomng.
1422 2393 1448 2413 et
1465 2389 1643 2414 Universitute
1662 2389 1756 2418 Paris„
1774 2393 1866 2413 eontra
1885 2390 2024 2421 quemdam
2043 2390 2069 2414 J.
2091 2390 2123 2413 de
2144 2389 2248 2414 Limam

384 2437 437 2465 (ΧΗΑ
451 2437 521 2465 4790,
543 2436 587 2460 sol.
605 2435 665 2465 131²).
682 2436 719 2459 Ad
741 2444 783 2459 an.
799 2436 868 2463 1424,
889 2436 1030 2466 Septemb„
1050 2436 1182 2467 leprosus,
1202 2435 1325 2458 omnibus
1345 2434 1416 2458 curis
1433 2437 1459 2458 et
1478 2434 1612 2458 beneficiis
1635 2434 1786 2458 renuntiare
1810 2437 1916 2457 coactus
1935 2437 1976 2458 est.
1995 2435 2099 2466 (Suppl.
2121 2435 2197 2459 Mart.
2215 2435 2245 2464 V,

382 2485 410 2503 n⁰
425 2481 479 2509 171,
494 2481 538 2504 sol.
551 2480 615 2510 231).
633 2493 660 2497 —
677 2480 702 2505 4.
719 2480 814 2503 Omnes
829 2480 958 2511 praedicti
973 2480 1063 2503 eodem
1077 2488 1145 2503 anno
1160 2480 1315 2511 inceperunt
1329 2483 1354 2503 et
1369 2479 1491 2510 magistri
1503 2479 1564 2502 facti
1580 2483 1651 2507 sunt,
1667 2482 1696 2502 ut.
1707 2479 1835 2502 scribitur
1848 2487 1897 2503 ms.
1909 2480 1978 2508 5494,
1991 2487 2018 2510 p.
2035 2479 2073 2509 10,
2089 2479 2135 2503 ubi
2149 2479 2246 2511 adjun-

382 2525 453 2556 gitur
464 2533 533 2556 mag.
543 2525 657 2548 Jacobus
673 2525 813 2556 Ligatoris.
824 2539 856 2542 —
866 2525 890 2550 5.
904 2525 1099 2556 «Magistratus
1115 2533 1127 2548 »
1142 2534 1184 2548 un.
1199 2525 1270 2554 1424,
1282 2525 1342 2548 Jan.
1355 2526 1385 2548 28
1396 2524 1423 2554 (l.
1436 2532 1468 2553 c.‚
1481 2532 1507 2555 p.
1523 2524 1572 2555 19).
1584 2537 1614 2541 —
1623 2523 1647 2549 ὃ.
1664 2523 1825 2548 Licentiutus
1838 2524 1960 2547 Decemb.
1972 2524 2001 2547 15
2016 2532 2059 2548 an.
2073 2524 2133 2547 1422
2146 2526 2182 2556 (p.
2197 2525 2247 2554 17).

382 2679 524 2715 2189.
550 2687 700 2713 Licentiati
714 2687 741 2712 in
757 2686 899 2721 facultate
915 2686 1083 2714 medicinae.

1591 2731 1666 2761 7422,
1683 2731 1771 2757 Martii
1782 2731 1828 2761 20,
1843 2730 1958 2757 Par-leik.

469 2817 532 2849 Die
553 2824 612 2849 xxa
634 2817 768 2849 mensis
789 2817 907 2849 Martii
928 2816 1075 2850 fuerunt
1090 2817 1264 2851 licentiati
1340 2819 1377 2852 in
1397 2819 1476 2852 aula
1494 2819 1633 2852 domini
1650 2818 1814 2864 episcopi
1833 2818 1961 2860 Paris..
1980 2824 2019 2851 ut
2038 2818 2151 2852 moris
2172 2825 2239 2861 est,

381 2891 416 2917 et
441 2883 508 2916 hoc
540 2895 602 2928 per
632 2883 816 2915 dominum
852 2884 1099 2916 confessorem
1132 2885 1230 2930 regis
1257 2898 1350 2931 mag.
1379 2886 1619 2932 Reginaldum
1646 2886 1689 2919 de
1716 2885 1889 2919 Fontanis
1914 2892 2174 2931 nuncupatum,
2203 2886 2240 2919 in

504 2941 540 2964 51.
