2502 3418
392 323 456 356 632
969 332 1292 354 CHARTULARIUM
1326 331 1518 354 UNivssas.
1554 331 1685 354 rmus.
2161 319 2260 355 [1443

393 407 543 452 speciali
565 406 795 440 ordinatione
817 407 1023 440 venerande
1046 406 1225 439 facultatis
1246 405 1433 451 theologie
1456 406 1492 438 in
1514 405 1758 439 Universitate
1785 405 1898 439 Paris.
1922 406 1958 438 in
1979 406 2050 438 mei
2075 406 2259 439 Laurentii

392 474 566 507 Poutrelli
597 474 815 520 presbyteri,
851 473 1063 519 principalis
1089 473 1215 506 bidelli
1245 473 1339 506 dicte
1364 473 1544 506 facultatis
1570 485 1609 505 ac
1636 473 1773 518 publici
1800 473 1999 518 apostolica
2026 479 2062 506 et
2080 473 2258 518 imperiali

391 542 603 575 auctoritate
625 542 767 582 notarii,
790 542 1012 586 testiumque
1037 541 1352 585 infrascriptorum
1375 541 1417 573 ad
1439 540 1505 573 hec
1528 547 1736 573 vocatorum
1759 540 1955 585 presentia,
1978 540 2199 573 venerabilis
2225 547 2258 574 et

392 609 590 654 religiosus
607 609 662 642 vir
683 609 857 654 magister
877 608 1047 641 Nicolaus
1069 607 1314 652 Quadrigarii,
1332 607 1368 639 in
1385 606 1569 652 theologia
1585 607 1760 652 magister
1776 607 1862 640 dicti
1879 607 1967 641 Ord.
1985 608 2064 640 frat.
2084 608 2256 641 Heremit.

392 676 501 721 Aug,
517 676 552 708 in
575 688 638 708 sua
655 676 768 720 prima
790 675 947 708 lectione
964 674 1164 720 magistrali
1185 674 1222 706 in
1244 674 1401 707 crastino
1423 674 1634 707 doctoratus
1656 674 1712 707 sui
1735 674 1914 720 reparavit
1936 674 2109 719 quasdam
2131 687 2259 720 propo-

393 743 546 776 sitiones
575 755 639 788 per
661 755 741 775 cum
764 755 781 775 a
803 742 928 787 paucis
950 741 1080 774 diebus
1103 741 1190 774 citra
1216 741 1253 773 in
1280 741 1357 774 suis
1383 741 1564 786 vesperiis
1590 741 1703 774 dictas
1730 748 1764 774 et
1791 742 2061 787 pronunciatas,
2091 742 2199 775 modo
2224 749 2258 776 et

391 811 505 843 forma
526 810 708 843 contentis
725 810 761 842 in
784 809 935 854 quadam
953 808 1081 842 cedula
1103 809 1261 853 papirea,
1280 809 1384 853 cujus
1407 815 1511 841 tenor
1532 809 1699 853 sequitur
1721 820 1728 842 :

482 879 522 910 In
543 877 723 922 vcsperiis
740 876 830 909 meis
852 876 996 921 quidam
1018 876 1166 908 suerunt
1182 875 1302 908 minus
1320 874 1413 908 bene
1430 875 1587 908 edificati
1605 888 1647 908 ex
1663 875 1808 909 duobus
1824 888 1888 921 per
1904 876 2102 910 nonnullos
2119 883 2204 910 tunc
2221 877 2258 910 in

393 945 491 978 scola
514 945 711 977 existentes
734 943 944 983 intellectis,
963 943 1057 976 sicut
1077 942 1186 975 michi
1208 942 1450 987 significatum
1474 949 1529 975 est
1549 955 1614 988 per
1634 950 1780 976 matrem
1804 956 1917 977 meam
1938 944 2141 977 facultatem
2164 944 2261 978 theo-

392 1012 504 1057 logie,
527 1011 629 1056 quasi
655 1010 903 1043 intellexerint
923 1022 979 1043 me
1001 1010 1138 1043 dixisse
1160 1010 1196 1042 in
1218 1010 1347 1055 primo,
1371 1010 1469 1055 quod
1490 1022 1508 1043 a
1523 1010 1749 1055 providentia
1771 1010 1892 1044 divina
1918 1011 2037 1044 omnia
2063 1023 2132 1056 que
2153 1011 2256 1054 fiunt,

393 1085 453 1116 ex²
476 1083 693 1115 necessitate
714 1082 899 1123 eveniunt,
923 1081 1087 1126 quamvis
1108 1081 1327 1114 crediderim
1345 1081 1495 1123 dixisse,
1519 1082 1616 1126 quod
1637 1095 1655 1115 a
1672 1083 1899 1127 providentia
1916 1083 2037 1116 divina
2053 1083 2172 1116 omnia
2188 1095 2258 1128 que

393 1150 482 1183 fiunt
510 1150 661 1194 quadam
687 1149 905 1181 necessitate
927 1149 1111 1182 eveniunt.
1135 1149 1272 1181 Assero
1299 1149 1394 1181 enim
1423 1155 1458 1181 et
1483 1150 1658 1194 profiteor
1679 1150 1777 1194 quod
1807 1150 1926 1183 omnia
1947 1157 2065 1183 creata
2090 1162 2108 1183 a
2138 1150 2259 1184 divina

392 1216 619 1262 providentia
644 1216 830 1249 liberrime
852 1216 1047 1261 prodeunt,
1070 1227 1137 1248 nec
1165 1215 1274 1248 ullam
1296 1227 1391 1261 pono
1416 1216 1670 1249 necessitatem
1692 1216 1748 1249 ἰῐι3
1776 1217 1959 1250 creatione
1981 1224 2042 1250 aut
2064 1218 2260 1263 providen-

393 1285 438 1317 tia
461 1295 593 1324 rerum,
623 1283 693 1316 nisi
720 1283 975 1316 necessitatem
1002 1282 1285 1316 conditionalem
1311 1282 1369 1316 vel
1395 1283 1661 1328 suppositionis
1687 1283 1989 1318 immutabilitatis
2019 1284 2141 1318 divine
2171 1297 2258 1330 pro-

391 1351 563 1392 videntie,
586 1357 646 1383 aut
666 1350 921 1383 necessitatem
942 1351 1218 1395 consequentie.

482 1418 688 1451 Secundum
716 1417 852 1450 dictum
877 1417 945 1450 fuit
972 1417 1009 1450 in
1029 1417 1116 1462 xijm⁰
1140 1417 1353 1451 correllario
1379 1424 1415 1451 et
1439 1417 1608 1451 collativo
1632 1430 1638 1451 :
1663 1432 1679 1449 «
1701 1418 1802 1460 [sola]
1831 1430 1922 1464 pape
1944 1425 2104 1464 potestas
2125 1420 2162 1452 in
2187 1426 2259 1453 tota

391 1485 545 1519 ecclesia
566 1485 773 1518 immediate
801 1491 857 1517 est
881 1497 899 1517 a
924 1484 1071 1518 Christo
1101 1498 1131 1526 n,
1159 1484 1401 1530 intelligendo
1434 1485 1683 1518 cori-ellarium
1711 1486 1755 1518 de
1786 1492 1963 1531 potestate
1987 1486 2258 1531 jurisdictionis

391 1551 601 1597 temporaliS
623 1559 658 1585 et
678 1552 892 1597 spiritualis,
916 1558 951 1585 et
972 1564 1045 1585 non
1066 1552 1111 1584 de
1133 1558 1310 1597 potestate
1332 1551 1486 1586 ordinis.
1511 1554 1601 1598 Ego,
1625 1559 1796 1598 quantum
1821 1553 1858 1586 in
1876 1565 1930 1586 ine
1952 1560 2019 1595 est,
2042 1553 2170 1587 volens
2191 1554 2260 1587 tol-

391 1620 466 1653 lere
488 1631 594 1652 omne
625 1619 835 1652 scandalum
862 1626 896 1652 et
921 1631 1003 1652 esse
1031 1619 1129 1652 filius
1155 1619 1365 1653 obedientie
1391 1626 1426 1653 et
1454 1620 1553 1665 pacis
1581 1626 1616 1653 et
1644 1627 1805 1653 assertor
1831 1621 2006 1663 veritatis,
2035 1621 2117 1654 dico
2147 1634 2256 1664 nunc,

391 1687 486 1720 sicut
506 1693 590 1720 tunc
613 1687 803 1728 dixissem,
831 1687 859 1719 si
882 1687 1033 1719 fuissem
1061 1686 1228 1720 absolute
1251 1693 1286 1720 et
1311 1699 1383 1720 non
1410 1687 1576 1721 collative
1602 1687 1776 1732 loquutus
1798 1689 1844 1731 (et
1866 1687 1934 1721 hoc
1961 1701 2004 1721 ex
2031 1689 2260 1723 ordinatione

398 1754 562 1799 ejusdem
595 1754 720 1787 matris
755 1766 833 1786 mee
863 1753 1043 1787 facultatis
1078 1753 1276 1800 theologie,
1311 1755 1416 1799 eujus
1451 1754 1685 1796 ordinationi,
1721 1754 1956 1800 dispositioni
1989 1762 2024 1789 et
2053 1756 2259 1790 omnimode

396 1821 690 1854 determinationi
706 1833 761 1854 me
779 1821 933 1854 submisi
950 1827 985 1854 et
1001 1821 1239 1863 submitto,ae
1256 1822 1362 1855 etiam
1381 1822 1543 1855 ultranea
1560 1822 1770 1866 voluntate),
1788 1822 1976 1856 veritatem
1993 1835 2063 1869 que
2081 1824 2259 1869 sequitur,

397 1901 501 1933 quam
525 1888 671 1933 quidem
693 1888 879 1921 veritatem
907 1888 1069 1933 predicta
1093 1888 1243 1921 facultas
1267 1888 1446 1922 submittit
1465 1889 1760 1922 determinationi
1781 1889 1936 1923 ecclesie
1960 1891 2053 1923 sacri
2077 1891 2260 1936 generalis

393 1956 548 1989 Concilii
574 1962 609 1988 et
634 1962 756 1988 sancte
783 1955 882 1988 sedis
910 1955 1123 2000 apostolice,
1151 1956 1322 1989 videlicet
1347 1968 1353 1989 :
1383 1971 1398 1987 «
1422 1968 1548 1990 omnes
1574 1963 1773 2002 potestates
1791 1957 2062 2002 jurisdictionis
2088 1958 2260 1992 ecclesia-

392 2023 494 2064 stice,
518 2023 586 2055 alie
607 2035 624 2056 a
647 2022 763 2068 papali
785 2029 976 2068 potestate,
1000 2030 1085 2056 sunt
1105 2023 1148 2056 ab
1166 2023 1246 2068 ipso
1263 2023 1410 2057 Christo
1427 2030 1599 2068 quantum
1621 2024 1665 2057 ad
1686 2024 1951 2057 institutionem
1974 2031 2010 2058 et
2029 2025 2258 2059 collationem

395 2090 619 2135 primariam·⁷
643 2102 660 2122 a
683 2102 771 2135 papa
792 2096 909 2123 autem
933 2096 968 2123 et
987 2090 1031 2123 ab
1053 2090 1206 2123 ecclesia
1228 2097 1400 2135 quantum
1425 2091 1468 2123 ad
1490 2090 1741 2124 limitationem
1764 2098 1799 2124 et
1819 2091 2131 2137 dispensationem
2153 2093 2259 2126 mini-

394 2157 596 2190 sterialemss
619 2171 649 2190 ».

482 2225 568 2257 Acta
589 2225 737 2257 suerunt
757 2224 823 2257 hec
844 2225 880 2257 in
902 2224 1009 2257 dictis
1030 2224 1141 2258 scolis
1162 2225 1310 2257 fratrum
1333 2226 1506 2258 Heremit.
1526 2227 1564 2258 B.
1583 2226 1693 2271 Aug,
1712 2226 1945 2271 presentibus
1961 2227 2005 2259 ad
2026 2226 2093 2260 hoc
2109 2239 2260 2261 venera-

396 2291 530 2324 bilibus
545 2298 579 2324 et
592 2291 866 2336 circumspectis
883 2291 971 2324 viris
987 2291 1171 2336 magistris
1188 2292 1343 2324 Martino
1358 2291 1510 2332 Chabot,
1527 2292 1691 2326 Johanne
1707 2293 1850 2334 Solerii,
1868 2293 2055 2326 Gauffrido
2073 2295 2257 2336 Normani,

393 2358 555 2391 Johanne
586 2359 727 2399 Bocart,
762 2358 798 2390 in
826 2357 965 2391 artibus
997 2358 1180 2403 magistris
1211 2365 1245 2391 et
1273 2358 1508 2392 bacchalariis
1536 2360 1698 2392 formatis
1729 2360 1765 2392 iu
1792 2359 1990 2405 theologia,
2019 2372 2058 2394 ac
2085 2360 2258 2394 fratribus

395 2425 591 2458 Guillelmo
621 2425 794 2466 Danielis,
828 2424 1009 2470 Stephano
1032 2425 1175 2458 Morelli
1197 2432 1232 2458 et
1256 2425 1404 2458 Nicolao
1428 2426 1591 2467 Juvenis,
1615 2426 1719 2459 etiam
1747 2427 1783 2459 in
1812 2426 1994 2471 theologia
2022 2427 2258 2462 bacchalariis

394 2492 570 2533 formatis,
593 2504 672 2525 cum
700 2492 868 2537 pluribus
889 2492 970 2525 aliis
994 2492 1180 2537 magistris
1202 2499 1237 2525 et
1264 2489 1468 2526 scolaribus
1494 2493 1629 2526 ibidem
1656 2493 1912 2535 existentibus,
1944 2494 2100 2528 testibus
2125 2495 2169 2528 ad
2190 2495 2256 2529 hec

395 2559 530 2592 vocatis
547 2566 582 2591 et
602 2559 751 2603 rogatis.
1507 2561 1557 2593 Ita
1578 2566 1644 2593 est.
1668 2561 1706 2593 L.
1730 2562 1944 2594 Pou'rassLLl.

488 2670 622 2701 Originale
642 2670 668 2693 in
689 2671 766 2694 Arch.
783 2674 836 2694 nat.
855 2670 950 2701 Pnris.‚
965 2672 988 2694 M
1002 2672 1041 2701 71,
1059 2676 1087 2694 11⁰
1105 2672 1128 2695 1.
1143 2671 1207 2695 Cod.
1224 2672 1281 2694 vat.
1303 2672 1366 2702 Reg.
1386 2672 1433 2695 lat.
1456 2673 1510 2701 870,
1528 2672 1572 2696 sol.
1591 2672 1642 2701 271‘,
1661 2681 1674 2695 e
1693 2681 1743 2704 quo
1766 2672 1915 2704 inscriptio.
1933 2687 1965 2690 —
1983 2671 2168 2703 D'Anonmnfi,
2190 2674 2256 2698 Coll.

390 2716 464 2744 jud„
479 2715 510 2742 Π,
527 2724 552 2745 p.
571 2716 616 2737 239
632 2723 671 2746 sq.

488 2812 511 2836 1.
530 2812 591 2835 (lod.
610 2813 671 2843 aeg.
686 2820 691 2835 :
710 2822 721 2835 «
736 2813 887 2844 Gudrigarii
903 2822 924 2836 ι).
942 2827 969 2831 --
986 2813 1010 2838 2.
1025 2814 1097 2841 Quae
1115 2817 1261 2845 sequuntur
1282 2822 1364 2846 usquc
1381 2823 1392 2837 «
1409 2815 1522 2846 quadam
1542 2823 1552 2838 ν
1569 2815 1665 2838 desunt
1679 2824 1722 2846 ap.
1739 2815 1925 2839 D'Anczxrnfi.
1941 2829 1972 2833 -
1985 2815 2009 2840 3.
2024 2825 2036 2837 α
2053 2815 2078 2838 in
2140 2823 2226 2838 rerum
2243 2825 2255 2836 n

396 2856 490 2878 desunt
504 2865 546 2886 ap.
564 2857 748 2880 D'AnGExTur„
767 2871 797 2874 —
818 2858 843 2883 4.
862 2858 979 2881 Eandem
998 2858 1104 2881 omnino
1123 2858 1278 2882 sententiam
1298 2859 1377 2882 etiam
1397 2859 1530 2883 Johannes
1553 2859 1684 2888 Sari-usin,
1707 2860 1738 2884 Ο.
1754 2860 1857 2888 Praed.,
1878 2868 1920 2883 an.
1940 2860 2000 2883 1430
2017 2868 2135 2884 asserere
2149 2863 2254 2884 coactus

396 2904 459 2923 erut.
478 2901 533 2924 Vid.
550 2909 630 2931 supra
646 2910 671 2932 p.
689 2903 742 2931 t75,
757 2905 808 2925 not.
827 2902 849 2925 1.
