2502 3418
395 328 461 360 324
975 336 1294 359 CHARTULARIUM
1330 335 1520 357 nummis.
1557 334 1687 356 PAais.
2167 319 2267 356 [1416

399 412 565 444 Sanctum
587 411 806 450 Maturinum
830 411 991 443 Parisius
1020 416 1170 455 propter
1189 409 1257 442 hoc
1279 409 1527 453 nonnullaque
1554 408 1665 441 ardua
1695 407 1840 452 negotia
1871 406 2121 451 pertractanda
2146 406 2268 439 solen-

396 479 491 511 niter
510 477 702 518 celebrata,
727 484 808 522 post
828 484 1003 510 maturam
1025 484 1060 509 et
1086 477 1293 509 diuturnam
1314 475 1615 508 deliberationem
1638 486 1671 506 m
1678 499 1860 506 .............
1866 472 2007 506 biliter¹
2030 472 2267 517 prehabitam,

399 544 567 578 nolentes
592 545 636 577 de
662 544 774 589 regiis
796 544 1028 588 pertinentiis
1054 549 1114 575 aut
1134 542 1309 587 predictis
1331 541 1534 582 s[ubsidiis]
1556 540 1760 581 detrahere,
1784 540 1855 572 nisi
1880 546 2051 584 quantum
2079 539 2270 584 privilegia

399 611 534 644 dudum
558 611 665 644 nobis
682 622 858 643 concessa
876 617 910 643 et
930 610 1130 650 hactemus]
1147 608 1338 641 observata
1360 607 1570 652 prestarint,
1588 607 1632 640 ad
1653 606 1837 639 inutilium
1855 606 2140 647 distractionem,
2159 606 2189 638 si
2207 606 2269 650 qui

399 678 484 719 sint,
508 685 542 711 et
562 678 733 722 majorem
755 688 925 710 verorum
947 676 1200 709 officiat-iorum
1225 681 1434 707 nostrorum
1456 674 1633 714 notitiam,
1655 673 1699 706 ad
1725 685 1817 718 quos
1842 674 1926 718 jure
1948 679 1983 705 et
2002 672 2269 705 consuetudine

400 751 524 777 nostra
544 743 735 789 privilegia
759 755 798 775 se
820 742 1021 775 extendunt
1039 743 1193 784 (attento
1215 741 1312 785 quod
1342 752 1517 773 numerus
1538 751 1706 773 verorum
1729 739 2087 784 pergamenariorum
2114 745 2170 772 est
2195 750 2271 771 mo-

399 811 516 852 dicus,
540 817 574 843 et
595 810 692 855 quod
718 810 822 842 etiam
846 808 1001 841 officium
1030 820 1156 840 eorum
1187 814 1243 840 est
1269 807 1374 840 valde
1402 806 1671 839 neccessarium
1699 813 1734 839 et
1760 812 2004 851 opportunum
2036 805 2097 838 tali
2129 805 2270 850 gremio

399 878 493 910 sicut
514 883 568 909 est
590 876 816 909 Universitas
840 875 1059 907 Parisiensis
1080 886 1119 907 ac
1142 874 1247 906 etiam
1276 874 1341 906 toti
1369 873 1618 906 communitati
1638 884 1721 918 ymo
1742 872 1943 905 litterarum
1966 872 2091 913 studii,
2114 878 2150 904 et
2170 883 2271 904 exer-

397 944 520 976 citium
544 943 776 976 scientiarum
799 948 991 986 oportune,
1020 953 1145 974 verum
1175 940 1281 973 etiam
1312 947 1435 973 coacte
1465 939 1651 983 concernit
1679 939 1902 981 utilitatem),
1929 950 2056 971 omnes
2082 949 2271 983 pergame-

399 1010 521 1043 narios
542 1009 704 1042 Parisius
725 1014 1005 1049 commorantes,
1029 1013 1207 1052 quotquot
1233 1007 1306 1039 sint
1331 1013 1391 1039 aut
1415 1007 1563 1048 suerint,
1586 1006 1726 1039 litteras
1755 1005 2021 1038 testimoniales
2051 1004 2119 1038 sub
2147 1004 2271 1050 sigillo

397 1076 553 1109 rectorie
571 1075 626 1118 (ad
643 1075 845 1108 tollendum
868 1086 1030 1107 errorem
1049 1080 1084 1106 et
1109 1074 1282 1118 majorem
1303 1085 1474 1107 verorum
1497 1073 1673 1116 notitiam)
1691 1083 1803 1117 super
1823 1071 1891 1105 hoe
1912 1071 2102 1113 habentes,
2121 1071 2271 1117 privile-

398 1143 482 1187 giis,
505 1142 711 1174 franchisiis
734 1148 768 1174 et
794 1140 1025 1174 libertatibus
1047 1140 1154 1173 nobis
1176 1147 1210 1173 et
1236 1140 1438 1185 suppositis
1460 1140 1597 1172 nostris
1618 1139 1808 1172 concessis
1833 1145 1869 1172 et
1893 1138 2142 1172 concedendis
2165 1138 2216 1171 uti
2237 1144 2273 1181 et

398 1209 556 1255 gaudere
577 1208 746 1242 volumus
769 1215 803 1241 et
824 1208 1068 1248 decrevimus,
1086 1207 1330 1252 volumusque
1353 1213 1388 1239 et
1413 1207 1646 1240 decernimus
1672 1218 1737 1251 per
1757 1212 1962 1251 presentes,
1986 1205 2076 1238 Hinc
2098 1211 2154 1238 est.
2174 1204 2272 1250 quod

398 1275 568 1308 omnibus
590 1282 625 1308 et
646 1274 816 1320 singulis,
836 1286 990 1319 quorum
1012 1274 1166 1307 interest
1186 1280 1246 1306 aut
1264 1274 1445 1314 intererit,
1463 1273 1713 1318 significamus
1735 1279 1770 1306 et
1788 1273 1912 1306 verius
1933 1279 2157 1313 attestamur,
2175 1272 2272 1317 quod

399 1342 569 1376 omnibus
601 1341 889 1387 pergamenariis
920 1341 1078 1381 emendi,
1106 1341 1291 1374 vendendi
1322 1352 1582 1386 pergamenum
1613 1347 1648 1373 et
1677 1340 1797 1373 omnia
1828 1339 1907 1380 alia,
1937 1351 2007 1384 que
2037 1339 2080 1372 ad
2113 1338 2269 1372 officium

400 1409 734 1454 pergamenariatus
756 1409 953 1454 pertinent,
977 1407 1173 1440 exercendi
1204 1407 1386 1440 licentiam
1414 1414 1448 1440 et
1477 1407 1681 1440 facultatem
1707 1406 1959 1440 concessimus
1981 1412 2016 1439 et
2035 1405 2272 1438 concedimus

398 1483 524 1509 tenore
561 1476 783 1520 presentium
820 1475 1035 1512 litterarum,
1064 1474 1108 1507 ab
1141 1474 1279 1507 eisdem
1313 1474 1601 1519 pergamenariis
1633 1474 1828 1519 perprius
1861 1473 2024 1518 prestitis
2054 1472 2273 1517 juramentis

400 1542 617 1576 solennibus
640 1543 684 1575 de
706 1543 802 1575 dicto
824 1542 943 1575 officio
965 1541 1303 1587 pergameneriatus
1324 1541 1484 1574 fideliter
1505 1541 1722 1582 exercendo,
1746 1547 1854 1585 prout
1884 1540 1922 1572 in
1946 1539 2116 1585 registris
2141 1546 2176 1572 et
2205 1545 2275 1572 sta-

401 1610 487 1643 tutis
517 1610 655 1642 nostris
685 1609 860 1642 hactenus
892 1620 1004 1654 super
1033 1608 1101 1641 hoc
1132 1608 1236 1641 sactis
1266 1608 1478 1653 hujusmodi
1502 1609 1706 1653 juramenta
1733 1607 1841 1640 latius
1872 1613 1958 1640 sunt
1984 1618 2169 1652 expressa,
2192 1618 2273 1639 cum

401 1676 683 1709 solennitatibus
705 1676 786 1709 aliis
808 1676 845 1708 in
866 1675 1000 1708 talibus
1026 1675 1104 1708 fieri
1132 1675 1334 1708 consuetis.
1367 1677 1407 1708 ln
1438 1676 1543 1720 cujus
1573 1675 1626 1707 rei
1655 1674 1902 1708 testimonium
1924 1673 2087 1719 sigillum
2109 1679 2274 1706 nostrum

404 1755 569 1789 magnum
593 1742 829 1788 presentibus
850 1742 982 1775 litteris
1004 1742 1173 1775 duximus
1194 1742 1463 1787 apponendum.
1494 1743 1620 1774 Datum
1650 1748 1685 1774 et
1713 1748 1830 1774 actum
1856 1740 2017 1773 Parisius
2050 1740 2087 1772 in
2114 1739 2275 1785 predicta

403 1817 525 1843 nostra
540 1810 827 1855 congregatione
845 1809 1007 1855 generali
1024 1809 1120 1854 apud
1138 1810 1307 1842 Sanctum
1325 1809 1559 1850 Maturinum,
1578 1815 1617 1841 ut
1632 1808 1843 1853 predicitur,
1862 1807 2065 1840 solenniter
2080 1806 2273 1847 celebrata,

405 1889 498 1910 anno
521 1877 665 1909 Domini
686 1876 881 1910 millesimo
903 1876 1266 1921 quadringentesimo
1289 1876 1430 1909 decimo
1453 1882 1567 1915 sexto,
1595 1875 1653 1908 die
1674 1875 1767 1919 xiiija
1787 1874 1924 1907 mensis
1946 1873 2183 1919 Septembris.

499 1974 616 1998 Minuta
636 1974 752 1997 chartac.
775 1974 802 1996 in
823 1974 899 1997 Arch.
923 1977 977 1996 not.
1000 1973 1093 2001 Paris,
1116 1974 1140 1996 M
1156 1974 1193 2003 68,
1209 1978 1238 1996 n0
1253 1974 1298 1996 113
1318 1973 1391 2002 (olim
1409 1974 1438 1996 D.
1455 1974 1491 1997 19.
1512 1974 1544 2002 a).
1562 1974 1581 1996 A
1596 1976 1671 2004 tergo
1687 1980 1692 1995 t
1711 1981 1722 1995 «
1738 1973 1789 1995 voz
1812 1975 1865 1995 tres
1885 1971 2007 1995 humbles
2024 1975 2048 1994 et
2070 1971 2130 1994 bien
2145 1971 2275 1994 veuillans

406 2019 514 2050 subgetz
534 2019 572 2041 les
593 2022 695 2041 recteur
710 2022 734 2041 et.
750 2018 872 2042 maistres
889 2019 920 2041 de
936 2018 1104 2042 l'Universite
1119 2018 1150 2041 de
1164 2018 1238 2041 Paris
1255 2027 1277 2041 υ.
1297 2018 1446 2048 JounnAIN,
1462 2018 1571 2043 n01133.
1586 2017 1651 2040 nihil
1667 2017 1717 2040 nisi
1731 2017 1838 2040 titulum
1854 2016 2020 2039 instrumenti
2036 2024 2049 2039 e
2065 2016 2128 2047 Reg.
2144 2016 2174 2038 98
2190 2018 2275 2039 norat.

499 2103 523 2127 1.
540 2103 727 2126 Dilaceratum.

410 2226 553 2263 2074.
576 2235 712 2269 Magistri
728 2239 857 2269 regentes
873 2236 932 2269 fac.
949 2234 1109 2260 medicinae
1125 2243 1173 2260 an.
1191 2235 1347 2260 1416-1417

1619 2286 1691 2315 1476,
1707 2285 1822 2311 uoremb.
1839 2286 1863 2314 3,
1878 2285 1991 2310 Parisiis.

499 2376 605 2407 Anno
627 2374 772 2407 Domini
794 2374 988 2406 millesimo
1016 2374 1152 2407 CCCC⁰
1164 2375 1276 2414 XVP,
1309 2373 1366 2406 die
1394 2373 1520 2406 martis
1548 2373 1658 2406 tercia
1684 2372 1913 2414 Novembris,
1937 2371 2101 2416 magistri
2123 2382 2275 2415 quorum

412 2442 555 2474 nomina
577 2441 853 2485 subsequuntur
874 2441 1090 2485 inceperunt
1111 2440 1287 2473 lectiones
1310 2452 1394 2473 suas
1415 2440 1618 2473 ordinarias
1641 2452 1705 2485 pro
1728 2439 1890 2485 regentia
1912 2439 2028 2472 tocius
2050 2437 2133 2470 anni
2157 2449 2164 2469 ι

499 2540 624 2565 Thomas
638 2540 674 2565 de
690 2540 716 2565 S.
733 2540 826 2565 Petro.
1449 2538 1591 2565 Robertus
1606 2539 1642 2565 de
1657 2539 1683 2564 S.
1702 2539 1857 2564 Germano.

502 2588 589 2614 Guill.
607 2589 643 2614 de
658 2588 788 2614 Camera.
1449 2588 1590 2614 Hanricus
1606 2588 1729 2621 Doigny.

499 2638 564 2663 Joh.
582 2637 712 2662 Comitis.
1449 2637 1537 2663 Guill.
1554 2637 1677 2669 Nepotis.

500 2686 565 2712 Joh.
584 2686 708 2719 Leporis.
1448 2685 1542 2710 Droco
1558 2685 1675 2710 Decani.

501 2735 566 2760 Joh.
584 2735 619 2761 de
634 2734 792 2760 Martrolio.
1450 2734 1516 2759 Joh.
1531 2733 1647 2758 Casson.

501 2784 566 2809 Joh.
584 2784 742 2816 Tanquart.
1448 2782 1514 2807 Joh.
1532 2781 1626 2807 Basin.

502 2832 567 2857 Joh.
586 2831 696 2857 Belard.
1448 2831 1508 2857 Yvo
1524 2831 1613 2857 Levis.

503 2880 625 2905 Jacobus
639 2880 824 2912 Saequespee.
1343 2889 1347 2903 ι
1449 2880 1514 2906 Joh.
1532 2880 1568 2906 de
1581 2879 1658 2905 Pisis.
