2502 3418
372 350 436 382 666
950 357 1267 380 CHARTULARIUM
1303 356 1492 379 uxivssns.
1529 356 1657 378 rmus.
2136 341 2237 379 [1446

373 476 517 514 2606.
545 487 610 511 Cum
625 485 680 510 dno
697 485 830 519 magistri
843 494 904 510 cum
919 489 1028 520 septem
1042 484 1233 518 scholaribus,
1255 483 1304 519 qui
1321 483 1471 518 faciebant
1486 492 1501 508 α
1517 483 1568 509 des
1576 483 1728 517 jeunesses
1744 491 1768 516 »,
1787 482 1815 507 ίη
1838 482 1991 508 Castelleto
2007 482 2115 508 detenti
2132 485 2235 516 essent,

462 544 509 561 eos
529 534 662 569 magistri
680 534 740 560 ΙοΙι.
765 534 883 560 Beraud
902 538 929 560 et
943 534 1003 560 Joh.
1028 533 1256 559 Pain-et-Cliair
1274 533 1302 558 in
1317 533 1503 558 Parlamento
1519 532 1571 558 sub
1587 532 1805 558 comminatione
1825 532 2017 557 cessationum
2033 531 2235 557 reclamarunt.

462 586 637 610 Procurator
650 584 725 618 regis
740 592 787 609 eos
804 583 974 619 increpabat
990 583 1164 609 vehementer
1177 591 1232 608 non
1247 581 1469 618 obtemperando
1485 591 1580 608 eorum
1597 581 1753 607 mandalis.

1495 671 1571 701 1446,
1587 671 1720 698 Februarii
1731 672 1824 700 22-23,
1839 671 1959 706 Parisiis.-

465 761 581 794 Mardi
602 761 687 805 xxije
701 762 787 805 jour
808 761 864 801 [de
886 761 1056 801 Fevrier].
1075 780 1117 784 ——
1136 760 1225 793 Sont
1242 772 1358 793 venuz
1380 772 1424 792 en
1445 760 1477 793 la
1498 767 1602 793 court
1622 760 1757 793 durans
1778 760 1832 793 les
1853 759 2086 805 plaidoieries
2108 759 2141 792 le
2162 771 2236 792 rec-

375 836 456 862 teur
478 829 521 861 de
549 828 781 861 l'UniversitC¹
810 828 854 860 de
882 827 996 868 Paris,
1023 827 1168 860 maistre
1196 827 1309 860 Jehan
1337 827 1492 869 Beraud,
1521 828 1666 861 maistre
1686 827 1799 861 Jehan
1826 827 2038 860 Painetchar
2058 834 2093 860 et
2118 833 2239 860 autres

375 908 513 941 suppos
536 895 579 928 de
600 895 834 928 l'Universite
856 895 899 927 de
927 895 1027 927 Paris
1048 907 1092 927 en
1114 906 1217 927 asses
1237 901 1343 939 grant
1370 894 1534 936 nombre,
1558 895 1723 940 lesquelx
1744 901 1806 927 ont
1826 895 1888 928 fait
1908 895 1986 927 dire
2008 901 2043 927 et
2062 906 2239 939 proposer

375 963 419 996 de
441 975 503 1008 par
524 962 654 995 ladicte
671 962 892 998 Universite,
916 973 979 1005 par
1000 961 1031 994 la
1053 960 1194 994 bouche
1212 961 1316 994 dudit
1336 961 1559 1003 Painetchar,
1578 974 1647 1007 que
1669 973 1732 1007 par
1751 961 1805 994 les
1826 961 2024 1006 privileges
2045 961 2089 994 de
2110 960 2239 993 ladicte

376 1030 583 1063 Universite
605 1029 658 1062 les
680 1028 856 1061 escoliers
878 1028 1020 1061 d'icelle
1045 1040 1090 1061 ne
1112 1028 1260 1061 doivent
1286 1040 1378 1073 pour
1402 1040 1462 1062 cas
1489 1028 1592 1074 leger
1612 1029 1707 1062 tenir
1729 1028 1855 1074 prison
1876 1029 2025 1069 fermee,
2047 1028 2185 1070 aineois
2205 1027 2238 1060 le

375 1103 522 1142 prevost
538 1096 582 1129 de
599 1096 699 1128 Paris
717 1107 762 1128 ou
782 1108 849 1128 son
866 1095 1066 1128 lieutenant
1082 1107 1127 1128 ou
1145 1101 1267 1128 autres
1284 1096 1345 1140 qui
1366 1095 1420 1129 les
1438 1095 1695 1129 detendroient
1715 1102 1849 1129 tantost
1868 1095 1922 1128 les
1940 1095 2088 1128 doivent
2107 1095 2239 1128 rendre

374 1167 391 1197 ἐι
412 1163 664 1205 l'Universite3
689 1170 723 1196 et
745 1175 783 1196 se
805 1169 940 1196 tantost
960 1175 1004 1195 ne
1026 1162 1059 1195 le
1081 1163 1169 1204 font,
1193 1169 1328 1196 tantost
1356 1163 1401 1196 ilz
1431 1170 1567 1208 peuent
1591 1163 1678 1196 faire
1700 1163 1909 1196 cessacions
1930 1175 1975 1196 en
2000 1162 2130 1195 ladicte
2151 1162 2240 1196 Uni-

373 1231 521 1272 versite,
543 1230 665 1275 lequel
693 1237 728 1263 et
754 1237 876 1263 autres
904 1229 1103 1275 privileges
1125 1229 1283 1263 chascun
1311 1229 1468 1263 escolier
1489 1231 1587 1275 jure,
1609 1237 1645 1263 et
1670 1230 1789 1263 iceulx
1811 1236 1894 1263 sont
1919 1236 2025 1263 tenuz
2053 1230 2185 1275 garder
2206 1236 2241 1263 et

375 1298 550 1331 ohserver
578 1299 613 1331 in
642 1298 712 1331 vim
734 1297 958 1343 jm·c1menti;
985 1304 1020 1330 et
1049 1309 1089 1330 se
1117 1297 1346 1330 neantmoins
1379 1297 1412 1330 le
1440 1310 1499 1330 cas
1526 1298 1713 1342 requeroit
1742 1298 1881 1342 prison,
1904 1297 1959 1339 les
1980 1297 2156 1330 escoliers
2178 1297 2239 1342 qui

373 1365 536 1398 seroient
556 1365 786 1410 prisonniers
808 1364 957 1398 doivent
973 1371 1069 1397 estre
1091 1365 1159 1398 mis
1176 1368 1215 1397 es
1237 1364 1398 1397 maisons
1420 1377 1466 1397 ou
1488 1365 1628 1397 maison
1650 1364 1804 1397 d'aueun
1825 1364 2023 1410 bourgois¹
2043 1364 2087 1397 de
2107 1364 2238 1397 ladicte

371 1433 456 1466 ville
478 1444 570 1478 pour
591 1432 731 1477 prison,
759 1439 794 1465 et
813 1438 1017 1465 autrement
1037 1444 1082 1464 ne
1106 1432 1255 1465 doivent
1279 1439 1375 1465 estre
1401 1432 1668 1476 emprisonnez.
1690 1432 1928 1465 Aucuneffoiz
1955 1444 2002 1464 on
2029 1431 2170 1477 appelle
2193 1444 2238 1464 ou

370 1500 556 1545 appellent
582 1511 762 1544 avecques
785 1499 868 1532 eulx
893 1499 1079 1544 l'evesque
1101 1500 1145 1532 de
1172 1499 1273 1532 Paris
1300 1511 1393 1544 pour
1413 1499 1612 1532 demander
1632 1506 1667 1532 et
1691 1499 1858 1544 requerir
1881 1499 1949 1532 telz
1970 1498 2146 1532 escoliers
2167 1499 2240 1544 pri-

371 1568 541 1601 sonniers
564 1574 662 1600 estre
684 1567 842 1600 delivrez
870 1570 887 1600 a
915 1567 1045 1600 ladicte
1067 1567 1276 1600 Universite
1298 1579 1343 1599 ou
1366 1567 1434 1600 inis
1455 1567 1685 1612 prisonniers
1706 1566 1796 1600 ehex
1817 1579 1866 1600 un
1886 1566 2077 1612 bourgois,
2100 1578 2239 1599 comme

371 1636 422 1668 dit
444 1641 510 1667 est..
534 1635 624 1668 Mais
646 1647 719 1667 non
741 1641 910 1679 pourtant
931 1641 987 1667 est
1006 1646 1046 1667 ce
1068 1646 1138 1679 que
1160 1634 1345 1679 l’evesque
1367 1634 1412 1667 de
1434 1634 1534 1667 Paris
1555 1646 1599 1667 en
1620 1646 1683 1679 aye
1710 1647 1755 1667 ou
1784 1634 1933 1668 doivent
1962 1634 2063 1668 avoir
2082 1645 2238 1667 aucune-

370 1709 469 1735 ment
489 1702 519 1735 la
543 1702 737 1735 detencion
759 1714 805 1734 ou
828 1702 966 1747 prison.
990 1703 1033 1734 Et
1053 1713 1123 1747 que
1141 1714 1181 1734 ce
1203 1701 1438 1743 nonobstant,
1456 1702 1587 1747 depuis
1605 1714 1742 1735 aucuns
1758 1703 1885 1747 jours²
1903 1713 1948 1734 en
1965 1714 2016 1744 ea,
2035 1708 2118 1735 sont
2139 1701 2239 1734 dete-

370 1782 438 1802 nuz
465 1770 694 1815 prisonniers
722 1781 767 1802 en
795 1769 981 1803 Chastelet
1010 1769 1178 1802 maistres
1198 1771 1358 1814 Ja[ques]
1379 1769 1423 1802 de
1452 1769 1580 1802 Gouda
1609 1776 1644 1802 et
1670 1770 1806 1802 Teman
1834 1781 1901 1802 son
1928 1770 2036 1811 frere,
2067 1769 2239 1811 Franoois

371 1837 509 1878 Bertin,
534 1837 665 1870 Girard
691 1837 735 1869 de
757 1837 948 1882 Cremyne,
976 1836 1128 1870 Charles
1150 1837 1194 1869 de
1216 1836 1446 1882 Rogbroeck,
1471 1837 1613 1882 Loquin
1635 1837 1678 1869 de
1701 1838 1814 1878 Honc,
1840 1836 1971 1870 Girard
1999 1836 2044 1869 de
2073 1837 2237 1881 Camery,

370 1904 483 1938 Jehan
505 1904 608 1937 Halet
629 1911 664 1937 et
687 1906 717 1937 J.
745 1904 977 1946 Outreman³,
1003 1904 1064 1949 qui
1086 1910 1169 1937 sont
1196 1903 1326 1937 nobles
1348 1916 1440 1949 gens
1468 1909 1501 1938 et
1523 1915 1596 1949 pro
1623 1915 1704 1937 casu
1724 1904 1791 1938 levi
1809 1909 1841 1938 et
1862 1903 2051 1946 levissimo,
2073 1903 2239 1948 lesquelx

372 1979 506 2005 tantost
525 1972 647 2004 surent
667 1971 791 2016 requis
812 1971 912 2004 audit
932 1978 1081 2016 prevost
1102 1983 1147 2004 ou
1170 1983 1237 2004 son
1263 1971 1464 2004 lieutenant
1484 1971 1528 2004 de
1555 1971 1610 2004 les
1631 1971 1763 2004 rendre
1785 1970 1889 2004 selon
1911 1977 1947 2004 et
1967 1983 2011 2003 en
2034 1970 2187 2016 gardant
2205 1970 2237 2004 la

371 2040 486 2072 forme
506 2039 550 2071 de
572 2039 672 2072 leurs
692 2038 905 2084 privileges,
928 2038 1050 2083 lequel
1077 2050 1121 2071 en
1149 2039 1245 2071 avoit
1265 2042 1341 2071 este
1363 2045 1398 2071 et
1425 2050 1578 2071 encores
1606 2038 1715 2071 estoit
1741 2039 1904 2071 resusant
1931 2050 1976 2070 ou
1998 2050 2043 2071 en
2065 2038 2237 2071 domeure

372 2119 416 2139 en
443 2107 567 2140 faveur
589 2107 633 2139 de
663 2106 848 2151 l‘evesque
876 2106 920 2138 de
951 2106 1065 2147 Paris,
1095 2106 1216 2150 lequel
1247 2105 1272 2138 il
1300 2106 1411 2139 disoit
1444 2118 1583 2138 comme
1611 2117 1671 2139 ses
1696 2105 1812 2138 clercz
1838 2117 1884 2138 ou
1910 2112 2111 2138 autrement
2138 2105 2239 2139 avoir

372 2174 508 2219 requis.
531 2174 732 2218 L'evesque
753 2173 866 2214 aussi,
884 2172 954 2205 asin
976 2185 1046 2217 que
1069 2172 1120 2205 lui
1141 2173 1307 2206 seussent
1322 2173 1458 2206 renduz
1479 2185 1542 2218 par
1558 2172 1647 2205 ledit
1667 2179 1827 2218 prevost,
1846 2184 1891 2205 en
1912 2172 2008 2206 avoit
2027 2172 2150 2205 baillie
2167 2184 2237 2205 une

372 2247 542 2286 requeste
565 2253 610 2273 en
630 2241 662 2273 la
684 2247 787 2273 court
808 2241 852 2273 de
874 2252 995 2281 ceans,
1018 2240 1176 2285 laquelle
1197 2240 1292 2274 avoit
1318 2240 1483 2273 ordonne
1514 2240 1602 2273 faire
1623 2240 1935 2273 commandement
1965 2239 2064 2272 audit
2091 2246 2239 2285 prevost

372 2309 415 2341 de
437 2309 491 2341 les
512 2308 563 2341 lui
585 2308 730 2349 rendre,
758 2315 794 2341 et
812 2320 857 2340 en
878 2320 936 2341 cas
959 2308 1226 2352 d’opposicion,
1249 2307 1303 2340 les
1331 2319 1515 2353 opposans
1541 2307 1711 2352 adjornez
1732 2319 1853 2349 ceans,
1879 2314 1913 2340 et
1938 2319 2025 2340 souz
2046 2306 2172 2340 umbre
2192 2307 2237 2340 de

371 2388 424 2417 ce,
443 2375 587 2408 avoient
607 2375 738 2420 depuis
760 2378 837 2407 este
859 2381 894 2407 et
914 2386 1067 2407 encores
1089 2375 1247 2408 estoient
1267 2374 1496 2419 prisonniers
1518 2374 1621 2407 oudit
1640 2374 1853 2416 Chastellet,
1872 2386 1917 2407 en
1937 2381 2043 2420 grant
2062 2373 2181 2407 lesion
2202 2380 2238 2407 et

372 2443 546 2476 escandre
568 2443 612 2475 de
634 2442 765 2475 ladicte
787 2442 995 2475 Universite
1017 2448 1050 2474 et
1078 2442 1122 2474 de
1149 2454 1208 2475 ses
1230 2442 1301 2475 dits
1326 2441 1538 2486 privileges.
1570 2443 1765 2487 Pourquoy
1784 2441 1880 2475 avoit
1903 2441 2138 2475 l’Universite
2159 2445 2236 2474 este

372 2510 609 2554 grandement
637 2516 672 2542 et
698 2508 946 2542 notablement
972 2508 1190 2550 assemblee,
1212 2515 1248 2541 et
1276 2521 1338 2553 par
1359 2509 1497 2554 grande
1519 2515 1554 2541 et
1578 2515 1652 2541 tres
1674 2520 1798 2541 meure
1819 2508 2067 2541 deliberacion
2093 2508 2237 2541 avoient

372 2577 536 2610 ordonne
557 2577 640 2609 eulx
662 2577 962 2609 dessusnommez
983 2576 1086 2610 venir
1107 2588 1152 2609 en
1174 2576 1283 2609 ladite
1304 2583 1408 2609 court
1428 2582 1463 2609 et
1482 2583 1707 2609 remonstrer
1723 2588 1763 2609 ce
1780 2587 1850 2620 que
1872 2575 1924 2608 dit
1945 2582 2018 2617 est,
2042 2582 2074 2608 et
2096 2588 2140 2608 au
2161 2587 2236 2608 sur—

372 2644 453 2688 plus
475 2644 641 2688 requerir
662 2646 679 2676 ἐι
700 2643 805 2676 icelle
826 2650 930 2676 court
950 2655 1020 2688 que
1041 2643 1092 2676 lui
1113 2643 1234 2688 pleust
1254 2643 1335 2676 leur
1355 2643 1487 2676 rendre
1508 2655 1554 2676 ou
1577 2643 1664 2676 faire
1685 2643 1818 2676 rendre
1846 2643 1946 2676 leurs
1967 2643 2039 2675 dits
2061 2642 2236 2676 escoliers

373 2711 613 2755 prisonnicrs,
643 2717 677 2743 et
704 2710 837 2755 garder
858 2717 893 2743 et
920 2710 1014 2743 tenir
1035 2710 1134 2743 leurs
1156 2711 1228 2743 dits
1256 2710 1473 2756 privilege53
1495 2710 1588 2744 alias
1608 2710 1699 2755 quod
1722 2722 1766 2744 ex
1785 2721 1873 2743 nunc
1895 2715 2005 2754 prout
2024 2721 2068 2743 ex
2087 2715 2180 2751 tunc,
2202 2715 2236 2743 et

371 2789 413 2810 ex
434 2782 513 2810 tunc
527 2782 640 2821 prout
660 2788 703 2810 ex
724 2789 811 2810 nunc
831 2777 890 2818 ilz,
909 2789 1001 2822 pour
1016 2777 1149 2822 garder
1165 2777 1265 2810 leurs
1287 2789 1491 2819 seremens,
1507 2789 1576 2810 veu
1597 2789 1667 2822 que
1688 2777 1767 2809 leur
1784 2776 1962 2822 privilege
1984 2776 2145 2809 contient
2165 2788 2234 2821 que

372 2843 432 2887 qui
454 2855 497 2875 ne
519 2843 597 2875 leur
614 2844 743 2876 rendra
766 2843 864 2876 leurs
887 2844 1074 2886 escoliers,
1093 2844 1184 2889 quod
1197 2845 1322 2878 statim
1338 2849 1478 2885 cessent,
1502 2844 1547 2877 ilz
1568 2843 1794 2889 signifioient
1814 2850 1849 2876 et
1869 2850 1932 2876 ont
1957 2843 2101 2888 signifie
2123 2843 2235 2888 depar

372 2909 501 2942 ladicte
519 2910 725 2943 Universite
747 2911 934 2943 cessacion
957 2911 1064 2944 totale
1082 2924 1126 2944 en
1148 2911 1266 2944 icelle.
1289 2911 1508 2957 Desquelles
1530 2911 1686 2956 paroles,
1706 2917 1895 2956 requestes
1913 2917 1948 2943 et
1963 2910 2234 2956 significacions

495 2968 533 2990 84.
