2502 3418
417 335 483 368 308
999 345 1320 367 CHARTULARIUM
1345 344 1538 367 umvnns.
1575 344 1705 366 rimis.
2186 334 2286 371 [14'15

417 425 604 465 regentem
626 431 692 465 pro
713 419 898 453 ordinario
919 419 1089 464 sequenti
1109 419 1306 464 incipiente
1327 419 1364 451 in
1383 419 1478 451 festo
1496 418 1666 452 Omnium
1689 418 1901 451 Sanctorum
1923 426 2100 464 sequente
2121 421 2285 466 proximo

417 486 502 519 anni
522 486 707 520 millesimi
728 487 886 520 CCCCmi
907 486 1171 532 quintidecimi,
1188 486 1267 519 viso
1285 481 1383 530 qued
1404 485 1523 518 dictus
1544 482 1718 530 magister
1732 484 1889 529 Jacobus
1910 492 1986 519 erat
2006 492 2104 520 extra
2124 487 2285 522 Parisius

418 553 588 586 detentus
622 553 724 599 gravi
758 553 965 599 egritudine
998 559 1183 598 quartana,
1217 564 1283 585 nec
1315 558 1400 585 tunc
1432 558 1509 584 erat
1542 551 1638 584 dicto
1672 551 1847 596 magistro
1879 552 2057 586 securitas
2088 554 2286 588 accedendi

418 619 591 653 Parisius.
621 621 774 665 Propter
794 631 864 665 que
891 619 1042 652 facultas
1063 625 1159 652 mota
1181 617 1397 651 deliberavit
1424 617 1522 662 quod
1550 617 1629 662 ipsa
1656 616 1858 662 reputabat,
1886 625 2029 664 reputat
2048 626 2084 653 et
2103 620 2286 666 reputabit

418 686 619 731 predictum
641 687 852 732 magistrum
873 685 1046 719 Jacohum
1067 691 1256 731 regentem
1277 696 1317 717 ac
1337 684 1367 717 si
1389 690 1487 717 esset
1508 695 1676 729 presens,
1699 684 1870 729 quamdiu
1891 692 2041 731 propter
2060 698 2187 720 causas
2208 699 2286 733 pre-

417 753 531 786 dictas
551 753 661 786 fuerit
680 752 826 786 absens.
849 751 1086 785 Presentibus
1107 751 1293 797 magistris
1314 750 1514 784 Guillelmo
1534 750 1699 796 Nepotis.
1720 750 1799 784 Joh.
1823 751 1868 784 de
1888 752 1996 794 Pisis,
2013 754 2142 787 Yvone
2163 748 2284 795 Levis,

417 821 523 853 Petro
545 819 688 853 Brachii
709 826 744 852 et
763 819 931 864 pluribus
951 818 1044 852 aliis.

510 917 655 940 Comment.
672 917 721 940 sac.
735 916 813 944 med„
829 917 848 944 Ι,
864 924 891 947 p.
909 916 962 939 196.

507 1001 533 1026 1.
546 1001 654 1024 Celeber
668 1000 728 1024 Joh.
745 1000 875 1028 Chuss'art,
891 1000 1003 1023 sortasse
1020 1002 1082 1023 tunc
1097 1003 1192 1027 rector,
1211 999 1237 1022 in
1258 1000 1308 1023 suc.
1324 999 1490 1023 decretorum
1506 999 1639 1023 studebat.
1661 999 1784 1031 Legimus
1807 1000 1834 1023 in
1849 1000 1970 1025 Memor.
1990 1002 2046 1032 fac.
2068 1003 2179 1031 decret„
2196 1011 2246 1027 ms.
2262 1004 2283 1032 1,

417 1046 461 1069 sol.
478 1046 506 1069 13
521 1054 526 1069 :
544 1054 556 1068 α
569 1045 629 1068 Joh.
645 1044 774 1074 Chuffnrt,
790 1053 860 1076 mag.
877 1044 903 1067 in
920 1047 969 1067 art.
987 1047 1012 1067 et
1026 1044 1084 1067 bac.
1102 1044 1128 1067 in
1142 1043 1254 1067 decretis
1276 1043 1387 1075 incipiet
1405 1043 1522 1075 primum
1537 1043 1637 1067 librum
1650 1043 1822 1068 decretalium
1834 1045 1860 1068 in
1878 1045 1958 1069 scolis
1973 1046 2000 1069 in
2015 1046 2112 1078 quibu·
2127 1046 2192 1078 legit
2212 1055 2283 1080 mag.

416 1090 524 1114 Livinus
539 1098 588 1121 pro
602 1092 695 1121 quarto
710 1097 778 1112 anno
794 1093 819 1113 et
833 1092 927 1121 quarto
942 1089 1086 1120 volumine,
1099 1089 1124 1120 xj
1138 1088 1238 1112 octobr.
1256 1088 1317 1112 1415
1332 1097 1356 1112 ιο.

417 1256 542 1293 2051
554 1285 561 1293 .
589 1267 654 1291 Cum
670 1265 699 1291 in
712 1265 823 1301 proelio
839 1265 920 1301 apud
938 1264 1110 1291 Azincourt¹
1127 1269 1226 1291 contra
1243 1264 1351 1300 Anglos
1367 1273 1382 1291 α
1403 1268 1444 1290 tot
1459 1265 1615 1301 principes,
1637 1265 1757 1300 nobiles,
1775 1266 1882 1293 milites
1897 1276 1932 1293 ac
1948 1267 2070 1294 barones
2089 1268 2124 1295 de
2142 1269 2284 1304 sanguine

503 1314 580 1349 regio
597 1318 625 1340 et
639 1314 674 1340 de
692 1314 809 1340 natione
826 1313 979 1340 Gallicana
995 1314 1099 1340 mortui
1113 1317 1218 1347 essent,
1234 1318 1262 1340 et
1273 1314 1364 1350 pauci
1380 1313 1421 1340 vel
1435 1314 1509 1340 nulli
1525 1318 1621 1340 essent
1634 1314 1664 1340 in
1679 1314 1759 1341 dicta
1774 1315 1891 1342 natione
1910 1316 1978 1352 quin
1992 1316 2162 1343 habuissent
2177 1326 2284 1354 paren-

504 1367 554 1399 tes,
572 1365 690 1398 fratres,
709 1367 847 1398 cognatos
862 1367 915 1389 aut
931 1372 1008 1389 veros
1020 1363 1128 1390 amicos
1143 1372 1167 1398 ι,
1186 1364 1236 1399 qui
1248 1363 1413 1390 ceciderant
1428 1364 1457 1390 in
1468 1352 1594 1400 proelio:
1606 1363 1751 1390 servitium
1764 1373 1818 1401 pro
1830 1364 1975 1400 defunctis
1991 1365 2192 1393 ordinabatur.

1615 1453 1683 1484 1416,
1702 1453 1788 1480 octob.
1805 1455 1844 1484 31,
1861 1454 1977 1481 Parisii&

507 1542 582 1570 Bm...
595 1542 625 1572 V,
642 1543 695 1570 295,
710 1550 723 1565 e
738 1541 786 1565 lib.
801 1549 876 1573 proc.
893 1544 946 1565 nat.
964 1541 1055 1566 Gallie.
1073 1541 1138 1565 Nov.
1155 1541 1182 1564 11
1199 1541 1271 1573 apud
1286 1541 1432 1565 Naverram
1446 1541 1555 1573 vigiliae
1570 1544 1654 1571 erant,
1670 1542 1735 1566 Nov.
1752 1542 1781 1565 12
1794 1542 1877 1566 missa
1891 1542 2028 1566 solemnis.

506 1626 530 1651 1.
547 1626 638 1651 octob.
656 1627 694 1650 25.
711 1626 806 1649 Fontes
822 1625 876 1650 vid.
892 1634 935 1657 np.
952 1626 983 1649 U.
1000 1626 1166 1655 Carvium,
1179 1626 1248 1657 Re'p.
1264 1628 1311 1652 des
1322 1632 1436 1652 sources
1449 1626 1513 1651 hist.
1529 1627 1568 1651 du
1583 1633 1684 1657 moyen
1695 1627 1756 1658 aye.
1775 1626 2000 1658 Two-bibliam„
2015 1636 2043 1659 p.
2054 1628 2109 1652 288.

416 1797 560 1834 2052.
584 1806 720 1841 Magistri
741 1811 871 1842 regentes
892 1810 951 1842 sac.
977 1807 1138 1833 medicinae
1161 1816 1208 1834 an.
1232 1808 1392 1835 1415-1416
1411 1807 1508 1843 [iidem
1530 1807 1580 1844 qui
1601 1816 1676 1834 anno
1695 1807 1852 1844 superlore,
1874 1808 2005 1844 exceptis
2025 1808 2103 1836 Guil.
2127 1787 2282 1852 Pellipariij.

503 1856 591 1883 Henr.
606 1857 705 1887 Pelati,
724 1857 800 1890 Hug.
817 1857 911 1887 Fabri,
928 1857 993 1883 Joh.
1009 1856 1150 1892 Cadart⁴].
1367 1856 1422 1892 [26]
1621 1893 1686 1919 1415
1706 1894 1729 1919 u
1800 1893 1814 1919 b
1839 1893 1859 1918 ⁵
1882 1895 1903 1920 Ρ
1938 1893 1944 1899 ¹
1962 1893 1978 1899 ..

1685 1913 1692 1922 ‚
1727 1901 1798 1920 orem
1815 1913 1821 1919 .
1858 1913 1865 1923 ,
1903 1901 1997 1920 ansus.

508 1979 652 2005 comment.
669 1980 719 2004 fec.
736 1980 814 2009 med„
832 1980 850 2009 1,
867 1988 893 2011 p.
908 1981 962 2003 201.
977 1994 1009 1998 —
1023 1981 1088 2004 Now
1105 1981 1118 2003 2
1134 1981 1250 2004 decanus
1265 1981 1364 2004 electus
1380 1984 1437 2004 erat
1449 1980 1579 2004 Robertus
1595 1981 1763 2011 Charmolue,
1780 1981 1979 2005 Suessionensis
1993 1981 2078 2006 dioec.

508 2064 532 2089 1.
549 2064 677 2096 Equidem
692 2064 719 2087 in
732 2072 782 2088 ms.
794 2072 888 2088 nomen
903 2064 1032 2088 Johunnis
1045 2064 1144 2088 Cadurt
1158 2064 1226 2087 inter
1241 2068 1363 2096 regentes
1378 2064 1543 2094 inscribitur,
1560 2065 1606 2088 sed
1619 2064 1689 2088 linea
1704 2065 1828 2088 deletum.

416 2236 560 2273 2053.
584 2246 687 2271 Rector
701 2249 729 2271 et
749 2245 925 2270 Universitas
939 2244 1034 2271 Paris.
1055 2244 1182 2271 Gerardo
1198 2245 1285 2281 episc.
1302 2254 1354 2271 seu
1374 2246 1436 2281 ejus
1453 2244 1587 2280 generali
1605 2246 1710 2271 vicario
1731 2246 1760 2272 in
1777 2245 1984 2282 spiritualibus
1999 2245 2040 2272 ad
2058 2245 2175 2282 paroch.
2194 2245 2285 2272 ecclc-

503 2294 578 2319 siam
595 2295 644 2320 SS.
665 2295 782 2320 Cosmae
798 2297 825 2320 et
841 2293 1006 2328 Damiani⁴,
1024 2295 1104 2329 cujus
1122 2294 1322 2330 praesentatio
1345 2294 1383 2320 ab
1403 2294 1543 2330 antiquo²
1562 2294 1839 2321 ad-Universitatem
1855 2295 1989 2331 pertinet,
2008 2304 2082 2329 mag.
2104 2293 2284 2321 Matthaeum

506 2342 632 2377 Sellarii,
647 2342 757 2379 presb.,
782 2342 844 2368 bac.
867 2343 895 2368 in
911 2342 999 2376 decr„
1022 2342 1104 2368 ducis
1123 2343 1303 2378 Aquitaniae
1322 2342 1506 2379 capellanum
1521 2347 1549 2369 et
1567 2352 1631 2370 can.
1648 2345 1681 2370 B.
1703 2344 1818 2370 Mariae
1832 2343 1868 2370 de
1887 2344 2029 2378 Pissiaco,
2049 2345 2164 2370 Carnot.
2180 2343 2282 2383 dioec„

502 2395 700 2427 praesentant,
717 2401 778 2417 cam
793 2391 937 2417 lohannes
952 2391 1143 2427 Fouquerelli,
1162 2391 1191 2417 in
1206 2401 1230 2417 s.
1244 2392 1354 2427 pagina
1367 2393 1524 2428 professor,
1540 2401 1592 2427 per
1605 2401 1678 2427 mag.
1695 2393 1853 2419 Iohannem
1866 2392 1902 2419 de
1916 2392 2034 2428 Bor053,
2053 2401 2127 2427 mag.
2144 2392 2172 2418 in
2186 2395 2242 2419 art.
2257 2395 2285 2431 ct

505 2440 565 2467 bac.
583 2442 739 2475 formatam
755 2441 783 2466 in
799 2440 897 2471 theol.‚
914 2440 1110 2475 resignaverit.
1128 2441 1240 2474 Petunt,
1259 2444 1290 2466 ut
1304 2440 1380 2467 dicto
1395 2441 1544 2467 Mammea
1559 2441 1683 2467 ecclesia
1703 2444 1879 2476 conseratur.
1894 2443 2005 2469 Datum
2017 2442 2141 2468 Parisius
2158 2441 2191 2468 in
2210 2449 2283 2474 con-

503 2490 672 2524 gregatione
694 2491 791 2516 nostra
811 2490 939 2523 generali
962 2490 1043 2524 apud
1067 2489 1094 2516 S.
1118 2490 1301 2516 Maturinum
1323 2490 1482 2517 solenniter
1501 2490 1643 2517 celebrata
1665 2499 1744 2517 anno
1765 2491 1851 2518 Dom.
1873 2492 1977 2518 milles.
1999 2491 2089 2518 CCCC
2101 2491 2183 2517 XV20.
2206 2501 2220 2515 «
2239 2490 2284 2517 Ad

505 2539 716 2572 parrochialem
731 2538 880 2565 ecelesiam
895 2548 919 2564 ».

1727 2576 1795 2605 1415,
1813 2576 1928 2602 Parisiis.

510 2636 626 2660 Minuta
639 2635 755 2660 chartac.
769 2635 795 2658 in
811 2635 888 2661 Arch.
905 2638 958 2659 nat.
973 2635 1069 2665 Parim,
1086 2636 1110 2659 M
1125 2637 1177 2665 65⁸,
1189 2640 1218 2659 11⁰
1227 2637 1267 2659 99.

510 2719 534 2743 1.
551 2719 667 2742 Ecclesia
685 2719 799 2743 nationis
817 2719 920 2751 Anglic.
938 2719 996 2745 Vid.
1013 2721 1143 2750 Auctar.,
1160 2720 1178 2748 1,
1196 2728 1223 2750 p.
1240 2727 1294 2743 ων.
1308 2733 1337 2738 -
1353 2719 1377 2744 2.
1394 2720 1485 2745 Solum
1508 2720 1541 2743 ab
1564 2729 1607 2744 an.
1626 2721 1694 2746 1345.
1711 2721 1768 2745 Vid.
1787 2722 1925 2752 chartul„
1953 2721 1986 2751 11,
2006 2729 2034 2752 p.
2058 2722 2114 2744 567.
2137 2734 2168 2739 —
2185 2720 2210 2746 3.
2233 2720 2282 2744 Seu

419 2771 429 2785 (t
444 2763 522 2794 Boiry
536 2771 558 2791 n,
575 2763 619 2794 qui
634 2763 732 2794 incepit
744 2772 786 2787 an.
803 2764 864 2787 1408
878 2765 937 2794 (ms.
953 2764 999 2787 lut.
1010 2765 1091 2793 5657·‚
1107 2764 1151 2788 sol.
1165 2764 1213 2794 15),
1229 2764 1317 2787 licent.
1332 2764 1359 2787 in
1374 2764 1455 2788 theol.
1472 2767 1532 2788 unte
1547 2773 1591 2788 an.
1608 2765 1677 2795 1420,
1689 2773 1750 2788 nam
1762 2765 1812 2789 hoc
1825 2773 1901 2794 anno,
1915 2765 1981 2795 Jul„
1990 2765 2046 2797 jam
2057 2768 2086 2788 ut.
2097 2765 2179 2788 theol.
2192 2765 2284 2788 doctor

418 2806 525 2830 affertur
541 2811 566 2830 et
580 2811 664 2830 rector
679 2808 743 2831 eccl.
759 2808 790 2831 de
802 2808 1063 2839 Dampno-Medardo
1075 2808 1160 2832 Paris.
1178 2808 1260 2832 dioec.
1276 2809 1382 2840 (Suppl.
1396 2809 1473 2832 Mart.
1487 2809 1516 2837 V,
1532 2813 1561 2832 n⁰
1575 2810 1627 2838 139,
1646 2810 1691 2833 sol.
1708 2810 1773 2840 274),
1787 2818 1830 2834 an.
1848 2810 1918 2835 1423.
1935 2810 2018 2840 Sept„
2034 2813 2063 2833 ut
2077 2809 2282 2832 archidiaconus

416 2852 567 2882 Vulgassini
590 2852 615 2874 in
632 2852 694 2876 ecel.
711 2853 858 2884 Rotomag„
880 2856 905 2876 et.
926 2854 1062 2876 consessor
1084 2853 1241 2877 Cntberinae
1262 2853 1370 2884 reginae
1391 2853 1502 2885 Angliae
1525 2853 1597 2885 (ibid,
1617 2859 1646 2877 n⁰
1668 2855 1721 2883 153,
1741 2855 1787 2878 fol.
1806 2855 1866 2884 2353
1887 2855 1984 2883 110169,
2005 2854 2050 2877 fol.
2067 2855 2131 2884 267).
2146 2854 2195 2877 An.
2211 2854 2281 2881 1426,

416 2896 498 2926 April.
519 2897 541 2926 8,
557 2896 639 2927 episc.
656 2897 795 2919 Meldensis
813 2898 885 2928 (Reg.
902 2897 958 2920 Lat.
972 2897 1048 2920 Mart.
1066 2898 1095 2926 V,
1111 2905 1152 2920 an.
1169 2898 1192 2928 9,
1208 2897 1255 2921 lib.
1270 2898 1326 2928 122,
1341 2898 1387 2922 fol.
1400 2898 1463 2927 214).
1482 2887 1539 2921 vid.
1556 2899 1589 2922 ad
1605 2906 1646 2921 an.
1665 2899 1734 2922 1426.
