2502 3418
401 343 465 375 524
979 352 1303 375 CHARTULARIUM
1336 352 1526 375 UNIVERS.
1564 353 1694 377 rmus.
2173 343 2270 380 [1431

402 493 546 531 2380.
570 504 672 529 Martii
687 504 730 538 18,
749 504 910 530 conclusum
928 507 971 530 est
986 512 1082 529 coram
1098 504 1132 530 12
1150 502 1300 538 deputatis
1316 501 1393 537 quod
1408 511 1423 528 ‹
1438 511 1474 528 ex
1489 502 1617 537 interrog
1619 503 1723 528 atoriis
1739 506 1766 529 et
1780 503 1927 539 responsis
1943 503 2036 539 ipsius
2048 503 2186 538 Iohanne,
2203 506 2273 531 certi

488 554 684 586 formarentur
698 553 816 578 articuli
832 553 881 588 qui
897 561 992 578 coram
1002 552 1153 588 Jud1cibus
1170 551 1213 587 [P
1233 550 1366 577 Cauchon
1382 551 1470 587 episc.
1487 551 1656 578 Belvacensi
1670 555 1698 578 et
1716 551 1778 579 Joh.
1800 552 1937 586 Magistri
1953 552 2059 578 vicario
2080 553 2271 590 inquisitoris]

490 605 518 627 et
532 605 632 627 contra
646 602 738 637 ipsam
754 602 915 627 Jolzannam
937 602 965 627 in
979 601 1093 636 judicio
1104 603 1338 637 proponerentur
1353 609 1379 626 ».
1396 600 1499 626 Martii
1514 602 1556 635 22,
1573 602 1770 637 praesentatis
1786 601 1823 627 iis
1837 601 1971 627 articulis
1986 610 2081 628 coram
2095 602 2270 638 deputatis⁴‚

490 650 655 676 ordinatum
672 654 722 685 est,
737 650 814 686 quod
824 659 839 676 ι
852 650 905 676 ιἸΙα
917 659 971 686 que
980 650 1063 686 prius
1079 658 1115 675 ex
1126 649 1249 684 registro
1267 649 1482 683 confessionum
1495 649 1625 685 predicte
1635 649 1765 676 ,Iohanne
1780 653 1913 676 extracta
1924 652 2052 685 fuerant,
2071 651 2100 677 in
2119 652 2274 687 pauciores

491 698 688 733 redigerentur
702 699 841 725 articulos
853 708 905 735 per
915 698 1027 725 modum
1039 698 1233 724 assertionum
1246 697 1288 724 vel
1299 698 1540 734 propositionum.
1557 698 1612 732 Qui
1625 698 1740 734 quidem
1756 699 1875 725 articuli
1886 699 2022 736 deinceps
2037 700 2161 735 singulis
2175 700 2275 727 docto-

491 747 571 773 ribus
587 752 614 773 et
626 748 774 782 magistris
792 748 1077 780 communicarentur,
1090 751 1120 772 ut
1134 746 1257 780 facilius
1273 755 1344 772 suas
1359 746 1585 773 deliberationes
1601 747 1723 774 reddere
1733 747 1894 775 valerent».
1909 749 2012 774 Martii
2025 750 2067 783 26,
2080 748 2198 775 articuli
2208 749 2275 776 lecti

491 800 557 822 sunt
577 805 671 822 coram
692 798 726 823 12
746 796 921 832 deputatis¹,
941 796 990 831 qui
1011 795 1212 822 deliberarunt
1229 805 1244 821 ‹
1266 795 1343 831 quod
1358 795 1522 831 hujusmodi
1543 796 1663 823 articuli
1683 801 1767 823 erant
1787 797 1856 823 bene
1876 797 2026 834 compositi
2046 802 2073 824 et
2093 798 2170 833 quod
2186 807 2276 835 super

496 846 561 871 istis
577 845 656 871 dicta
670 845 801 871 Johanna
814 846 1041 879 interrogaretur
1056 849 1082 870 et
1099 845 1253 870 audiretur
1269 854 1294 874 »‚
1310 845 1412 870 Martii
1428 846 1461 872 28
1472 854 1567 871 coram
1582 846 1714 872 Jolzanna
1730 846 1824 872 d'Arc.
1842 848 1921 873 Haec
1933 850 1976 873 est
1991 847 2070 882 origo
2085 848 2273 883 septuaginta

491 893 704 920 articulorum2.

1559 993 1629 1023 1437,
1644 994 1730 1020 Marti!
1745 994 1832 1023 18-26.
1847 995 1987 1027 Botomwi.

491 1089 676 1133 NIagistri
691 1088 862 1133 deputati,
888 1089 946 1134 qui
954 1089 1102 1133 priores
1127 1089 1303 1123 articulos
1323 1095 1606 1134 composuerunt,
1629 1090 1683 1124 vel
1702 1090 1827 1124 saltem
1847 1090 1889 1125 de
1912 1092 1992 1125 istis
2015 1091 2274 1135 deliberarunt,

401 1161 481 1189 sunt
501 1160 676 1200 sequentes
698 1166 708 1189 .·

534 1275 544 1303 s
561 1263 688 1296 Egidius‚
703 1263 790 1289 abbas
805 1263 1014 1290 Fiscamnensis
1029 1263 1072 1299 [Ο.
1087 1265 1114 1290 S.
1130 1265 1185 1297 Β]
1445 1264 1590 1291 Gerardus
1606 1265 1750 1295 Fueilleti,
1766 1265 1843 1292 doct.
1860 1266 1950 1293 theol.
1969 1266 2014 1301 [Ο.
2031 1267 2152 1300 Minor.].

490 1313 515 1350 ’0⁵
561 1313 671 1341 Petrus,
686 1313 765 1345 prior
781 1313 816 1339 de
830 1313 997 1347 Longavilla
1013 1314 1053 1346 [0.
1073 1315 1100 1340 S.
1119 1314 1172 1345 BJ.
1444 1314 1619 1348 Radulphus
1631 1315 1782 1345 Rousselli.
1799 1315 1875 1342 doct.
1892 1315 1924 1342 in
1939 1317 1997 1342 utr.
2011 1316 2034 1350 j.

490 1352 515 1400 ἔ
560 1362 625 1387 Joh.
643 1362 862 1395 Pulchripatris.
1443 1362 1574 1389 Nicolaus
1588 1363 1625 1389 de
1639 1362 1783 1390 Venderes
1824 1389 1842 1414 l,
1886 1388 1892 1395 ,
1933 1389 1939 1395 ,

492 1417 515 1453 ‘3
561 1411 686 1437 Jacobus
701 1411 736 1437 de
751 1411 879 1437 Turonia
894 1411 939 1444 [O.
954 1411 1051 1437 Minor.
1056 1411 1073 1446 ].
1443 1412 1592 1438 Johannes
1605 1412 1642 1438 de
1656 1413 1748 1439 Fonte
1798 1364 1808 1443 ξ
1835 1396 1870 1415 lc'
1884 1396 1916 1415 m
1928 1398 1951 1423 ‘¹'
1969 1397 2032 1415 can'

490 1455 515 1497 ἓ
561 1460 693 1486 Nicolaus
707 1459 785 1485 Midi.
1442 1460 1574 1487 Nicolaus
1586 1461 1796 1495 Coppequesne
1810 1463 1821 1542 ξ
1841 1487 1902 1513 ΜΟ.
1919 1487 1999 1513 theol

537 1517 545 1536 x
563 1509 665 1535 Petrus
679 1509 819 1535 Mauricii.
1441 1509 1567 1535 Thomas
1583 1509 1619 1536 de
1634 1510 1792 1537 Courcellis
2003 1507 2009 1513 ”

493 1606 562 1650 Qui
581 1617 637 1639 eos
652 1605 699 1639 acl
724 1617 771 1650 70
788 1605 963 1639 articulos
979 1605 1131 1651 redegit,
1149 1605 1395 1640 verisimiliter
1414 1612 1465 1640 est
1479 1611 1674 1651 promotor
1687 1607 1863 1641 Jolzannes
1881 1606 1924 1641 de
1942 1607 2117 1641 Estiveto.

494 1713 665 1741 Qucuznxr,
682 1713 791 1739 Proces,
809 1713 827 1742 1,
844 1713 957 1735 188-195.
971 1726 998 1730 -
1011 1712 1163 1744 Suprudicti
1177 1712 1299 1743 magistri
1316 1713 1458 1736 concilium
1471 1713 1656 1744 deputatorum
1669 1713 1863 1745 quodammodo
1873 1717 2042 1745 componunt,
2055 1714 2277 1746 quemadmodum

402 1757 427 1780 in
441 1765 467 1780 re
480 1757 609 1780 Johunnis
627 1757 704 1780 Parvi
720 1765 763 1780 an.
779 1757 840 1780 1413
853 1760 920 1780 actu.
937 1757 1030 1785 Quoad
1045 1757 1183 1786 articulos,
1199 1757 1254 1781 vid.
1269 1765 1351 1788 supra
1367 1757 1600 1781 Introductionem.

494 1849 519 1874 1.
537 1850 634 1873 lisdem
652 1853 680 1873 ut
695 1850 782 1873 Martii
803 1851 841 1880 18,
858 1850 972 1882 exceptis
991 1850 1095 1874 duobus
1116 1850 1213 1882 primis
1229 1854 1255 1874 et
1269 1851 1378 1874 Nicolao
1400 1850 1598 1883 Coppequesne,
1614 1851 1711 1883 quibus
1727 1851 1960 1875 substituebantur
1975 1851 2109 1876 Johannes
2124 1853 2156 1876 de
2175 1852 2275 1877 Castel-

402 1894 479 1923 lione,
495 1895 612 1918 Andreas
629 1894 777 1926 Mnrguerie
791 1898 816 1918 et
831 1894 954 1918 Nicolaus
971 1895 1115 1918 Loiseleur.
1130 1907 1162 1913 —·
1177 1895 1202 1920 2.
1220 1896 1268 1927 Ap.
1285 1895 1455 1925 QU10118RAT,
1471 1896 1492 1925 Ι,
1507 1896 1620 1919 204-323.

404 2087 529 2124 2381
540 2116 548 2124 .
571 2097 686 2123 ludices
702 2098 735 2123 P.
756 2097 888 2123 Caucleon
899 2106 934 2123 ac
948 2099 974 2124 J.
987 2098 1124 2132 Magistri
1133 2107 1196 2124 cum
1209 2098 1359 2134 aliquibus
1373 2098 1521 2132 magistris
1536 2099 1654 2124 visitant
1669 2099 1702 2126 70
1717 2099 1867 2134 articulos,
1883 2099 2108 2134 interrogatoria
2121 2103 2149 2126 et
2158 2108 2278 2136 respon-

493 2146 588 2172 siones
615 2146 774 2172 Johannae.
801 2148 848 2172 Ex
874 2146 978 2182 quibus
1002 2151 1098 2173 certae
1123 2148 1299 2173 assertiones
1317 2151 1344 2173 et
1362 2147 1579 2183 propositiones
1605 2148 1805 2182 extrahuntur,
1828 2148 1882 2174 sub
1905 2150 2000 2183 forma
2020 2149 2055 2175 12
2078 2149 2275 2184 articulorum,

490 2194 580 2220 multa
595 2194 736 2221 dictorum
751 2195 901 2221 Jolzannae
917 2196 1116 2232 compendiose
1133 2196 1442 2232 comprehendentium.
1459 2196 1646 2231 Concludunt,
1663 2197 1713 2223 hos
1730 2197 1870 2223 articulos
1886 2197 2052 2224 doctoribus
2066 2201 2093 2224 et
2102 2198 2207 2234 peritis
2218 2201 2276 2224 tam

493 2244 520 2269 in
531 2245 597 2278 jure
613 2244 708 2270 divino
730 2253 816 2280 quam
832 2244 956 2270 humano
973 2245 1213 2271 transmittendos
1229 2245 1317 2271 esse'.

1593 2300 1660 2329 1437.
1676 2300 1767 2332 Aprilis
1780 2301 1837 2330 2-5,
1852 2301 1991 2334 Rotomagi.

498 2395 666 2424 chcummr,
680 2395 790 2423 Preces,
807 2395 827 2424 Ι,
843 2396 955 2418 326-327.
967 2395 1056 2423 —Qui
1069 2403 1113 2418 eos
1130 2395 1233 2426 redegit
1247 2399 1313 2419 teste
1329 2396 1431 2419 Thema
1444 2396 1476 2420 de
1489 2396 1634 2420 Courcellis
1653 2397 1702 2420 fuit
1718 2405 1789 2429 mag.
1804 2398 1928 2421 Nicolaus
1941 2398 2133 2429 Midy(111,60).
2143 2398 2199 2422 Non
2210 2398 2276 2423 bene

406 2438 504 2462 redacti
520 2439 618 2461 inventi
635 2442 696 2462 sunt
712 2439 769 2468 (ΙΙΙ,
785 2439 850 2469 196).
865 2440 980 2463 Jucobus
992 2440 1024 2463 de
1037 2440 1152 2463 Turonin
1165 2439 1292 2463 afferebat
1302 2440 1488 2469 correctiones,
1502 2441 1534 2464 de
1547 2441 1644 2472 quibus
1662 2441 1738 2470 ibid„
1755 2442 1799 2470 ΙΙΙ,
1817 2442 1861 2465 143
1877 2450 1918 2474 sq.
1933 2442 1983 2466 Sed
1999 2442 2025 2465 in
2040 2443 2169 2466 Processu
2180 2443 2211 2467 de
2226 2443 2284 2474 hoc*

407 2483 487 2505 altum
502 2482 646 2506 silentium.

498 2576 524 2600 1.
538 2578 567 2599 59
583 2576 714 2607 theologis
733 2580 758 2600 ct
776 2577 881 2608 juvistis
897 2577 1085 2607 (Universitate
1101 2578 1185 2601 Puris.
1202 2581 1227 2601 et
1246 2578 1362 2609 capitulo
1378 2579 1564 2610 Rotomagens.
1585 2587 1636 2602 non
1653 2579 1860 2611 comprehensis)
1878 2580 1954 2603 missi
1970 2583 2040 2610 sunt,
2059 2583 2088 2604 ut
2106 2583 2276 2604 noscerentur

407 2628 495 2643 eorum
512 2621 663 2648 sententiae,
680 2630 746 2652 quae
762 2622 887 2652 leguntur
901 2630 944 2653 up.
961 2622 1130 2651 chnmwr,
1148 2623 1167 2651 I,
1183 2631 1210 2654 p.
1227 2624 1271 2646 337
1291 2631 1360 2654 sqq„
1380 2626 1442 2654 post
1457 2624 1486 2646 12
1502 2623 1629 2646 articulos
1648 2625 1684 2655 (p.
1706 2625 1832 2654 328-336).
1852 2625 1959 2648 Minime
1978 2633 2069 2649 omnes
2088 2624 2275 2657 responsiones

409 2666 513 2687 fuerunt
526 2665 669 2688 secundum
685 2669 798 2689 mentem
814 2667 884 2689 Petri
899 2666 1032 2690 Cauchon.

407 2842 549 2879 2382.
573 2853 707 2886 Magistri
722 2853 759 2878 ab
780 2855 913 2890 episcopo
927 2855 1094 2881 Belvacensi
1114 2860 1141 2882 et
1161 2857 1266 2882 vicario
1280 2857 1465 2893 Inquisitoris
1478 2858 1612 2894 requisiti
1630 2858 1795 2885 deliberant
1808 2859 1844 2886 de
1861 2859 2011 2886 duodecim
2026 2859 2160 2886 articulis
2175 2864 2274 2886 contra

493 2900 651 2926 Jolzannam
671 2902 798 2927 retentIs.
823 2904 1029 2938 Apparitiones
1046 2908 1073 2930 et
1085 2905 1273 2932 revelationes
1289 2915 1363 2942 quas
1378 2915 1413 2933 ea
1425 2907 1532 2942 jactat,
1553 2911 1605 2934 aut
1621 2917 1684 2934 esse
1698 2909 1830 2943 fictiones
1845 2908 2011 2935 humanitus
2027 2908 2206 2944 adinventas,
2222 2913 2274 2935 aut
