2502 3418
381 313 445 346 684
738 349 741 353 A
955 320 1278 343 CHARTULARNJM
1312 319 1504 341 UNIVERS.
1539 319 1671 341 rmus.
2147 303 2247 343 [1448

379 397 456 427 longe
472 397 576 427 lateque
594 395 711 427 dirigens
727 406 750 419 υ.
764 396 793 419 In
810 395 1011 426 Martyroloqio
1025 395 1110 420 Rom.>
1118 403 1179 418 vero
1190 395 1223 418 ad
1238 394 1365 418 Novemb.
1378 394 1458 425 9jam
1472 393 1528 417 sine
1545 393 1719 417 haesitatione
1734 394 1869 425 profertur
1884 401 1890 416 t
1910 403 1922 415 α
1939 393 2027 425 Beryti
2043 393 2069 416 in
2087 393 2164 425 Syria
2177 402 2246 417 com-

380 441 534 464 memoratio
548 441 674 472 Imaginis
689 440 845 470 Salvatoris,
861 449 910 472 que
925 449 939 463 a
953 440 1044 463 Judeis
1058 440 1191 469 crucifixa,
1208 443 1262 463 tam
1278 439 1414 470 copiosum
1427 438 1516 462 emisit
1531 438 1696 469 sanguinem,
1710 441 1739 461 ut
1751 438 1892 461 orientales
1907 441 1933 461 et
1947 438 2121 462 occidentales
2137 439 2246 462 ecclesie

381 494 410 509 cx
425 494 454 509 eo
468 485 582 509 ubertim
596 485 745 517 acceperint
759 495 772 507 »
790 486 833 515 (cs.
847 485 960 514 BARON„
974 486 1051 509 Ann.
1067 485 1100 507 ad
1116 493 1158 508 an.
1173 485 1227 514 787,
1242 488 1270 507 n⁰
1285 484 1333 514 31).
1347 483 1470 507 Nicolaus
1484 483 1503 506 V
1516 483 1598 514 igitur
1614 483 1780 513 aestimabat,
1790 483 1955 514 sanguinem
1970 482 2069 506 Christi
2081 483 2123 506 hic
2138 477 2245 515 illicque

380 534 533 554 veneratum
548 530 678 561 originem
693 530 840 561 sumpsisse
855 538 868 553 e
887 530 1015 561 sanguine
1031 529 1074 561 qui
1090 529 1216 560 profluxit
1228 537 1259 551 ex
1270 528 1387 560 imagine
1399 528 1514 551 civitatis
1531 528 1628 559 Beryti,
1645 536 1695 551 non
1711 536 1782 557 vera,
1796 531 1825 551 ut
1838 528 1954 559 theologi
1968 527 2053 551 Paris.
2071 531 2096 551 et
2110 527 2186 551 multi
2199 527 2245 551 alii

380 575 568 606 opinabantur,
582 583 595 598 e
611 575 739 606 sanguine
755 574 853 598 Christi
867 574 893 598 in
909 583 957 597 sua
968 574 1092 606 passione
1105 573 1191 597 effusi.
1207 573 1391 605 Adjungimus,
1405 573 1550 596 eanonicus
1566 573 1701 604 regulares
1713 573 1834 596 Lateran.
1850 573 1915 596 Nov.
1931 573 1961 595 10
1972 572 2111 604 proprium
2125 572 2244 596 Officium

381 620 412 650 de
426 620 476 643 huc
489 619 606 651 Imagine
620 623 739 647 cantare;
754 619 780 642 in
796 619 947 643 Oratione«
961 619 1055 650 passio
1068 618 1192 649 imaginis
1207 619 1280 641 Dom.
1296 617 1442 641 Salvatoris
1456 627 1468 638 υ
1481 617 1615 641 recolitur.

474 666 522 689 An.
539 665 703 692 meacm-am
719 664 764 688 Pio
780 665 802 688 11
818 664 872 696 (qui
883 664 974 687 abbati
989 664 1017 687 S.
1032 663 1130 687 Mariae
1143 663 1318 686 Xanctonens.
1331 662 1485 694 scripserat,
1499 662 1565 685 nihil
1578 670 1635 686 esse
1650 662 1769 691 absurdi,
1783 662 1805 685 si
1820 662 1966 689 diceremus
1978 662 2116 686 Christum
2129 661 2250 694 aliquam

380 709 421 733 sui
437 709 574 741 sanguinis
593 713 696 741 partem
712 709 738 732 in
753 709 832 732 terris
848 708 996 740 reliquisse)
1014 710 1120 731 fuerunt
1134 707 1327 739 disputationes
1345 707 1413 730 inter
1428 707 1625 731 Praedicatores
1645 711 1670 731 et
1686 707 1799 731 Minores
1816 709 1875 737 (ms.
1891 707 1938 731 lat.
1954 707 2049 737 12:390),
2062 707 2094 731 de
2113 707 2246 739 Sanguine

379 754 486 783 Christi,
502 754 731 778 Praedicatoribus
757 753 946 782 asserentibus,
969 753 1034 776 nihil
1056 753 1112 776 veri
1128 752 1270 783 Sanguinis
1293 751 1392 776 Christi
1414 751 1440 775 in
1464 755 1535 775 terra
1559 752 1728 781 remansisse,
1749 752 1895 775 Minoribus
1915 752 1964 775 hoc
1984 752 2152 784 negantibus.
2173 753 2246 776 Anno

378 799 507 830 sequenti,
528 799 639 830 Augusti
655 800 676 829 1,
698 799 766 822 idem
781 806 852 830 papa
869 798 991 821 omnibus
1008 797 1141 821 silentium
1157 797 1284 829 imposuit
1302 797 1389 827 (Bull.
1405 796 1496 826 Rom„
1516 797 1557 820 ed.
1580 797 1780 828 Cocmsumss,
1801 797 1859 828 111³,
1879 805 1906 829 p.
1924 797 1988 828 116),
2003 797 2073 829 quod
2088 797 2178 829 utique
2198 796 2248 820 ruit

379 844 546 877 prudentius.

379 994 523 1031 2636.
546 1002 684 1029 Nicolaus
706 1002 854 1029 Vinnovat
868 1011 919 1028 seu
935 1002 1104 1028 transcribit
1123 1006 1151 1028 et
1170 1003 1320 1037 confirmat
1335 1002 1459 1037 Eugenii
1472 1001 1782 1036 chonstitutionem⁴‚
1802 1011 1860 1038 qua
1875 1002 2052 1028 damnantur
2071 1002 2245 1038 aliquorum,

466 1052 604 1088 imprimis
620 1052 759 1077 Johannis
773 1051 808 1077 de
822 1051 962 1087 Polliam,
979 1060 1089 1078 errores
1105 1051 1140 1077 de
1156 1051 1386 1086 confessionibus
1401 1051 1639 1079 Mendicantium.
1652 1052 1716 1078 Dat.
1731 1052 1823 1079 Rome
1837 1060 1883 1086 ap.
1902 1052 1928 1078 S.
1943 1052 2064 1078 Petrum
2079 1060 2167 1087 anno,
2181 1055 2233 1078 etc.

464 1102 567 1128 milles.
584 1101 877 1136 quadringentesimo
891 1103 1002 1131 octavo,
1019 1101 1106 1128 tertio
1121 1101 1179 1128 kal.
1196 1101 1274 1136 Julii,
1293 1101 1483 1136 pontificatus
1495 1101 1587 1128 nostri
1602 1109 1649 1128 an.
1667 1102 1805 1128 secundo.
1825 1111 1838 1126 ι(
1855 1101 2139 1128 Provisionisnostre
2154 1111 2180 1127 »2

1634 1191 1708 1222 7448,
1721 1191 1793 1218 «lunii
1802 1191 1847 1222 29,
1863 1191 1964 1218 Romae.

470 1280 586 1304 Calixtus
602 1280 638 1304 111
652 1288 695 1303 an.
711 1280 781 1308 1457,
796 1280 883 1303 Martii
899 1281 937 1309 23,
951 1280 1019 1303 hanc
1030 1279 1131 1303 bullam
1143 1279 1198 1303 suis
1213 1279 1309 1303 litteris
1325 1289 1337 1301 α
1352 1280 1423 1303 Inter
1434 1283 1520 1303 cetera
1531 1290 1544 1301 »
1558 1280 1671 1304 inseruit
1682 1281 1758 1312 (quae
1769 1279 1939 1304 inveniuntur
1951 1279 1978 1303 in
1994 1280 2057 1312 Reg.
2072 1280 2129 1304 Vat.
2145 1284 2174 1303 n⁰
2188 1280 2245 1310 446,

378 1326 422 1349 sol.
439 1326 497 1354 289;
513 1326 656 1353 WADmNG,
670 1327 747 1350 Arm.
763 1324 847 1354 Min„
864 1325 890 1347 2⁸
910 1324 962 1354 cd.,
978 1325 1045 1353 Xlll,
1060 1333 1088 1356 p.
1101 1325 1145 1353 34;
1160 1325 1269 1355 RIPOLL,
1287 1325 1332 1353 111,
1352 1333 1379 1356 p.
1395 1325 1459 1354 362).
1475 1325 1587 1348 Litterae
1606 1325 1707 1348 Nicolai
1725 1325 1804 1349 etiam
1821 1325 1893 1357 apud
1914 1325 2022 1354 R1POLL,
2039 1325 2118 1349 Ball.
2130 1325 2244 1357 Praed.,

376 1371 422 1400 lll,
437 1379 464 1402 p.
479 1371 532 1399 256,
549 1374 578 1393 n⁰
592 1371 631 1394 26.
646 1370 714 1393 Haec
729 1370 803 1393 bulla
818 1370 904 1393 solum
920 1378 963 1393 an.
979 1370 1048 1398 1456,
1065 1369 1143 1399 Maio,
1155 1369 1280 1401 episcopo
1295 1369 1381 1393 Paris.
1396 1372 1421 1393 et
1433 1369 1460 1392 in
1476 1369 1655 1393 Universitate
1667 1372 1836 1401 praesentata
1851 1373 1899 1398 est,
1914 1373 1938 1393 et
1953 1369 2085 1401 imprimis
2099 1370 2148 1393 sub
2162 1373 2247 1394 recto-

376 1415 450 1438 ribus
464 1415 605 1439 Guillelmo
621 1414 715 1445 Riveti,
731 1414 859 1438 Gauri-ido
873 1414 956 1442 Calvi,
970 1414 1077 1438 Nicolao
1093 1414 1199 1438 Bertoul
1214 1417 1240 1438 et
1250 1414 1383 1438 Ludovico
1397 1414 1553 1438 Sconelinch
1566 1414 1630 1444 (vid.
1644 1417 1773 1443 Λυσίαν..
1790 1415 1821 1445 Il,
1835 1415 1889 1444 914,
1902 1416 1935 1445 8),
1948 1414 2119 1438 seminarium
2136 1423 2248 1446 maguae

376 1460 524 1483 discordiae
546 1460 603 1483 suit.
625 1460 683 1493 Vid.
699 1463 804 1491 praeter
820 1459 890 1483 Bibl.
905 1459 1024 1483 Arsenal.
1044 1467 1094 1483 ms.
1115 1460 1183 1488 1228,
1201 1459 1246 1483 fol.
1264 1459 1308 1482 1110
1324 1467 1392 1491 sqq„
1410 1459 1488 1491 epist.
1502 1459 1610 1483 citatam
1630 1459 1724 1483 Calixti
1747 1460 1792 1488 111;
1811 1460 1886 1488 BUL„
1905 1460 1934 1488 V,
1950 1468 1977 1491 p.
1993 1460 2037 1483 601
2054 1468 2112 1491 sqq.
2127 1460 2247 1484 Attamen

378 1505 451 1528 bulla
463 1505 529 1528 nihil
542 1505 603 1528 novi
614 1505 738 1533 continet,
750 1504 820 1528 sicut
835 1512 880 1528 nec
896 1504 964 1527 actio
980 1504 1166 1528 Universitatis
1182 1507 1274 1527 contra
1289 1504 1466 1528 Mendicantes
1481 1513 1548 1527 nova
1561 1508 1630 1533 erat:
1644 1505 1735 1528 eodem
1751 1504 1828 1528 modo
1843 1504 1898 1536 egit
1913 1512 1981 1528 saec.
1995 1512 2053 1535 xm,
2069 1504 2164 1528 deinde
2179 1507 2247 1528 tem-

378 1558 441 1582 pore
462 1550 591 1573 Johannis
610 1550 678 1573 XXII
697 1553 722 1573 et
741 1549 881 1573 Alexandri
902 1550 931 1573 V.
944 1549 1004 1573 Joh.
1021 1548 1140 1579 susim,
1158 1549 1449 1580 inquisitor'Franciae,
1466 1557 1508 1573 an.
1528 1549 1587 1573 1457
1605 1549 1754 1581 composuit
1773 1552 1914 1573 tractatum
1929 1552 2020 1573 contra
2042 1549 2247 1573 Universitatem

378 1595 482 1618 Puris.:
503 1595 543 1619 De
561 1595 650 1619 libera
669 1594 836 1619 auctoritate
857 1594 994 1619 audiendi
1013 1595 1196 1624 confessiones
1214 1594 1353 1625 reliyiosis
1373 1594 1597 1619 mendicantibus
1617 1601 1756 1625 concessa,
1772 1594 1799 1618 in
1821 1594 1850 1618 16
1871 1594 2005 1626 capitulis,
2017 1594 2049 1618 de
2062 1602 2113 1627 quo
2129 1594 2250 1623 Qunam-

379 1633 501 1677 iicmm,
517 1640 620 1671 Script.
638 1639 703 1664 Ora.
719 1640 833 1669 Praed„
850 1640 869 1668 1,
883 1647 910 1671 p.
925 1640 979 1663 815.

473 1733 497 1758 1.
515 1734 602 1765 Supra
615 1738 644 1757 n⁰
657 1734 726 1758 2620.

381 1866 526 1905 2637.
550 1876 676 1902 Michael
689 1875 812 1911 Anglici,
834 1885 909 1911 mag.
932 1876 1017 1902 theol.
1041 1876 1148 1911 Paris.,
1167 1876 1322 1902 canonicus
1344 1879 1372 1902 et
1387 1875 1588 1903 thesaurarius
1608 1876 1676 1903 eccl.
1694 1876 1870 1911 Ebroicens.‚
1896 1880 2052 1902 accusatur
2071 1885 2090 1902 a
2105 1875 2247 1903 Michaele

470 1926 505 1952 de
520 1926 616 1963 Epila,
635 1935 709 1961 mag.
728 1926 813 1952 theol.
835 1926 901 1952 ord.
916 1926 1033 1961 Praed.,
1052 1926 1087 1952 de
1101 1926 1274 1962 quibusdam
1290 1926 1423 1952 articulis
1439 1930 1497 1952 tam
1513 1926 1655 1952 haeresim
1671 1926 1855 1961 tangentibus
1872 1935 1958 1962 quam
1973 1925 2048 1952 male
2063 1925 2249 1952 sonantibus.¹

475 1976 649 2001 Universitas
662 1975 781 2002 remittit
796 1975 935 2001 articulos
950 1975 990 2001 ad
1002 1977 1062 2010 fac.
1078 1975 1240 2011 theologiae
1253 1979 1281 2002 et
1295 1975 1400 2002 decret.
1415 1975 1573 2011 Inquisitor
1585 1975 1693 2002 haeret.
1709 1975 1865 2012 pravitatis
1880 1977 1941 2010 fere
1957 1976 1991 2002 28
2008 1975 2147 2002 articulos
2162 1979 2249 2002 nota—

472 2025 516 2060 vit,
536 2034 654 2061 quorum
671 2034 756 2051 unum
771 2024 807 2051 de
822 2025 1003 2060 confessione
1018 2025 1237 2052 sacramentali.

1509 2070 1583 2101 7448,
1596 2071 1658 2097 Maii
1668 2070 1778 2103 27-Au9.
1796 2070 1834 2100 12,
1850 2071 1963 2097 Parisiis.

477 2162 595 2184 Auctar.
613 2160 742 2184 Chartul.
763 2159 895 2188 Univers„
914 2160 947 2189 ΙΙ,
963 2167 989 2190 p.
1004 2160 1059 2189 730,
1075 2159 1118 2188 31;
1135 2159 1191 2189 732,
1205 2160 1228 2189 2,
1245 2160 1289 2192 ²53
1303 2160 1356 2188 734,
1370 2160 1412 2187 22;
1429 2160 1483 2189 736,
1498 2160 1536 2184 30.

388 2356 532 2393 2638.
560 2364 735 2390 Πηίνει·.ςίιαε
751 2367 875 2400 quatuor
890 2363 1118 2389 ambassiatores
1134 2363 1174 2389 ad
1189 2372 1282 2398 regem
1298 2364 1451 2390 mittendos
1466 2363 1556 2398 eligit.

1571 2453 1646 2482 1448„
1662 2452 1778 2479 Octobris
1791 2453 1837 2482 26.
1850 2452 1965 2479 Parisiis.

478 2543 544 2576 Die
570 2543 665 2587 xxvja
689 2542 827 2574 mensis
855 2541 1026 2575 Octobris
1051 2548 1271 2587 congregata
1299 2542 1367 2575 fuit
1394 2541 1620 2575 Universitas
1643 2541 1680 2574 in
1709 2541 1743 2574 S.
1774 2541 1957 2575 Maturino
1988 2551 2100 2586 super
2131 2539 2249 2574 tribus

390 2612 551 2645 articulis
579 2622 731 2655 quorum
761 2610 945 2642 secundus
975 2609 1042 2642 suit
1065 2609 1272 2655 specialiter
1299 2610 1342 2642 ad
1373 2609 1583 2654 eligendum
1616 2616 1651 2642 et
1677 2609 1937 2643 nominandum
1967 2607 2250 2641 ambassiatores

392 2679 586 2711 mittendos
603 2678 645 2710 ad
664 2677 849 2709 dominum
871 2683 1036 2710 nostrum
1057 2689 1194 2722 regem,
1213 2677 1256 2709 ad
1273 2677 1472 2710 audiendas
1488 2677 1751 2710 instructiones
1768 2689 1907 2718 eorum,
1923 2676 1967 2709 ad
1983 2675 2250 2721 providendum

393 2746 436 2778 de
459 2745 622 2790 pecuniis
651 2751 685 2776 ct
710 2744 975 2789 expediendum
1002 2744 1103 2789 ipsos
1192 2744 1355 2777 Facultas
1382 2744 1564 2777 conclusit
1591 2744 1689 2789 quod
1716 2743 1880 2789 placebat
1908 2743 2080 2788 expedire
2107 2741 2251 2775 ambas-

393 2813 545 2845 siatores
567 2819 601 2844 et
622 2811 807 2843 nominare
833 2818 869 2844 et
893 2811 1086 2856 providere
1112 2812 1155 2844 de
1180 2812 1357 2856 pecuniis.
1381 2813 1425 2844 Et
1444 2824 1500 2844 me
1523 2813 1574 2853 [P.
1597 2811 1772 2857 Maugier]
1803 2823 1868 2856 pro
1895 2822 1961 2844 suo
1989 2807 2249 2854 ainba'ssiatopre

393 2879 504 2924 elegit
530 2885 562 2911 et
593 2878 801 2918 nominavit,
834 2884 868 2910 et
893 2890 958 2922 pro
988 2878 1170 2924 theologia
1200 2891 1293 2924 mag.
1326 2879 1562 2913 Guillelmum
1587 2878 1742 2912 Bouille.
1769 2879 1820 2911 De
1846 2877 1926 2910 aliis
1952 2889 1990 2910 se
2019 2875 2143 2910 retulit
2169 2875 2250 2909 aliis
