2502 3418
256 301 351 337 1403]
604 314 650 334 AB
685 313 789 334 ANNo
825 312 1111 334 MCCCLxxxxtv
1142 311 1273 339 thQUE
1309 312 1355 332 At)
1391 312 1527 332 ‚xxxvii
1564 312 1767 333 neeccrn.
2056 306 2111 337 127

252 389 379 421 sitorio
403 387 576 420 librorum
598 399 746 419 suorum
764 386 943 419 venalium
967 386 1195 422 existentem,
1215 385 1250 416 in
1273 397 1339 428 qua
1358 392 1463 416 erunt
1485 385 1618 429 scripta
1641 386 1683 416 de
1701 386 1834 429 optima
1858 386 1972 419 littera
1995 389 2111 419 munia

247 456 449 499 juramenta
472 466 535 498 per
555 466 635 486 eum
657 454 746 485 sacta
768 453 803 485 111
826 465 888 485 sua
912 453 1133 496 receptione,
1153 458 1185 484 et
1207 463 1311 495 quam
1335 451 1520 495 magistris
1542 458 1575 483 et
1599 451 1801 483 scolaribus
1823 453 2002 492 ostendet,
2026 466 2113 497 quo-

252 522 510 565 cienscumque
530 520 721 553 occasione
741 519 962 552 venditionis
987 519 1043 551 vel
1071 518 1265 563 emptionis
1294 517 1469 549 librorum
1502 517 1597 549 illam
1630 524 1762 561 petent,
1793 530 1834 549 ne
1865 531 1926 562 per
1953 519 2110 562 ipsorum

247 589 536 633 juramentorum
558 593 618 620 aut
645 586 797 631 alicujus
823 598 945 618 eorum
973 585 1212 630 ignorantiam
1239 584 1427 629 contingat
1456 584 1556 628 ipsos
1578 584 1743 616 volentes
1774 584 1888 616 libros
1918 597 2036 617 emero
2058 586 2112 618 vel

251 654 423 695 vendere,
446 654 482 686 in
503 653 623 698 aliquo
644 653 763 697 decipi
785 664 849 685 seu
870 652 1041 685 fraudari.

340 722 441 761 Item,
460 720 557 765 quod
578 721 670 752 infra
691 720 785 752 idem
809 726 951 764 tempus
972 718 1118 751 habebit
1140 718 1303 763 papirum
1327 718 1363 750 in
1386 717 1549 762 predicto
1575 718 1750 749 librorum
1772 717 1951 750 venalium
1976 719 2114 762 reposi-

251 787 344 820 torio
366 787 593 828 existentem,
622 787 658 819 in
678 799 746 831 qua
775 793 879 818 erunt
908 786 1052 818 nomina
1079 785 1239 817 omnium
1268 784 1443 816 librorum
1477 796 1623 816 suorum
1649 784 1825 816 venalium
1855 791 1887 816 et
1914 784 2111 816 alienorum

251 854 320 887 sibi
342 854 554 887 traditorum
577 853 709 898 scripta
731 865 810 885 cum
833 853 1031 885 eorundem
1057 851 1332 885 rationabilibus
1356 851 1505 896 preciis,
1529 858 1563 883 et
1589 863 1691 895 quam
1717 850 1899 883 tenebitur
1920 851 2113 883 ostendere

250 921 435 966 magistris
457 927 492 953 et
521 920 724 953 scolaribus
754 932 829 952 eam
863 919 1082 964 petentibus,
1111 930 1254 951 necnon
1285 918 1327 951 ad
1357 930 1546 951 sermones
1573 918 1828 951 Universitatis
1860 924 2002 962 portare
2034 930 2112 950 cum

250 988 327 1021 suis
349 987 453 1020 libris
473 987 676 1026 venalibus,
700 993 738 1019 ut
766 987 919 1031 predicti
948 986 1110 1030 magistri
1137 993 1171 1018 et
1196 985 1356 1018 scolares
1384 985 1527 1030 possint
1552 985 1705 1017 faciliter
1728 985 1888 1029 reperire
1910 984 2023 1016 libros
2045 984 2114 1016 sibi

250 1054 500 1088 neccessarios
520 1054 578 1087 vel
609 1054 728 1086 utiles.
762 1055 804 1086 Et
833 1054 862 1086 si
894 1054 1081 1098 contingat
1110 1060 1233 1085 contra
1264 1053 1381 1096 ipsum
1412 1051 1634 1084 sufficienter
1657 1051 1800 1096 probari
1831 1051 1926 1095 quod
1958 1051 2112 1095 aliquem

250 1122 382 1154 librum
406 1121 570 1154 venalem
591 1120 732 1161 habeat,
756 1121 832 1153 sive
854 1120 1040 1165 proprium
1064 1120 1140 1152 sive
1162 1119 1333 1157 alienum,
1360 1119 1465 1163 cujus
1486 1130 1618 1150 nomen
1645 1126 1677 1151 et
1708 1118 1867 1163 precium
1890 1130 1962 1150 non
1983 1118 2056 1150 sint
2078 1118 2112 1150 in

249 1189 344 1222 dicta
366 1188 491 1233 papiro
513 1188 659 1233 scripta,
679 1188 748 1220 erit
767 1187 829 1220 ille
851 1187 944 1219 liber
964 1187 1183 1220 confiscatus
1207 1186 1455 1219 Universitati.
1482 1197 1485 1199 ·

338 1257 440 1296 Item,
462 1255 559 1300 quod
581 1255 611 1288 si
632 1255 818 1299 contingat
840 1267 920 1287 eum
945 1254 1038 1287 scire
1060 1254 1216 1298 aliquem
1241 1260 1449 1285 extraneum
1472 1252 1637 1285 attulisse
1663 1252 1778 1284 libros
1799 1252 1958 1293 venales,
1982 1252 2114 1296 pariter

249 1322 339 1355 illud
360 1322 492 1363 statim,
510 1322 567 1355 vel
589 1334 693 1367 quam
715 1322 822 1354 citius
844 1321 988 1366 poterit,
1013 1320 1247 1353 denunciabit
1268 1320 1413 1359 rectori,
1433 1326 1470 1352 ut
1490 1320 1532 1352 ad
1554 1331 1779 1351 communem
1804 1320 2056 1363 magistrorum
2080 1326 2111 1352 et

248 1389 442 1422 scolarium
465 1389 653 1422 utilitatem
678 1389 794 1433 possit
811 1389 854 1421 de
876 1389 950 1421 illis
972 1388 1131 1421 ordinari
1148 1388 1249 1432 juxta
1266 1387 1382 1432 ipsius
1404 1386 1556 1419 rectoris
1578 1386 1707 1418 bonam
1730 1387 2000 1418 discretionem.

337 1457 442 1489 ltem¹
466 1456 624 1488 fideliter
645 1462 679 1488 et
700 1455 877 1501 legittime
898 1455 1046 1488 habebit
1066 1455 1180 1487 libros
1203 1454 1348 1488 venales
1370 1453 1595 1498 recipiendo,
1620 1453 1875 1493 custodiendo,
1898 1453 2113 1497 exponendo

249 1530 283 1556 et
302 1522 495 1556 vendendo
518 1522 679 1555 eosdem.

337 1591 440 1631 Item,
459 1589 555 1634 quod
576 1589 690 1622 libros
708 1589 854 1622 venales
871 1601 944 1621 11011
962 1589 1163 1633 supprimet
1186 1600 1251 1620 nec
1268 1587 1412 1627 celabit,
1431 1587 1495 1619 sed
1518 1587 1619 1631 ipsos
1640 1598 1784 1631 semper
1800 1586 1879 1618 loco
1898 1593 1928 1618 et
1954 1592 2113 1630 tempore

249 1663 406 1702 exponet
426 1656 570 1701 quando
592 1663 773 1700 petentur.

336 1724 437 1764 Item,
461 1723 559 1767 quod
581 1735 652 1755 non
674 1723 887 1755 intromittet
915 1734 954 1755 se
985 1722 1028 1754 de
1052 1722 1229 1754 taxatione
1261 1734 1324 1753 seu
1356 1721 1459 1753 etiam
1488 1720 1717 1753 estimatione
1746 1719 1920 1751 librorum
1948 1731 2112 1763 quoquo-

247 1790 369 1831 modo,
393 1790 464 1822 nisi
485 1789 532 1822 sit
553 1801 647 1822 unus
669 1790 713 1822 de
738 1789 999 1834 principalibus
1021 1796 1175 1834 quatuor
1193 1789 1325 1833 juratis
1347 1795 1407 1820 aut
1426 1787 1469 1820 ab
1490 1787 1611 1832 aliquo
1634 1787 1794 1831 ipsorum
1818 1792 1977 1819 vocatus.

336 1858 437 1898 Item,
456 1856 553 1901 quod
576 1856 606 1888 si
629 1856 676 1889 sit
697 1868 791 1889 unus
808 1856 852 1888 de
873 1863 1027 1900 quatuor
1045 1855 1307 1900 principalibus
1324 1855 1455 1899 juratis
1477 1861 1512 1887 et
1532 1866 1548 1886 a
1566 1852 1818 1887 venditoribus
1841 1865 1904 1884 seu
1924 1852 2110 1885 venditore

246 1935 357 1969 super
379 1923 590 1956 venditione
615 1923 700 1955 libri
721 1923 778 1956 vel
799 1923 975 1955 librorum
997 1930 1145 1955 vocatus
1166 1922 1276 1954 suerit
1300 1928 1358 1954 aut
1387 1921 1599 1966 requisituS,
1628 1920 1810 1953 estimabit
1835 1926 1867 1952 et
1895 1919 1987 1951 dicet
2018 1918 2110 1950 bona

246 1991 317 2023 fide
339 1990 519 2023 mediante
541 1990 686 2031 salario,
705 1997 875 2035 quantum
897 1990 1022 2022 credet
1042 1989 1173 2022 librum
1192 1991 1248 2021 vel
1270 1988 1386 2021 libros
1403 1988 1445 2021 ad
1466 1988 1697 2021 vendendum
1716 1987 1857 2019 oblatos
1874 1986 1930 2019 vel
1952 1985 2108 2018 oblatum

241 2059 342 2103 justo
364 2064 399 2090 et
420 2057 597 2102 legittimo
620 2058 743 2102 precio
765 2069 874 2102 posse
896 2057 1018 2098 vendi,
1042 2063 1075 2089 ut
1105 2069 1169 2101 pro
1192 2069 1230 2088 se
1259 2056 1338 2100 ipso
1361 2067 1481 2087 emere
1502 2054 1625 2095 vellet,
1654 2054 1684 2086 si
1710 2053 1859 2086 facultas
1886 2065 1924 2085 se
1951 2053 2108 2085 oll'erret.

335 2125 437 2165 Item,
456 2124 553 2169 quod
576 2124 731 2169 pretium
752 2124 836 2156 libri
856 2124 1009 2164 venalis,
1032 2129 1095 2157 etc.
1114 2135 1218 2168 usque
1239 2123 1283 2155 de
1305 2122 1527 2155 stationariis
1548 2126 1585 2154 ut
1609 2122 1644 2154 in
1666 2120 1833 2154 Cllartul.
1860 2121 1901 2159 ll,
1926 2124 1962 2151 n⁰
1982 2120 2074 2151 111114.

336 2191 457 2232 Item²,
476 2191 574 2235 quod
596 2203 661 2235 pro
683 2190 952 2236 exemplaribus
975 2190 1065 2223 ultra
1087 2190 1121 2222 id
1144 2190 1241 2234 quod
1263 2189 1306 2222 ab
1326 2189 1569 2222 Universitate
1590 2188 1699 2220 suerit
1723 2194 1874 2219 taxatum
1899 2199 1970 2218 non
1990 2186 2110 2229 exiget

246 2270 263 2291 a
284 2257 469 2302 magistris
491 2264 526 2290 et
546 2257 763 2290 scolaribus.

334 2326 436 2366 Item,
456 2324 552 2369 quod
575 2337 639 2369 pro
661 2324 929 2369 exemplaribus
950 2324 993 2357 ab
1019 2324 1264 2357 Universitate
1286 2335 1358 2355 non
1388 2323 1513 2355 taxatis
1541 2322 1633 2354 ultra
1658 2322 1796 2365 justum
1826 2326 1858 2351 ct
1887 2319 2107 2351 moderatum

248 2391 401 2436 pretium
422 2391 479 2424 vel
501 2391 668 2423 salarium
692 2403 764 2424 non
786 2392 918 2436 exiget.

335 2459 437 2496 ltem,
463 2458 560 2502 quod
586 2470 657 2490 non
679 2458 903 2503 attemptabit
928 2458 1065 2503 aliquid
1087 2458 1161 2490 doli
1183 2457 1240 2491 vel
1270 2456 1408 2489 fraudis
1430 2456 1523 2488 circa
1546 2455 1700 2487 officium
1724 2466 1841 2493 suum,
1871 2453 1966 2485 unde
1997 2453 2107 2497 possit

245 2525 367 2558 studio
389 2524 446 2558 vel
468 2525 702 2557 studentibus
724 2526 925 2570 proereari³
947 2525 1095 2570 aliquod
1117 2525 1389 2557 detrimentum.

336 2593 437 2632 Item,
463 2592 560 2636 quod
581 2591 728 2624 habebit
750 2591 902 2624 tabulam
927 2592 971 2624 de
993 2604 1213 2637 pergameno
1236 2591 1405 2635 scriptam
1428 2590 1464 2621 in
1486 2589 1579 2621 bona
1598 2589 1715 2620 littera
1738 2594 1772 2619 et
1794 2593 1935 2631 patente
1957 2586 2107 2631 positam

246 2658 291 2691 ad
310 2658 506 2691 fenestram
536 2670 650 2699 suam,
677 2659 713 2690 111
735 2671 803 2703 qua
832 2659 965 2704 scripta
987 2665 1093 2691 erunt
1113 2658 1233 2690 omnia
1255 2657 1473 2701 exemplaria
1503 2655 1636 2700 quibus
1662 2660 1795 2694 utetur,
1819 2653 1849 2685 si
1870 2665 1938 2697 qua
1968 2652 2108 2692 habeat,

245 2736 325 2757 cum
348 2725 465 2769 pretio
487 2725 677 2758 taxationis
699 2737 837 2758 eorum.

336 2792 437 2832 Item,
461 2792 558 2836 quod
585 2792 615 2824 si
642 2792 828 2836 contingat
853 2792 950 2836 quod
971 2791 1100 2824 habeat
1119 2791 1237 2835 aliqua
1260 2789 1477 2834 exemplaria
1499 2800 1570 2820 non
1598 2794 1723 2825 taxata,
1746 2799 1785 2819 ea
1812 2798 1884 2818 non
1910 2786 2109 2817 communi-

246 2857 353 2898 cabit,
372 2870 564 2902 quousque
586 2859 679 2891 dicte
705 2859 937 2891 Universitati
959 2859 1091 2891 suerint
1114 2858 1231 2890 oblata
1255 2857 1309 2890 vel
1331 2863 1455 2889 taxata.
