2502 3418
410 321 450 354 10
987 328 1303 352 ann'rULAan
1330 327 1519 351 umvssns.
1557 327 1684 350 PAms.
2166 309 2264 348 [1395

414 449 435 484 1
445 448 554 484 723.
577 456 736 483 Facultatis
749 456 907 482 medicinae
922 455 995 481 bona
1011 455 1133 490 librique
1149 455 1177 480 in
1192 463 1293 480 manus
1309 454 1412 480 decani
1426 454 1505 480 Petri
1517 453 1552 479 de
1571 453 1698 480 Vallibus
1712 453 1900 478 remittuntur.

1590 542 1666 570 1395.
1681 540 1793 566 uoremb.
1807 541 1851 570 22,
1866 539 1979 565 Parisiis.

500 633 565 666 Die
585 633 672 677 xxija
691 632 853 677 ejusdem
875 632 1012 665 mensis
1032 631 1154 676 recepi
1180 643 1198 663 a
1223 629 1421 663 venerabili
1447 636 1482 662 et
1506 629 1663 662 discreto
1686 629 1761 661 viro
1787 628 1960 673 magistro
1985 626 2148 659 Johanne
2172 627 2265 671 Voy-

410 712 521 745 gnon,
541 706 689 745 regente
711 700 747 731 in
767 699 934 732 facultate
955 699 1134 731 medicine
1155 697 1268 730 Paris.
1287 703 1322 729 et
1342 696 1603 741 predecessore
1624 707 1703 728 meo
1726 695 1875 735 decano,
1894 694 1938 727 de
1959 693 2065 726 bonis
2085 693 2264 726 facultatis

410 779 449 799 ea
471 778 539 811 que
561 767 752 799 secuntur¹
773 778 779 798 :

497 865 594 891 Primo
608 865 745 898 papirum
760 864 856 894 aliam,
870 863 1039 889 immediate
1053 863 1266 896 precedentem.
1281 863 1414 896 quinque
1427 862 1535 888 codices
1548 860 1780 889 continentem²z

496 915 569 940 Item
585 914 724 940 scrinium
741 921 884 946 magnum
900 912 1056 942 facultatis;

497 964 570 989 Item
583 963 663 988 aliud
678 962 814 995 papirum
829 962 860 987 in
875 969 935 994 quo
947 961 1137 987 continentur
1152 961 1246 987 littere
1261 962 1289 986 et
1304 960 1451 993 privilegia
1467 961 1560 985 multa
1574 960 1731 988 facultatis

495 1013 568 1038 Item
583 1010 799 1037 Abreviaciones
813 1010 1038 1043 synonimorum
1050 1009 1231 1038 Januensis³;
1998 1031 2007 1043 ι

494 1061 567 1086 Item
582 1061 728 1086 Tractatus
740 1060 778 1085 de
792 1058 920 1088 tiriaca&

494 1110 567 1135 Item
582 1109 804 1135 translacionem
820 1108 1000 1141 carpinatam
1015 1115 1048 1134 ex
1064 1108 1093 1133 50
1108 1107 1220 1142 Colliyel
1235 1107 1396 1136 Averrois³2

494 1159 567 1184 Item
580 1159 688 1184 statuta
701 1158 823 1190 antiqua
838 1157 995 1185 facultatis;

493 1208 566 1233 Item
582 1206 781 1240 Exposiciones
795 1206 930 1239 antiquas
942 1213 1029 1239 super
1043 1207 1137 1239 partes
1152 1205 1305 1235 Avicenne,
1322 1205 1353 1230 in
1367 1205 1483 1238 papiro;

492 1257 566 1282 Item
581 1255 743 1281 secundum
758 1257 787 1281 et
801 1255 923 1280 tertium
938 1255 1088 1280 Canonem
1103 1254 1257 1284 Avicenne,
1274 1254 1304 1279 in
1317 1254 1420 1280 eodem
1435 1254 1598 1282 volumine:

493 1306 566 1331 Item
581 1304 809 1331 Concordancias
821 1304 961 1330 Iohannis
975 1303 1011 1329 de
1024 1303 1128 1329 Sancto
1141 1303 1306 1332 Amand0⁶;

491 1355 565 1380 Item
579 1354 651 1379 duas
665 1354 762 1379 laietas
776 1353 920 1379 facultatis
934 1353 965 1378 in
980 1352 1087 1386 quibus
1102 1354 1171 1378 sunt
1186 1352 1283 1385 plures
1298 1351 1392 1378 littere
1406 1352 1563 1381 facultatis:

492 1404 566 1429 Item
580 1403 691 1428 librum
706 1402 784 1428 Hebe
799 1401 910 1428 Mesue⁷
925 1402 961 1427 de
975 1401 1155 1435 simplicibus
1170 1401 1330 1431 medicinis,
1345 1409 1413 1427 cum
1428 1401 1552 1427 Practica
1568 1401 1714 1434 ejusdem;

490 1453 564 1478 Item
579 1451 797 1477 Antidotarium
812 1450 1035 1480 clarificatum&
1623 1438 1629 1441 ³

491 1502 564 1527 Item
579 1508 676 1526 unum
691 1500 830 1526 volumen
844 1507 1000 1533 magnum,
1014 1499 1045 1525 in
1060 1507 1120 1532 quo
1134 1499 1324 1525 continentur
1338 1499 1436 1532 plures
1450 1499 1516 1524 libri
1529 1499 1654 1528 Galieni:

490 1551 564 1576 Item
578 1550 650 1575 duas
664 1549 764 1578 claves,
780 1556 873 1574 unam
887 1549 923 1574 de
940 1548 1053 1578 scrinio,
1070 1548 1101 1574 in
1116 1556 1176 1582 quo
1191 1550 1233 1574 est
1254 1548 1383 1581 sigillum
1403 1548 1608 1578 Universitatis,
1625 1548 1656 1574 in
1670 1548 1791 1574 Navarra
1806 1548 1949 1577 existenti,
1965 1549 1994 1574 et
2007 1547 2094 1574 aliam
2109 1547 2146 1574 de
2160 1547 2266 1574 scrinio

402 1607 510 1632 magno
525 1598 678 1624 facultatis.
693 1599 765 1624 Item
781 1605 826 1623 sex
842 1598 910 1623 alias
922 1597 1026 1627 claves:
1045 1597 1124 1623 unde
1139 1597 1197 1623 sint
1212 1597 1315 1623 nescio.

489 1648 562 1674 Item
578 1647 714 1680 magister
728 1647 902 1673 Guillelmus
917 1646 1070 1672 Boucherii
1085 1646 1173 1672 habet
1187 1646 1416 1672 Concordancias
1438 1646 1513 1672 Petri
1533 1646 1569 1673 de
1585 1646 1688 1672 Sancto
1709 1646 1820 1675 Floross,
1834 1646 2054 1672 Antidotarium
2070 1645 2218 1672 Albucasis
2236 1647 2266 1672 ct

400 1697 507 1723 Totum
520 1696 672 1722 continens
686 1695 785 1721 Rhasis
798 1695 830 1721 in
843 1695 958 1721 duobus
973 1694 1212 1725 voluminibus⁴⁰‚
1228 1695 1260 1721 in
1275 1695 1358 1721 vadio
1379 1695 1435 1729 xxij
1459 1695 1627 1721 francorum
1648 1697 1683 1721 ut
1702 1696 1870 1722 continetur
1884 1696 1915 1721 in
1929 1695 1984 1721 alia
2004 1695 2116 1729 papiro,
2131 1695 2163 1720 in
2178 1695 2264 1722 deca-

400 1747 473 1771 natu
488 1745 618 1778 magistri
633 1744 767 1770 Richardi
779 1744 815 1770 de
828 1744 1009 1770 Bodribosco.

487 1795 560 1820 Item
575 1794 713 1827 magister
725 1793 873 1819 Johannes
887 1793 922 1819 de
938 1793 1120 1819 Bellomonte
1143 1793 1230 1818 habet
1252 1793 1370 1819 calicem
1391 1801 1460 1819 cum
1483 1795 1580 1827 patera
1602 1795 1739 1827 argentea
1762 1795 1790 1819 et
1811 1793 1980 1827 repositorio
2002 1794 2038 1819 de
2056 1793 2134 1820 corio
2153 1793 2184 1819 in
2203 1800 2264 1826 quo

398 1843 532 1877 ponitur:
547 1844 575 1868 et
589 1843 676 1868 habet
690 1842 822 1868 similiter
836 1842 867 1867 in
882 1842 964 1867 vadio
979 1849 1032 1875 pro
1047 1842 1072 1875 vj
1089 1842 1203 1871 francis,
1219 1844 1252 1867 ut
1267 1842 1392 1868 habetur
1404 1843 1435 1868 in
1447 1843 1502 1868 alia
1516 1843 1628 1876 papiro,
1642 1843 1673 1868 in
1689 1843 1832 1869 decanatu
1850 1843 1980 1875 magistri
1993 1843 2029 1869 de
2043 1842 2225 1869 Bodribosco.

486 1893 559 1918 Item
574 1892 646 1917 duas
668 1891 791 1920 cedulas,
815 1891 909 1924 sigillo
930 1891 1051 1917 rectorie
1072 1891 1217 1924 sigillatas,
1241 1891 1348 1924 quibus
1367 1893 1462 1918 rector
1477 1892 1598 1918 nomine
1619 1892 1816 1918 Universitatis
1837 1892 1946 1918 fatetur
1966 1892 2057 1918 teneri
2079 1891 2210 1918 facultati
2231 1891 2263 1917 in

399 1942 455 1975 xxij
472 1941 586 1967 francis.

493 2030 637 2053 Comment.
658 2031 707 2052 sac.
724 2029 801 2058 med„
816 2032 835 2052 1.
851 2029 870 2058 Ι,
889 2037 916 2060 Ρ.
933 2029 955 2051 1.
975 2043 1006 2046 -
1018 2029 1124 2052 VALLET
1139 2036 1173 2052 nt
1186 2030 1337 2059 Vnuvirm,
1352 2030 1425 2054 Hist.
1441 2031 1474 2054 de
1489 2030 1589 2055 l'instr.
1604 2031 1680 2060 publ.
1693 2038 1729 2055 en
1743 2030 1864 2060 Europe,
1881 2038 1908 2061 p.
1923 2030 1981 2058 ³62;
1998 2029 2146 2059 Jounomn,
2162 2032 2191 2051 n⁰
2203 2029 2262 2056 92&

398 2076 427 2098 Α.
444 2075 592 2102 FRANKLm,
609 2073 767 2098 Anciermes
779 2073 901 2097 biblioth.
914 2074 947 2096 de
959 2073 1052 2102 Paris,
1069 2074 1102 2103 ll,
1116 2082 1142 2104 p.
1160 2074 1198 2097 18.

493 2167 517 2192 1.
536 2167 653 2190 Similem
667 2166 849 2198 syngrapham·
862 2166 1002 2197 quotannis
1018 2167 1132 2189 decanus
1145 2175 1234 2190 recens
1250 2168 1347 2190 electus
1363 2168 1394 2191 dc
1410 2168 1486 2191 bonis
1503 2170 1552 2192 sac.
1566 2169 1635 2192 med.
1651 2169 1740 2197 dabat,
1754 2169 1805 2191 nisi
1825 2169 1894 2200 quod
1910 2177 1977 2191 unus
1997 2169 2038 2191 vel
2054 2169 2120 2192 alter
2135 2168 2263 2199 magister

400 2212 501 2243 aliquos
516 2212 599 2234 libros
613 2211 754 2234 detinebat.
766 2225 798 2228 —
815 2210 839 2235 2.
856 2211 925 2238 Quot
945 2210 1059 2241 registra
1083 2212 1131 2236 fac.
1146 2212 1213 2235 med.
1230 2212 1329 2234 amissa
1344 2212 1397 2235 sint
1411 2213 1539 2236 incertum
1552 2216 1599 2237 cst.
1618 2213 1664 2236 Hic
1680 2213 1711 2236 de
1727 2213 1841 2244 quinque
1856 2213 1990 2236 codicibus
2006 2213 2104 2244 agitur,
2118 2221 2179 2236 sane
2195 2213 2263 2236 mule

400 2256 517 2279 consutis
532 2259 558 2279 ct
570 2264 621 2278 11113
637 2256 729 2278 charta
745 2255 880 2278 involutis.
897 2256 944 2279 An.
959 2255 1019 2278 1407
1035 2256 1148 2278 decanus
1160 2256 1257 2279 Casson
1274 2260 1385 2280 testatur
1397 2266 1424 2280 58
1437 2258 1568 2289 recepisse
1581 2267 1593 2279 «
1609 2258 1733 2289 papirum
1747 2258 1825 2281 istam
1837 2258 2019 2289 precedentem
2032 2265 2059 2290 »3
2077 2266 2120 2281 311.
2134 2258 2195 2281 1409
2209 2258 2263 2281 Yvo

400 2301 476 2324 Levis
492 2301 600 2324 adnotat
615 2309 626 2323 «
640 2301 706 2323 duas
721 2300 830 2331 papiros
853 2300 988 2331 antiquns;
1005 2300 1066 2323 item
1082 2300 1205 2331 papirum
1226 2305 1374 2332 presentem
1389 2310 1415 2331 »ς
1432 2310 1474 2326 an.
1491 2303 1552 2325 1420
1567 2303 1680 2326 decanus
1700 2303 1737 2326 ait
1762 2312 1773 2325 «
1789 2303 1855 2326 duas
1873 2303 1982 2334 papirus
1997 2311 2018 2326 1).
2043 2302 2115 2326 Nulli
2130 2310 2220 2326 eorum
2235 2302 2262 2325 in

401 2349 512 2368 mentem
525 2345 595 2368 venit
607 2348 663 2368 tam
677 2345 793 2376 pretiosa
815 2345 970 2367 documenta
985 2345 1143 2368 describere.
1157 2358 1186 2362 —
1201 2345 1224 2369 3.
1242 2346 1331 2369 Simon
1347 2347 1486 2370 Januensis
1508 2348 1671 2378 (two-1303),
1689 2347 1805 2370 medicus
1826 2356 1912 2379 papae
1932 2347 2032 2370 Nicolai
2048 2348 2089 2371 lv.
2112 2348 2263 2378 Synonyma

401 2390 543 2413 medicinae
557 2389 612 2412 sive
628 2389 715 2413 Clavis
731 2389 874 2412 sanationis
889 2397 966 2420 saepe
981 2389 1051 2420 typis
1067 2389 1136 2412 edita
1152 2394 1213 2413 sunt
1233 2390 1266 2413 ab
1289 2399 1330 2415 an.
1346 2391 1415 2414 1473.
1428 2405 1455 2409 —
1471 2391 1496 2416 4.
1515 2392 1697 2415 Verisimiliter
1711 2395 1838 2415 tractatus
1855 2392 1899 2423 qui
1921 2392 2053 2415 invenitur
2072 2392 2099 2415 in
2114 2391 2262 2416 Aristotelis

400 2443 463 2466 opp.
478 2443 536 2457 cum
552 2434 737 2457 commentario
752 2433 874 2457 Averrois
891 2434 999 2463 (Venet.,
1016 2434 1085 2463 1560,
1102 2435 1137 2464 80,
1152 2438 1172 2458 t.
1187 2435 1224 2464 V).
1235 2449 1265 2452 —
1278 2434 1302 2459 5.
1320 2436 1440 2467 Colliget,
1457 2436 1511 2459 sive
1527 2437 1604 2459 Kimh
1619 2437 1781 2468 el-Kollijjcit,
1795 2437 1812 2460 i.
1829 2446 1851 2460 e.
1865 2437 1942 2460 Liber
1958 2437 2115 2460 universalis
2131 2437 2163 2460 de
2177 2436 2263 2460 medi-

401 2479 469 2508 cina,
481 2479 507 2501 in
521 2482 620 2510 septem
632 2479 753 2510 partibus
769 2478 936 2501 distributus.
952 2492 978 2496 -
995 2478 1019 2503 6.
1037 2479 1072 2501 De
1087 2479 1204 2502 Johanne
1220 2480 1251 2502 de
1267 2480 1293 2503 S.
1309 2481 1436 2509 Amando,
1451 2481 1603 2512 praeposito
1619 2482 1803 2505 canonicorum
1823 2482 1917 2505 Montis
1933 2490 2001 2505 saec.
2018 2489 2076 2512 11111,
2093 2483 2127 2505 cf.
2143 2482 2261 2511 HAESER,

403 2524 496 2548 Gesch.
512 2525 562 2547 der
575 2524 702 2551 Medicin,
720 2525 733 2546 3
748 2523 800 2553 ed.‚
812 2523 831 2552 Ι,
847 2532 874 2554 p.
886 2524 940 2546 667.
956 2537 982 2541 -
998 2522 1022 2547 Ί.
1038 2523 1056 2546 Ι.
1071 2531 1092 2546 8.
1109 2524 1196 2547 Mesue
1208 2524 1306 2555 junior,
1323 2529 1413 2548 auctor
1428 2526 1525 2548 arabus
1541 2534 1609 2549 saec.
1626 2534 1662 2556 xl,
1679 2526 1755 2550 toties
1773 2527 1854 2549 latina
1868 2527 1961 2558 lingua
1976 2527 2002 2550 in
2017 2526 2184 2550 bibliothecis
2200 2534 2262 2550 ver-

401 2572 484 2591 satus.
497 2582 527 2586 —
541 2568 566 2593 8.
582 2568 681 2592 Nicolai
696 2568 819 2599 Myrepsi.
836 2581 864 2585 —
881 2567 905 2592 9.
922 2568 957 2590 De
972 2568 1047 2591 Petro
1063 2568 1133 2591 Guas
1150 2569 1180 2591 de
1201 2570 1226 2594 S.
1245 2569 1330 2598 Floro,
1347 2578 1416 2601 mag.
1433 2570 1459 2593 in
1475 2571 1603 2594 medicina
1623 2571 1718 2601 Paris.y
1731 2571 1785 2594 vid.
1802 2572 1939 2600 Charlul„
1955 2572 2000 2601 Ill,
2016 2571 2147 2602 imprimis
2162 2580 2188 2602 p.
2205 2571 2260 2601 631,

401 2616 453 2635 not.
471 2613 509 2636 18.
526 2613 553 2635 ln
566 2613 643 2635 Arch.
659 2615 723 2641 nat„
740 2613 788 2635 MM
804 2613 857 2641 266,
875 2612 918 2635 fol.
934 2613 988 2641 170,
1001 2614 1115 2635 retertur
1130 2621 1181 2636 una
1197 2621 1208 2636 «1
1225 2613 1363 2641 Quittance
1376 2615 1411 2637 du
1426 2615 1508 2646 doyen
1529 2616 1560 2638 de
1579 2616 1605 2638 13
1621 2617 1670 2639 fac.
1686 2616 1721 2638 du
1742 2616 1846 2639 dernier
1862 2616 1937 2639 Avril
1952 2617 2012 2639 1397
2026 2624 2037 2639 »
2054 2624 2107 2647 qua
2123 2616 2262 2639 confitetur

402 2666 429 2680 se
444 2666 459 2680 3
474 2657 614 2681 Guillelmo
630 2656 766 2680 (ΞΜ-11111815
781 2658 812 2679 48
835 2658 938 2679 francos
954 2657 1085 2688 recepisse
1105 2657 1241 2681 occasione
1262 2658 1391 2682 librorum
1414 2659 1544 2683 dictorum
1562 2668 1573 2683 (ι
1589 2661 1682 2683 Totum
1705 2661 1840 2684 continens
1857 2669 1868 2683 »
1885 2664 1910 2684 et
1925 2669 1936 2684 «
1950 2661 2158 2684 Concordantiae
2173 2660 2263 2684 Sancti

401 2702 470 2725 Flori
487 2710 498 2724 »
514 2701 716 2724 invadiatorum.
733 2715 763 2719 —
776 2701 817 2726 10.
834 2701 1039 2725 celeberrimum
1055 2701 1104 2724 suit
1118 2702 1189 2725 istud
1204 2703 1279 2726 Rasis
1298 2704 1431 2735 exemplar
1447 2711 1477 2727 ex
1491 2713 1520 2728 eo
1537 2705 1606 2736 quod
1630 2706 1760 2729 Ludovico
1783 2706 1815 2728 XI
1840 2706 1896 2737 regi
1920 2706 2045 2729 Franciae
2066 2705 2261 2728 commodatum

401 2747 450 2769 suit
464 2746 524 2775 (vid.
542 2747 690 2774 Firmium,
707 2746 864 2770 Anciennes
879 2746 997 2770 biblioth.
1013 2747 1045 2770 cle
1060 2747 1151 2775 Paris,
1171 2747 1203 2775 Π,
1222 2756 1249 2778 p.
1268 2748 1358 2778 22-24).
1376 2749 1544 2772 Destructum
1564 2753 1686 2782 putatum
1709 2754 1744 2779 nt,
1767 2751 1790 2773 si
1814 2752 1880 2774 sorte
1904 2750 2002 2773 alicubi
2019 2750 2114 2781 jaceat,
2136 2753 2165 2773 ut
2187 2758 2261 2773 reco-

400 2794 542 2822 gnoscatur
558 2790 642 2819 facile,
658 2790 700 2813 hie
721 2790 905 2813 adnotabimus
928 2791 1067 2822 quemdam
1091 2791 1218 2814 decanum
1240 2792 1433 2823 diligentiorem
1458 2802 1537 2825 quam
1560 2795 1656 2818 caeteri
1680 2803 1722 2818 an.
1743 2795 1804 2818 1455
1826 2795 1965 2826 scripsisse
1988 2803 1993 2818 :
2021 2803 2031 2818 α
2058 2795 2178 2818 Secunda
2196 2802 2259 2825 pars

403 2836 576 2860 Continentia·
592 2835 719 2866 incipiens
732 2834 800 2858 libro
816 2835 1008 2864 decimotercio,
1022 2839 1047 2858 et
1062 2835 1154 2867 incipit
1168 2836 1194 2858 in
1208 2837 1340 2868 principio
1356 2838 1463 2861 secundi
1487 2839 1542 2862 solii
1557 2839 1755 2864 armeniacum
1774 2840 1847 2870 siyia
1865 2843 1890 2863 et
1912 2840 1938 2863 in
1963 2839 2108 2871 penultimo
2124 2839 2186 2862 solio
2202 2839 2261 2862 finit

401 2880 526 2904 azimum
540 2879 747 2910 yariofilatum‚
759 2883 784 2902 et
799 2883 838 2902 est
853 2880 878 2902 in
894 2888 945 2903 uno
958 2880 1115 2903 volumine»
1132 2881 1240 2910 (Comm.
1256 2883 1305 2904 sac.
1321 2883 1399 2912 med„
1416 2886 1433 2906 t.
1447 2883 1480 2912 II,
1491 2892 1517 2914 p.
1534 2884 1599 2914 141).
1616 2884 1732 2907 Primum
1748 2885 1882 2916 exemplar
1898 2884 2026 2908 versionis
2042 2884 2139 2907 latinae
2157 2892 2171 2907 a
2187 2892 2258 2915 mag.

525 2925 538 2940 t)

2499 1091 2502 1106 ..
2492 1044 2502 1086 ἓν..
2492 1027 2502 1034 ,Α
2491 992 2502 1020 a·
2482 710 2502 987 Qfflismassikffl'fisss
2494 658 2502 705 „sm

2496 1783 2502 1793 ,1
2494 1745 2502 1759 .’
2490 1678 2502 1725 12³3
2491 1627 2502 1662 ι’...
