2502 3418
266 341 362 377 1444]
606 354 652 375 ΑΒ
687 353 792 375 ΑΝΝο
829 352 1119 375 MCCCLxxxxw
1157 353 1286 380 USQUE
1322 353 1369 374 AD
1404 353 1542 374 ANNUM
1578 354 1785 376 MCCCCLtl.
2063 347 2125 379 641

349 428 482 461 Magister
498 428 627 454 Nicotaus
643 427 769 455 Catonis.
1295 426 1451 459 adoptatus
1468 434 1517 459 per
1533 427 1613 452 dom.
1631 428 1766 453 abbatem
1781 428 1806 453 S.
1826 429 1991 455 Kathcrine.

404 492 439 495 —
499 476 660 502 Balduinus
675 476 817 505 Multoris‚
1365 490 1398 494 —
1525 491 1559 494 —
1632 476 1698 501 Joh.
1715 476 1750 502 de
1763 477 1928 503 Courcellis.

353 526 450 551 Frater
466 526 613 551 Johannes
626 525 661 551 de
676 525 766 554 Bona,
1363 538 1397 543 —
1524 539 1555 542 —-
1633 525 1813 550 Ludovicum
1827 526 1925 559 Bailly,

351 574 484 607 Magister
501 574 601 600 Petrus
617 573 755 601 Mantelli.
1365 589 1397 592 —
1525 589 1558 590 j
1631 574 1791 599 Martinum
1807 575 1842 600 dc
1858 575 2000 600 Fraxcnis.

834 621 886 656 [26]

353 725 395 756 Et
416 723 533 756 statim
556 729 639 767 post
658 722 839 756 licentiam
861 722 947 763 duo,
970 722 1048 755 scil.
1072 723 1236 767 magistri
1259 723 1402 755 Blasius
1424 723 1554 756 Gresle
1581 729 1615 755 et
1636 724 1763 756 Petrus
1785 723 1829 756 dc
1851 724 1978 764 Partis,
2002 725 2062 768 qui
2084 725 2128 757 (le

262 789 354 823 locis
376 790 452 822 suis
474 801 547 822 non
567 790 715 822 suerunt
735 789 909 829 contenti,
927 788 1036 822 verba
1058 789 1321 822 contumeliosa
1343 789 1513 822 dixerunt
1532 789 1715 834 aliquibus
1738 802 1781 822 ex
1802 790 1960 823 dominis
1983 797 2018 823 et
2042 803 2128 823 con-

262 857 495 889 tinuaverunt
515 868 580 900 per
602 855 743 900 aliquos
765 855 844 888 dies
866 862 1076 900 sequentes.
1100 856 1233 889 Contra
1259 868 1351 900 quos
1382 855 1563 888 conclusit
1587 856 1737 889 facultas
1765 857 1964 901 procedere
1991 863 2026 889 et
2045 858 2129 890 fecit

261 923 341 955 fieri
362 922 652 955 informationem
675 933 740 966 per
760 934 854 967 mag.
876 922 1074 955 Johannem
1098 922 1315 955 Lcstournel
1336 929 1370 955 et
1393 922 1628 956 Guillelmum
1651 923 1695 955 de
1716 924 1846 956 Bosco.

355 1043 462 1066 Memor.
478 1044 527 1066 sac.
543 1042 650 1070 decret„
667 1042 686 1070 1,
701 1042 746 1065 sol.
765 1042 830 1065 2181’.
848 1043 909 1065 Post
930 1042 1034 1065 Petrum
1053 1042 1083 1065 de
1103 1042 1188 1065 Brena
1207 1042 1249 1071 (ab
1272 1051 1314 1066 an.
1330 1043 1399 1072 1442,
1413 1042 1477 1066 Nov.
1496 1043 1533 1071 10)
1552 1042 1600 1065 fuit
1615 1043 1729 1066 decanus
1745 1043 1837 1066 Petrus
1855 1043 1974 1074 Maugier
1990 1045 2040 1073 (an.
2058 1045 2127 1072 1443,

260 1087 385 1111 Novemb.
402 1087 497 1116 7-1444,
512 1087 639 1110 Novemb.
656 1088 688 1116 7).

355 1193 380 1219 1.
402 1194 499 1217 Saltem
515 1202 558 1217 an.
575 1195 635 1217 1444
648 1194 703 1225 jam
718 1194 801 1216 abbas
819 1194 876 1217 suit.
893 1194 921 1217 In
942 1194 1013 1218 Gall.
1030 1194 1136 1223 christ„
1153 1194 1193 1221 lv.
1211 1195 1266 1223 474,
1285 1194 1371 1217 solum
1391 1194 1425 1217 ad
1445 1203 1477 1217 an
1500 1195 1560 1217 1457
1578 1195 1697 1219 affertur.
1713 1208 1743 1212 -—
1757 1194 1780 1219 2.
1797 1195 1854 1218 Vid.
1877 1195 1949 1218 Gall.
1966 1196 2072 1222 christ..
2087 1196 2128 1223 lV,

261 1239 317 1267 489,
334 1238 380 1261 ubi
396 1241 483 1261 tamen
499 1238 588 1261 nullus
604 1246 689 1261 annus
705 1241 824 1266 notatum
839 1246 881 1261 an.
898 1239 959 1261 1454
974 1238 1006 1260 ad
1024 1239 1048 1262 S.
1066 1238 1230 1269 Stephanum
1246 1238 1396 1262 Divionens.
1415 1239 1561 1262 translatus
1577 1242 1616 1262 est
1630 1239 1714 1268 (ibid.,
1730 1247 1756 1270 p.
1774 1240 1839 1268 764).
1851 1253 1883 1256 -
1898 1238 1923 1263 3.
1939 1239 2036 1262 Eodem
2052 1248 2129 1269 anno,

261 1283 328 1313 Aug.
345 1283 383 1311 22,
399 1282 466 1313 petit
480 1291 494 1305 u
509 1290 580 1314 papa
595 1285 624 1305 ut
638 1291 697 1305 cum
712 1290 771 1314 par.
789 1283 852 1306 eccl.
868 1282 899 1305 de
920 1282 1087 1313 Savigniaco,
1109 1283 1230 1313 Lugdun.
1247 1282 1340 1310 dioec„
1364 1282 1477 1306 retinere
1493 1283 1580 1306 valeat
1604 1284 1682 1314 plura
1703 1283 1830 1306 beneficia
1847 1284 1950 1314 (Suppl.
1968 1284 2068 1315 Eugen.
2086 1285 2127 1313 lv,

261 1330 290 1349 n⁰
302 1327 356 1356 392,
374 1327 418 1350 sol.
433 1327 480 1355 82).

262 1502 406 1539 2584.
431 1512 578 1547 Eugenius
594 1513 639 1538 IV
649 1514 800 1547 confirmat
813 1512 969 1538 Iohannem
985 1512 1010 1538 le
1026 1512 1116 1547 Bugle
1132 1513 1160 1538 in
1176 1512 1301 1538 scribam
1316 1513 1414 1538 curiae
1429 1514 1636 1538 conservatoris
1646 1513 1870 1549 privilegiorum.

1508 1618 1579 1647 1444,
1594 1619 1686 1650 Aprilis
1700 1619 1726 1647 8,
1741 1619 1844 1645 Romae.

352 1722 552 1767 Eugenius‚
576 1729 642 1755 etc.
666 1722 736 1755 Dil.
760 1722 808 1755 fil.
831 1723 1085 1756 archidiacono
1101 1723 1256 1756 ecclesie
1273 1724 1491 1756 Parisiensis
1575 1724 1723 1756 Sincere
1745 1724 1951 1757 devotionis
1967 1725 2131 1758 affectus.

326 1788 491 1822 Exhibita
517 1789 699 1833 siquidem
721 1789 828 1822 nobis
850 1802 966 1834 nuper
992 1802 1056 1834 pro
1079 1797 1178 1835 parte
1199 1790 1375 1823 Johannis
1397 1790 1430 1822 le
1454 1790 1603 1835 Bugle¹7
1627 1790 1749 1823 clerici
1771 1791 1981 1832 ParisienS.7
2005 1791 2130 1835 petitio

262 1855 483 1896 continebat,
503 1856 600 1900 quod
622 1856 707 1888 olim
729 1856 885 1889 officium
909 1857 1109 1890 notariatus
1130 1857 1343 1902 principalis
1366 1869 1430 1889 seu
1453 1857 1572 1890 scribe
1595 1858 1693 1890 curie
1716 1858 2005 1891 conservationis
2026 1858 2134 1902 privi-

262 1922 442 1967 legiorum
470 1923 655 1955 universis
690 1923 886 1967 magistris,
916 1923 1130 1956 doctoribus
1161 1931 1196 1956 et
1223 1923 1426 1956 scolaribus
1456 1924 1617 1956 Par-isius
1646 1924 1879 1957 studentibus
1908 1924 2130 1957 indultorum

262 1996 361 2022 certo
393 1989 499 2022 modo
526 2001 656 2022 vacans
688 2002 770 2022 ven.
796 1990 838 2022 sr.
866 1997 992 2023 noster
1015 1990 1200 2023 Johannes
1222 1991 1418 2035 episcopus
1445 1991 1672 2032 Belvacens.‚
1696 2003 1790 2023 unus
1820 2003 1862 2023 ex
1883 1991 2070 2035 judicibus
2097 1998 2132 2024 et

262 2055 584 2088 conservatoribus
601 2056 876 2101 privilegiorum
900 2056 1111 2101 hujusmodi
1132 2069 1150 2089 a
1172 2057 1259 2090 sede
1281 2057 1479 2102 apostolica
1501 2057 1709 2102 specialiter
1725 2058 1950 2102 deputatus2,
1973 2058 2129 2090 ossicium

262 2122 380 2167 ipsum
404 2123 455 2155 sie
477 2135 608 2155 vacans
630 2123 876 2167 deputationis
898 2123 1109 2168 hujusmodi
1136 2124 1263 2169 vigore
1287 2125 1426 2169 prefato
1448 2124 1603 2157 Johanni
1630 2137 1708 2156 rum
1737 2124 1906 2156 omnibus
1923 2124 2071 2168 juribus
2097 2131 2131 2157 ct

262 2187 493 2233 pertinentiis
515 2189 592 2222 suis
610 2189 793 2223 universis
815 2190 981 2231 contulit,
1004 2190 1151 2223 donavit
1172 2197 1207 2223 et
1227 2191 1438 2235 assignavit,
1462 2204 1500 2224 ac
1523 2191 1627 2223 etiam
1650 2191 1694 2223 de
1716 2191 1778 2223 illo
1801 2191 1871 2223 sibi
1893 2191 2062 2235 providit.

351 2256 576 2300 [Confirmat
592 2268 747 2290 summus
760 2257 931 2301 pontifex
941 2258 1196 2300 provisionem,
1216 2263 1249 2291 et
1264 2257 1356 2303 quod
1370 2259 1413 2291 ab
1429 2257 1544 2291 eodem
1561 2258 1675 2303 officio
1691 2258 1806 2302 quoad
1824 2258 1959 2291 vixerit
1973 2270 2043 2302 per
2057 2259 2131 2303 epi-

261 2333 401 2366 scopum
426 2322 628 2356 Belvacens.
655 2323 710 2356 vel
734 2323 844 2357 alium
870 2324 946 2357 sine
973 2324 1187 2357 rationabili
1210 2336 1313 2358 causa
1339 2325 1499 2358 amoveri
1524 2336 1589 2357 non
1610 2325 1727 2369 possit
1728 2327 1764 2366 s.
1792 2326 1870 2357 Dat.
1903 2326 2014 2357 Rome
2036 2326 2130 2370 apud

264 2389 432 2422 Sanctum
464 2390 609 2422 Petrum
651 2401 745 2422 anno
783 2391 1047 2423 Incarnationis
1081 2392 1184 2423 Dom.
1220 2391 1415 2423 millesimo
1449 2391 1811 2435 quadringentesimo
1849 2391 2129 2436 quadragesimo

262 2462 406 2501 quarto,
423 2457 455 2500 vj
475 2456 523 2488 id.
548 2456 698 2501 Aprilis,
722 2456 954 2501 pontificatus
976 2458 1090 2490 nostri
1112 2470 1206 2490 anno
1229 2465 1356 2502 quarto
1379 2458 1533 2490 decimo.

357 2576 419 2606 Reg.
436 2576 494 2599 Vnt.
510 2576 609 2606 Eugen.
626 2577 668 2606 lV,
685 2581 713 2599 n⁰
728 2578 782 2606 362,
800 2577 844 2601 sol.
862 2578 916 2600 132.

354 2681 378 2706 1.
396 2682 453 2705 Υῐά.
468 2690 549 2713 supra
563 2686 591 2705 n⁰
607 2683 676 2706 2533.
694 2697 723 2700 ——-
740 2683 765 2708 2.
781 2683 914 2706 Johannes
930 2683 1066 2707 Juvenalis
1087 2683 1132 2706 des
1152 2683 1246 2706 Ursins
1270 2686 1441 2706 conservator
1465 2683 1513 2705 suit
1533 2683 1566 2705 ab
1585 2691 1626 2706 nn.
1647 2683 1716 2706 1436.
1734 2683 1791 2707 Vid.
1811 2688 1839 2706 „o
1854 2685 1923 2707 2480.
1941 2684 1991 2707 Sed
2009 2685 2064 2715 jum
2083 2685 2131 2707 hoc

261 2734 338 2754 anno,
352 2734 366 2748 n
383 2735 471 2749 mense
487 2727 639 2755 Februario,
655 2727 809 2758 designatus
826 2731 882 2751 erat
898 2728 930 2750 ad
947 2728 1035 2751 sedem
1052 2728 1262 2756 Laudunensem,
1276 2730 1300 2750 et
1316 2728 1347 2750 de
1363 2736 1429 2749 novo
1446 2727 1571 2758 episcopo
1587 2727 1741 2750 Bois-acensi
1758 2728 1888 2759 agebatur
1902 2730 1944 2757 (cs.
1958 2728 2133 2757 Prieni-:mmm

261 2771 332 2795 Jean
345 2771 467 2795 Juve'nal
481 2772 526 2795 cles
547 2771 653 2800 Ursins,
671 2780 697 2802 p.
711 2772 774 2801 219).
792 2772 920 2804 Antiquus
937 2772 1024 2795 scriba
1038 2772 1241 2799 conservatoris,
1259 2772 1392 2794 Johanues
1408 2771 1430 2794 le
1445 2772 1537 2802 Bugle,
1555 2772 1586 2794 de
1603 2780 1650 2794 suo
1666 2772 1749 2794 officio
1763 2772 1881 2801 timebat,
1896 2776 1921 2796 et
1933 2773 2004 2804 juste
2018 2774 2134 2805 quidem,

262 2823 323 2838 nnm
339 2823 431 2838 revera
447 2823 529 2838 novus
546 2819 715 2839 conservator
728 2816 869 2847 episeopus
887 2817 1013 2840 Meldens.
1038 2817 1130 2840 Petrus
1151 2817 1182 2839 de
1198 2816 1324 2839 Versaliis
1343 2816 1406 2844 (vid.
1420 2820 1448 2838 110
1461 2817 1541 2846 2585),
1558 2824 1628 2847 mag.
1642 2816 1789 2839 Johannem
1805 2817 1962 2848 Pickquardi
1978 2821 2005 2841 ut
2018 2818 2133 2841 scribam

262 2860 444 2890 praesentavit
464 2861 602 2889 (Auctar.,
624 2860 656 2889 ll,
677 2869 704 2892 p.
719 2861 772 2891 591,
794 2862 842 2891 22).
865 2862 925 2884 lnde
945 2869 1040 2892 magna
1058 2861 1198 2889 contentio,
1219 2861 1298 2883 etiam
1314 2861 1340 2883 in
1353 2855 1426 2883 curiti
1441 2860 1610 2890 Parlamenti,
1623 2861 1766 2889 oriebatur,
1781 2864 1809 2884 ut
1824 2861 1893 2884 infra
1908 2870 1967 2885 mox
1982 2863 2131 2894 apparebit.

266 2904 322 2927 Vid.
343 2908 371 2926 n0
386 2905 455 2928 2597.

389 2952 453 2970 *n*
472 2950 566 2973 Chare.
590 2949 668 2974 Univ.
687 2950 780 2974 Paris.
800 2951 842 2974 tv.
1982 2944 2010 2974 ‘8⁷1
