2502 3418
294 326 390 363 1452]
641 339 688 360 AB
718 339 823 361 ΑΝΝο
858 338 1145 361 MCCCLxxxxw
1179 338 1309 366 usone
1344 338 1391 359 AD
1426 338 1563 359 ANNUM
1599 338 1802 360 Mccchn.
2089 327 2152 361 729

380 415 468 446 Item
491 413 682 446 statuimus
705 419 739 445 et.
759 413 971 446 mandamus
993 412 1151 457 singulis
1173 412 1357 457 magistris
1375 412 1577 457 pedagogis
1595 418 1629 445 et
1650 412 1876 457 regentibus,
1895 419 1933 445 ut
1953 412 2151 456 diligenter

291 480 483 513 intendant
499 481 591 513 circa
609 480 875 524 disputationes
891 480 1137 525 predictorum
1155 479 1440 512 baehalariorum
1464 479 1500 512 in
1516 479 1595 512 vico
1614 479 1802 512 Straminis
1819 491 1882 524 per
1900 486 2040 524 tempus
2057 480 2151 521 Qua-

290 547 509 592 dragesime,
532 554 639 592 prout
660 553 716 580 est
740 547 784 580 de
806 553 939 580 statuto
965 553 1000 579 et
1026 558 1124 579 more
1149 547 1298 592 antiquo
1320 546 1565 587 observatum,
1588 553 1766 591 quatenus
1788 546 1832 578 de
1856 546 2017 591 qualibet
2041 546 2148 579 domo

290 627 354 648 seu
383 615 427 647 de
456 615 620 660 quolibet
648 614 853 659 pedagogio
882 626 976 647 unus
1006 615 1151 647 assistat
1178 614 1352 659 magister
1382 626 1528 659 regens,
1556 614 1617 658 qui
1644 626 1718 646 non
1746 614 1952 658 permittant
1981 614 2017 645 in
2043 614 2150 646 dictis

290 681 614 726 disputationibus,
635 688 695 714 aut
714 681 835 714 eundo
861 681 918 714 vel
941 681 1142 723 redeundo,
1165 681 1305 726 aliquas
1330 681 1546 714 insolentias
1572 681 1665 722 fieri,
1688 681 1753 714 sed
1781 693 1823 713 ex
1848 681 2009 725 ipsorum
2038 681 2150 725 magi-

290 757 446 782 strorum
474 749 678 794 regentium
705 749 887 794 presentia
910 749 967 782 vel
987 749 1195 781 assistentia
1217 748 1311 781 dicte
1339 749 1606 793 disputationes
1631 749 1747 793 magis
1773 748 1938 780 ordinate
1959 755 1994 780 et
2014 747 2150 792 absque

291 816 483 849 dissolutis
505 816 591 848 fiant
611 815 847 848 clamoribus.
867 817 910 849 Et
927 816 963 848 id
985 816 1188 849 districtius
1211 816 1422 849 mandamus
1443 815 1631 849 observari
1653 816 1696 848 ad
1717 816 1878 861 ipsorum
1901 822 1970 848 tam
1992 814 2151 848 bachala—

291 883 425 916 riorum
448 895 553 928 quam
575 883 834 928 magistrorum
856 883 1081 916 honestatem
1105 890 1139 916 et
1159 884 1372 928 profectum.

379 952 467 984 Item
490 951 740 984 ordinavimus
762 957 797 983 et
817 951 1022 991 statuimus,
1046 957 1084 983 ut
1107 950 1143 983 in
1166 950 1336 983 domibus
1357 963 1419 983 seu
1445 951 1624 995 Collegiis
1649 951 1854 983 artistarum
1881 950 1966 983 fiant
1991 950 2153 995 disputa-

290 1018 409 1051 tiones
431 1023 466 1050 et
486 1018 657 1050 exercitia
684 1017 886 1050 secundum
913 1017 1159 1062 predictorum
1187 1017 1437 1062 Collegiorum
1465 1025 1496 1050 et
1528 1018 1717 1050 domorum
1749 1017 2000 1050 ordinationes
2027 1023 2062 1050 et
2086 1024 2154 1050 sta-

290 1092 376 1126 tuta,
400 1097 470 1130 que
499 1085 647 1117 omnino
674 1085 717 1117 ad
744 1085 982 1118 intentionem
1005 1084 1237 1117 fundatorum
1266 1091 1335 1117 tam
1358 1085 1395 1117 in
1416 1085 1512 1118 victu
1539 1097 1643 1130 quam
1666 1085 1702 1117 in
1724 1084 1849 1117 sociali
1875 1085 2152 1118 conversatione

288 1152 501 1185 mandamus
523 1151 723 1185 observari.

379 1220 467 1251 Item
489 1219 583 1251 circa
607 1219 807 1252 taxationes
829 1218 1021 1251 bursarum
1043 1218 1404 1252 bachalariandorum
1427 1219 1638 1251 mandamus
1666 1225 1701 1251 et
1727 1219 1952 1260 ordinamus,
1975 1226 2153 1264 quatenus

290 1286 466 1331 magistri,
486 1286 547 1330 qui
568 1286 611 1318 ad
632 1285 700 1319 hoc
723 1298 786 1331 per
807 1286 973 1318 nationes
994 1286 1129 1318 suerint
1146 1286 1321 1331 deputati,
1339 1286 1539 1319 secundum
1557 1287 1671 1318 Deum
1689 1293 1724 1318 et
1740 1286 1998 1319 conscientiam
2016 1286 2154 1331 absque

289 1353 498 1398 gravamine
529 1352 738 1394 scolarium,
765 1353 873 1386 modo
899 1359 931 1386 et
961 1353 1075 1386 forma
1104 1352 1252 1394 debitis,
1274 1359 1309 1385 et
1335 1353 1534 1386 secundum
1567 1354 1839 1398 proportionem
1867 1353 2060 1387 bursarum
2089 1366 2154 1387 sue

283 1432 448 1465 ‘expense
470 1426 539 1453 tam
562 1420 599 1452 in
616 1419 786 1453 domibus
808 1420 1096 1465 pedagogorum,
1116 1432 1220 1465 quam
1243 1420 1442 1453 secundum
1466 1420 1682 1465 exigentiam
1700 1420 1810 1453 burse
1832 1420 2095 1466 Collegiorum,
2118 1421 2155 1454 in

289 1486 422 1531 quibus
451 1487 626 1528 habitant,
656 1487 737 1520 illas
771 1494 890 1520 taxare
918 1487 1085 1528 habeant,
1118 1487 1327 1520 inhibentes
1356 1487 1557 1520 districtius
1587 1499 1633 1520 ne
1660 1487 1754 1520 circa
1781 1488 1965 1532 predictos
1996 1488 2156 1522 scolares

289 1554 427 1599 aliquas
449 1554 656 1587 exactiones
678 1555 821 1595 saciant,
845 1554 910 1587 sed
936 1555 994 1599 pie
1019 1561 1054 1587 et
1079 1555 1367 1587 misericorditer
1392 1555 1591 1587 secundum
1622 1554 1827 1599 qualitatem
1857 1567 2092 1600 personarum
2122 1562 2155 1589 et

289 1633 435 1654 suarum
457 1621 666 1654 facultatum
688 1621 772 1654 illos
794 1628 1028 1667 pertractent.

1064 1729 1116 1762 De
1141 1729 1380 1763 licentiandis.

379 1827 466 1859 Item
489 1826 579 1859 illud
602 1833 773 1859 statutum
795 1827 1026 1867 innovamus,
1050 1827 1146 1871 quod
1164 1827 1288 1860 nullus
1310 1827 1519 1859 admittatur
1539 1827 1582 1859 ad
1602 1826 1783 1859 licentiam
1801 1827 1837 1859 in
1859 1827 1951 1860 dicta
1972 1827 2153 1869 facultate,

289 1905 355 1926 nec
376 1894 414 1926 in
435 1893 597 1926 examine
621 1895 729 1926 Beate
753 1894 880 1935 Marie,
907 1906 974 1926 nec
1001 1894 1037 1926 in
1063 1894 1227 1927 examine
1254 1895 1362 1927 Beate
1388 1895 1590 1935 Genovese,
1617 1894 1688 1926 nisi
1714 1893 1806 1926 ultra
1831 1895 2014 1938 predictos
2040 1894 2155 1928 libros

288 1960 477 1994 audierit*
498 1960 673 2002 Parisius,
696 1961 754 1994 vel
775 1961 811 1993 in
833 1961 903 1994 alio
925 1961 1047 1994 studio
1069 1961 1246 2006 generali,
1269 1960 1401 1994 librum
1424 1961 1665 2002 Phisicorum,
1689 1961 1732 1993 de
1755 1961 2000 1994 Generatione
2021 1969 2055 1995 et
2076 1974 2156 1995 cor-

288 2028 471 2073 ruptione,
500 2028 545 2061 de
575 2028 663 2062 Celo
693 2035 728 2061 et
754 2029 902 2069 mundo,
927 2030 1037 2062 Parva
1067 2028 1267 2069 Naturalia,
1296 2028 1471 2062 videlicet
1500 2028 1616 2061 libros
1648 2028 1692 2061 de
1719 2029 1836 2061 Sensu
1862 2034 1897 2061 et
1923 2029 2088 2071 Sensato,
2111 2029 2154 2062 de

290 2096 451 2140 Sompno
474 2102 510 2128 et
528 2095 678 2140 vigilia,
695 2096 738 2128 de
759 2096 934 2128 Memoria
957 2103 991 2129 et
1012 2096 1311 2137 Reminiscentia,
1327 2095 1371 2128 de
1393 2095 1640 2140 Longitudine
1662 2102 1697 2128 ct
1718 2095 1898 2128 Brevitate
1919 2096 2004 2137 vite,
2022 2096 2153 2129 librum

290 2162 576 2207 Methaphysice,
598 2162 656 2195 vel
679 2163 777 2207 quod
803 2170 883 2195 actu
905 2163 1025 2196 audiat
1052 2163 1222 2204 eundem,
1245 2170 1280 2196 et
1304 2163 1401 2207 quod
1427 2162 1569 2207 aliquos
1590 2162 1704 2195 libros
1727 2162 2030 2196 mathematicales
2055 2164 2156 2196 audi-

289 2230 399 2270 verit,
423 2230 594 2274 quodque
615 2230 796 2263 audiverit
816 2230 932 2263 libros
959 2230 1130 2271 Morales,
1159 2230 1367 2275 specialiter
1391 2229 1557 2262 librum55
1582 2229 1788 2262 Ethicorum
1816 2237 1986 2274 quantum
2013 2231 2056 2263 ad
2084 2244 2156 2264 ma-

284 2298 403 2342 jorem
433 2303 581 2341 partem.
611 2297 667 2329 Ad
693 2296 761 2329 hoc
787 2304 904 2330 autem
934 2304 1104 2330 statutum
1132 2297 1229 2342 quod
1255 2297 1570 2342 pernecessarium
1598 2303 1665 2337 est,
1693 2296 1870 2330 adicimus
1896 2298 2154 2342 precipientes,

290 2369 328 2396 ut
349 2363 502 2408 predicti
523 2363 607 2396 libri
633 2364 827 2397 audiantur
848 2377 921 2397 non
942 2365 1077 2397 cursim
1101 2371 1136 2397 et
1156 2364 1454 2405 transcurrendo,
1477 2364 1541 2397 sed
1567 2364 1732 2396 studiose
1759 2370 1793 2396 et
1817 2364 1988 2408 graviter.
2011 2365 2156 2410 Specia-

290 2430 362 2463 lius
388 2437 506 2463 autem
528 2443 719 2464 monemus
741 2432 952 2476 magistros,
974 2438 1012 2464 ut
1036 2444 1108 2464 non
1130 2432 1340 2476 permittant
1361 2443 1448 2464 suos
1470 2430 1631 2463 scolares
1652 2430 1710 2464 vel
1731 2430 1956 2464 bachalarios
1977 2432 2020 2464 ad
2042 2439 2155 2478 temp-

291 2504 409 2530 tamen
435 2497 611 2539 exhiberi,
639 2498 711 2531 nisi
738 2499 912 2532 sciverint
943 2499 1044 2544 ipsos
1073 2499 1297 2532 sufficienter
1326 2499 1362 2530 in
1394 2498 1566 2543 predictis
1597 2509 1679 2530 esse
1710 2498 1923 2531 instructos.
1955 2499 2155 2544 Specialius

290 2571 407 2597 autem
431 2565 642 2597 mandamus
670 2572 851 2610 quatenus
878 2566 948 2610 ipsi
975 2566 1136 2598 scolares
1162 2565 1376 2610 diligentius
1403 2565 1573 2597 insistant
1598 2564 1966 2609 methaphysicalibus
1991 2566 2096 2599 libris
2122 2573 2157 2600 et

291 2631 491 2665 Moralibus
517 2632 771 2674 addiscendis,
795 2633 957 2678 alioquin
978 2634 1015 2665 in
1036 2633 1269 2678 temptamine
1296 2632 1464 2665 volumus
1486 2638 1521 2664 et
1546 2632 1757 2664 mandamus
1778 2631 1874 2674 illos,
1898 2639 1937 2665 ut
1957 2641 2154 2676 merentur,
2172 2626 2181 2636 ⁸

290 2699 432 2744 repelli.

382 2768 469 2799 Item
497 2767 734 2800 conformiter
763 2767 807 2800 ad
833 2767 930 2800 aliud
958 2774 1128 2800 statutum
1161 2778 1333 2811 sequens,
1365 2766 1576 2798 ordinamus
1605 2772 1639 2798 et
1666 2765 1871 2807 statuimus,
1898 2773 1937 2799 ut
1963 2766 2086 2800 nullus
2114 2769 2156 2802 ad

294 2834 474 2866 licentiam
499 2834 534 2866 iu
556 2835 719 2867 examine
744 2834 866 2879 aliquo
894 2835 1114 2874 admittatur,
1138 2834 1209 2866 nisi
1230 2833 1512 2878 frequentaverit
1540 2833 1806 2877 disputationes
1831 2833 2102 2878 magistrorum,
2125 2842 2160 2869 et

293 2913 373 2933 cum
396 2900 464 2933 hoc
487 2900 570 2933 bina
592 2902 669 2934 viee
693 2902 925 2946 responderit
947 2902 983 2934 in
1005 2902 1085 2935 vico
1109 2901 1298 2934 Straminis
1318 2902 1420 2945 juxta
1442 2912 1577 2932 morem
1600 2899 1794 2942 facultatis,
1817 2912 1928 2945 super
1949 2913 2033 2946 que,
2056 2910 2164 2947 prout

417 2962 481 2978 *W*
501 2961 597 2983 Cltarc.
622 2960 702 2984 Unio.
721 2961 816 2984 Paris.
835 2961 876 2983 iv.
1998 2962 2037 2983 -92
