2502 3418
252 345 347 381 1413]
594 357 640 379 ΑΒ
675 357 779 378 ANNo
813 356 1102 378 MCCCLXXXle
1135 356 1267 384 USQUE
1303 357 1350 378 AD
1386 357 1523 379 ANNUM
1561 359 1766 380 MCCCCLtt.
2053 351 2116 383 267

249 443 388 476 capere,
411 431 470 464 alii
493 437 607 463 semet
627 430 823 463 obcludere
852 436 886 462 et
907 429 1051 474 templis
1082 442 1120 462 se
1150 431 1254 470 tueri,
1278 430 1337 462 alii
1359 431 1513 475 digitum
1535 432 1589 464 ori
1617 444 1683 464 suo
1705 434 1937 476 apponet-(2¹³,
1962 446 2004 465 nc
2026 435 2116 466 sorte

248 498 429 543 predicata
451 505 534 530 tunc
550 497 683 530 veritas
698 496 755 530 vel
777 496 1062 536 conculcaretur,
1083 496 1138 529 vel
1160 496 1380 529 laceraretur
1395 498 1431 529 in
1454 498 1509 530 sui
1531 504 1566 530 et
1582 498 1794 530 docencium
1814 511 1888 531 eam
1908 500 2115 532 scandalum

249 565 324 597 sive
347 565 614 604 detrimentum,
632 564 732 608 juxta
750 563 885 597 Christi
902 562 1090 596 verbumst
1109 575 1115 595 z
1135 578 1150 594 «
1170 563 1288 596 Nolite
1310 571 1473 596 sanctum
1498 564 1582 596 dare
1604 564 1766 601 canibus,
1793 577 1910 609 neque
1932 566 2116 610 proiciatis

248 632 459 676 margaritas
481 637 561 663 ante
583 642 726 675 porcos.
751 644 766 660 ³)
790 630 879 662 Hinc
901 629 1004 675 (proh
1025 630 1159 672 dolorl)
1182 630 1303 663 evenit
1323 637 1359 662 ut
1382 643 1509 663 omnes
1530 631 1682 675 predicti
1705 631 1903 663 sedicionis
1925 639 2114 673 amatores,

248 698 345 743 pacis
366 709 493 730 omnes
523 697 732 736 adversarii,
763 696 928 729 homines
959 697 1128 729 conducti
1159 697 1201 729 ad
1232 696 1477 730 fabricandum
1507 698 1892 742 disseminandumque
1918 699 2115 739 mendacia,

247 764 413 796 homines
435 763 567 808 quibus
589 770 664 796 erat
692 764 729 795 in
757 763 853 795 bello
876 775 979 808 quam
1002 764 1038 795 in
1060 775 1146 808 pace
1169 763 1353 807 opulentia
1376 765 1488 808 major
1509 771 1544 796 et
1565 765 1725 809 tyrannis
1747 764 1909 801 liberior„
1932 765 2118 797 irruerunt

246 831 282 864 in
301 843 374 863 rem
397 830 574 875 publicam
594 830 672 873 sine
694 830 788 875 lege,
808 830 886 863 sine
904 830 1044 870 ordine,
1063 830 1329 863 confundentes
1346 831 1471 875 sasque
1489 830 1747 876 nephasque¹⁵,
1768 837 1806 863 ut
1832 831 2060 875 prevalerent
2081 832 2113 863 111

247 897 432 930 mendosis
453 896 724 930 assercionibus
747 897 835 937 suis,
859 897 895 929 in
927 896 1062 929 libellis
1093 897 1254 938 famosis,
1283 897 1319 929 in
1347 897 1562 942 calumpniis
1596 898 1842 938 innocentum,
1866 898 1902 929 in
1924 897 2116 942 spoliario-

246 963 354 996 nibus
376 964 538 1004 divitum,
562 964 599 996 in
627 963 891 996 rebellionibus
922 964 1097 996 adversus
1128 963 1272 996 nobiles
1304 963 1511 1008 inplacabili
1541 965 1663 997 surore
1691 965 1923 1004 suscitandis,
1954 965 1989 996 in
2018 965 2116 997 omni

246 1030 403 1075 denique
421 1030 528 1075 (quod
550 1037 606 1063 est
625 1030 926 1073 infelicissimum)
949 1030 1121 1075 peccandi
1142 1029 1321 1071 libertate,
1341 1031 1424 1062 dum
1448 1043 1520 1063 non
1542 1038 1618 1063 erat
1638 1032 1698 1076 qui
1720 1031 1972 1064 contradicens
1994 1043 2117 1064 ascen-

245 1097 347 1129 deret
363 1108 405 1129 ex
421 1097 586 1135 adverso,
606 1109 795 1141 opponens
813 1109 851 1129 se
869 1109 1011 1129 murum
1029 1109 1093 1141 pro
1110 1097 1218 1129 domo
1237 1097 1349 1129 Israel
1361 1097 1398 1129 ¹⁶.
1419 1098 1508 1129 Hinc
1526 1098 1670 1130 demum
1688 1105 1805 1130 ortum
1824 1105 1891 1137 est,
1910 1098 2007 1142 quod
2024 1110 2113 1130 ausu

245 1164 436 1196 temerario
458 1164 547 1196 facte
569 1170 654 1196 sunt
678 1163 949 1208 publicaciones
975 1163 1174 1196 litterarum
1197 1163 1266 1196 sub
1288 1164 1387 1208 regis
1406 1164 1463 1197 vel
1485 1164 1635 1196 aliorum
1661 1165 1877 1209 principum,
1900 1177 1980 1209 ymo
2003 1165 2113 1197 eciam

244 1237 368 1263 nostre
392 1231 645 1264 Universitatis
666 1230 876 1263 nominibus
892 1230 1072 1263 violenter
1088 1237 1324 1271 extortarum3
1345 1231 1440 1263 unde
1464 1231 1564 1263 multi
1587 1243 1629 1263 ex
1650 1243 1763 1276 regno
1786 1238 1819 1263 et
1842 1238 1938 1263 extra
1961 1244 2113 1276 regnum

244 1297 317 1329 falli
340 1304 546 1341 potuerunt,
570 1304 605 1330 et
625 1310 642 1330 a
662 1298 823 1330 veritatis
845 1304 880 1329 et
900 1304 996 1330 recte
1017 1297 1163 1330 vivendi
1185 1297 1325 1330 semitis
1346 1297 1476 1330 abduci
1503 1304 1570 1330 tam
1599 1298 1634 1330 in
1661 1298 1807 1330 materia
1828 1299 2117 1331 excommunica-

245 1364 401 1404 cionum,
431 1364 525 1397 sicut
556 1364 710 1408 explicat
739 1365 897 1409 prefatus
930 1376 990 1396 rex
1020 1371 1156 1404 noster,
1180 1376 1285 1408 quam
1314 1364 1459 1396 aliunde
1491 1365 1739 1409 multipliciter
1766 1365 1876 1397 eciam
1908 1366 1944 1397 in
1975 1365 2114 1410 gremiO

244 1437 382 1465 nostro,
406 1431 502 1463 unde
523 1430 757 1463 vehementer
782 1431 1071 1476 ingemiscimus,
1098 1437 1132 1463 et
1166 1431 1419 1475 preteritorum
1449 1430 1576 1464 horum
1607 1431 1781 1464 maliciam
1804 1432 1941 1464 dierum
1973 1432 2116 1464 mestis-

245 1497 334 1530 sime
357 1497 564 1530 recolimus.

333 1566 525 1609 Postquam
547 1577 632 1597 vero
664 1577 771 1606 nunc,
800 1565 952 1609 jubente
986 1566 1153 1606 Domino,
1177 1577 1261 1597 aura
1296 1565 1463 1597 serenior
1490 1565 1636 1606 effulsit,
1667 1572 1703 1598 et
1733 1572 1926 1610 apparente
1954 1566 2115 1598 veritatis

244 1643 384 1671 aurora,
409 1631 684 1664 conturbatores
705 1632 924 1677 effugerunt,
947 1632 1055 1665 velud
1083 1633 1293 1665 estimantes
1325 1644 1401 1665 eam
1430 1632 1592 1664 umbram
1622 1632 1760 1673 mortis,
1784 1644 1851 1664 nos
1880 1631 2115 1665 liberioribus

244 1698 373 1730 animis
402 1699 636 1743 respiramus,
669 1698 902 1731 obsecrantes
933 1705 972 1731 ut
999 1711 1104 1731 nemo
1135 1699 1309 1744 deinceps
1341 1701 1411 1733 cito
1445 1706 1631 1732 moveatur
1660 1706 1783 1731 contra
1812 1699 1997 1732 veritatem
2028 1699 2112 1739 vite,

238 1765 386 1809 justicie
408 1772 439 1797 et
463 1765 668 1809 discipline,
687 1777 805 1810 neque
827 1777 891 1810 per
911 1765 1049 1798 litteras
1066 1766 1173 1799 velud
1195 1778 1238 1799 ex
1259 1767 1365 1799 nobis
1387 1767 1530 1807 missas,
1550 1778 1667 1810 neque
1691 1778 1754 1810 per
1774 1766 2040 1810 predicationes
2058 1765 2114 1798 vel

243 1830 330 1863 alias
352 1831 635 1876 publicaciones,
655 1832 685 1864 si
706 1832 797 1864 sorte
814 1832 870 1865 vel
891 1833 980 1865 facte
1003 1833 1075 1865 sint
1091 1833 1147 1865 vel
1168 1834 1352 1878 posterius
1370 1833 1457 1866 fient
1476 1833 1652 1865 adversus
1674 1832 1768 1864 illam
1792 1839 1974 1877 gestarum
1994 1844 2111 1864 rerum

244 1898 388 1936 seriem,
419 1910 522 1943 quam
557 1899 829 1943 prenominatus
860 1911 922 1931 rex
952 1906 1078 1932 noster
1105 1906 1137 1932 et
1172 1907 1272 1944 pater
1292 1900 1617 1933 christianissimus
1649 1899 1725 1931 suis
1756 1898 1961 1943 patentibus
1983 1899 2114 1931 litteris

243 1965 441 1998 novissime
463 1965 761 2010 promulgandam
784 1966 1094 2011 sollempnissimo
1117 1967 1185 1999 ritu
1208 1967 1379 2008 decrevit,
1404 1979 1553 2012 quarum
1580 1972 1747 1998 contenta
1776 1965 2021 1998 favorabiliter
2041 1978 2115 1998 am—

242 2031 446 2076 plectimur,
469 2033 670 2077 gaudentes
703 2039 771 2065 tam
799 2033 1001 2065 execrabile
1030 2034 1168 2066 facinus
1195 2046 1212 2066 a
1238 2034 1345 2066 domo
1366 2034 1424 2067 vel
1445 2046 1462 2066 a
1484 2045 1620 2078 genere
1642 2033 1744 2077 regio
1766 2033 1922 2065 alienum
1946 2033 2111 2077 reperiri.

241 2098 496 2143 Approbamus
528 2099 679 2143 insuper
708 2099 831 2132 eadem
863 2107 1042 2141 contenta7
1075 2107 1245 2145 quantum
1278 2101 1321 2133 ad
1355 2112 1422 2133 nos
1455 2101 1591 2141 attinet,
1620 2106 1655 2132 et
1686 2100 1722 2131 in
1750 2099 1928 2144 publicam
1951 2100 2111 2132 omnium

241 2166 422 2205 noticiam,
448 2172 623 2210 tamquam
646 2178 719 2198 rem
743 2179 806 2199 sua
827 2167 975 2199 veritate
998 2166 1287 2212 probatissimam
1310 2174 1345 2200 et.
1370 2168 1468 2200 omni
1495 2167 1628 2212 gaudio
1651 2167 1915 2211 dignissimam,
1939 2166 2110 2198 devenire

240 2231 475 2265 vehementer
496 2239 674 2277 optamus.

331 2300 371 2330 In
393 2311 546 2343 quorum
569 2300 829 2343 premissorum
860 2301 1106 2333 testiinonium
1136 2301 1295 2346 sigillum
1326 2308 1489 2333 nostrum
1522 2312 1690 2345 maguum
1719 2299 1950 2343 presentibus
1982 2299 2111 2331 litteris

241 2365 409 2398 duximus
437 2367 703 2411 apponendum.
736 2368 863 2400 Datum
894 2368 1054 2400 Parisius
1088 2368 1124 2400 in
1152 2368 1443 2413 congregacione
1475 2374 1597 2399 nostra
1627 2366 1789 2411 generali
1820 2366 1913 2409 apud
1943 2366 2110 2398 Sanctum

241 2433 479 2465 Marturinum
502 2433 739 2478 solempniter
759 2434 950 2475 celebrata,
973 2447 1067 2467 anno
1090 2435 1234 2467 Domini
1257 2437 1308 2467 ΜΟ
1320 2435 1457 2468 CCCC⁰
1470 2435 1568 2475 XIII,
1592 2434 1649 2465 die
1673 2434 1784 2477 prima
1807 2433 1943 2465 mensis
1966 2434 2110 2465 Decem-

242 2498 330 2532 bris.

334 2598 403 2621 Bibl.
420 2602 472 2621 nat.
490 2598 582 2626 Paris„
601 2607 650 2623 mS.
665 2599 711 2622 lat.
728 2600 796 2627 5958,
815 2600 861 2623 sol.
876 2601 931 2624 421.
947 2600 1137 2630 -Raliqieux
1154 2602 1185 2624 de
1200 2600 1405 2630 Saint-Denys,
1422 2600 1462 2623 ed.
1480 2600 1648 2626 flmmeum,
1667 2600 1694 2625 V,
1713 2600 1767 2621 196.

335 2691 359 2716 1.
379 2692 573 2721 Ams'roTELES,
587 2692 652 2715 Ech.
665 2693 701 2716 ad
718 2692 890 2722 Nicomach„
912 2694 932 2722 Ι,
951 2702 972 2717 c.
994 2695 1016 2723 si,
1038 2698 1066 2716 n0
1089 2694 1110 2718 1.
1136 2708 1161 2711 -
1187 2693 1210 2718 2.
1227 2694 1338 2723 Esther,
1358 2701 1410 2722 xvi,
1426 2694 1449 2716 2.
1468 2693 1581 2716 Affertur
1602 2700 1684 2723 usquo
1700 2700 1769 2715 vers.
1786 2693 1808 2714 9.
1830 2705 1859 2709 —
1878 2691 1901 2715 3.
1923 2692 2047 2716 Ordonn.
2065 2694 2110 2716 des

240 2735 306 2762 rois,
327 2736 355 2763 X,
373 2736 427 2765 165,
445 2736 498 2759 170.
519 2750 549 2753 —
563 2736 588 2761 4.
605 2737 653 2759 MS.
669 2744 675 2759 2
696 2745 707 2759 (1
725 2737 827 2759 ferialia
843 2746 865 2759 ».
885 2751 911 2755 -
928 2737 951 2762 5.
967 2739 1044 2769 Vulg.
1060 2739 1145 2767 Dan„
1163 2746 1215 2764 xlv,
1232 2739 1261 2761 28
1277 2747 1283 2762 ς
1302 2747 1313 2760 (1
1329 2738 1445 2769 alioquin
1463 2737 1650 2760 interficiemus
1666 2740 1690 2759 te
1707 2746 1729 2765 n,
1743 2739 1791 2759 ete.
1806 2736 1870 2761 -6,
1887 2737 1909 2759 II
1926 2736 2003 2766 Rey„
2021 2744 2074 2761 xri.
2087 2738 2110 2759 [1.

242 2793 269 2798 -—
290 2779 312 2804 Ί.
330 2780 369 2804 Cf.
387 2781 479 2809 Vlixe„
497 2783 577 2809 Aen„
599 2781 630 2807 11,
648 2781 686 2804 61.
704 2781 751 2805 Ms.
767 2789 772 2804 ”.
790 2790 801 2804 «
818 2790 891 2805 mora
907 2790 918 2804 »
935 2791 983 2813 pro
1002 2791 1013 2805 (t
1033 2782 1109 2806 morti
1126 2791 1148 2805 n.
1160 2796 1191 2800 -—
1205 2782 1228 2807 8.
1246 2782 1328 2811 leid„
1343 2782 1385 2811 lv,
1404 2783 1518 2805 181-187.
1535 2795 1563 2799 —-
1577 2782 1601 2806 9.
1619 2782 1667 2804 Ms.
1684 2789 1690 2804 ζ
1708 2789 1719 2803 a
1734 2780 1885 2811 trepideque
1902 2784 1985 2804 metus
1999 2781 2110 2804 urbibus

236 2828 330 2847 errant
341 2833 362 2847 1).
375 2825 470 2848 Versus
487 2829 548 2848 sunt
566 2826 697 2854 SENECAE,
714 2826 795 2850 Herc.
811 2827 880 2855 fur.,
898 2827 1012 2850 162-163.
1025 2840 1053 2844 -
1066 2827 1107 2852 10.
1123 2828 1233 2851 Psalm.
1250 2834 1303 2855 riv,
1321 2827 1359 2850 10.
1370 2826 1453 2851 -11-
1472 2827 1519 2850 Ms.
1535 2835 1539 2849 :
1557 2835 1568 2848 <t
1585 2826 1726 2849 verborum
1743 2833 1764 2848 ».
1780 2838 1810 2842 —
1825 2824 1865 2849 12.
1882 2825 1975 2855 Bon„
1993 2826 2109 2853 consol„

242 2869 261 2895 Ι,
279 2870 300 2898 7,
315 2877 353 2892 vs.
369 2870 408 2893 29.
424 2883 452 2887 —
469 2869 509 2894 13.
526 2870 628 2901 Ubique
645 2879 656 2893 ((
670 2878 714 2893 ore
733 2879 780 2893 suo
795 2879 927 2901 opponere
943 2880 965 2894 1).
981 2872 1043 2894 Vult
1058 2872 1143 2894 dicere
1160 2880 1164 2894 :
1182 2871 1316 2894 silentium
1333 2875 1428 2897 tenere,
1444 2874 1472 2894 ut
1489 2871 1568 2894 fiebat
1583 2873 1710 2901 quantum
1724 2870 1756 2892 ad
1773 2869 1966 2901 propositiones
1982 2870 2111 2893 JohannIs‘

238 2913 328 2936 Parvi.
346 2927 374 2931 —
388 2913 428 2938 14.
447 2914 557 2941 Manli..
574 2922 621 2941 vn,
638 2917 660 2938 6.
676 2928 707 2932 -
723 2914 762 2939 15.
778 2915 864 2942 Ovm„
882 2916 1003 2944 Imaum,
1021 2924 1056 2943 v1,
1075 2917 1129 2939 535.
1148 2930 1170 2933 —
1191 2915 1232 2940 16.
1251 2916 1398 2943 Ezechiel..
1415 2923 1474 2942 x111,
1491 2918 1513 2938 5.
