2502 3418
395 333 459 366 270
976 342 1296 364 CHARTULARIUM
1331 342 1522 363 UNivist.
1560 341 1689 363 PAflls.
2167 327 2266 364 [1413

397 417 549 450 civitatis
571 428 635 449 seu
657 416 814 449 diocesis
836 416 1064 455 Parisiensis,
1084 422 1119 448 et
1139 428 1257 448 coram
1281 422 1354 448 toto
1375 414 1642 459 consilz'ofidei,
1660 426 1729 459 ego
1750 426 1816 460 pro
1835 425 1890 446 me
1907 420 1942 446 et
1962 413 2070 446 michi
2091 413 2266 447 adherere

396 482 603 516 volentibus
624 483 660 515 in
681 482 745 515 hac
767 489 866 527 parte
888 482 1055 527 significo
1077 489 1112 514 et
1133 488 1315 526 protestor
1336 494 1375 514 ea
1398 493 1467 525 que
1490 487 1693 525 sequuntur
1715 493 1722 515 τ

486 550 617 591 Primo,
636 549 733 594 quod
754 550 791 581 in
812 549 987 582 doctrinis
1009 549 1093 581 fidei
1115 555 1150 581 et
1170 548 1349 580 bonorum
1373 559 1511 579 morum
1530 547 1754 582 seminandis
1771 559 1844 579 non
1860 547 1927 579 fuit
1946 545 2066 579 habita
2082 546 2267 580 sufficiens

397 617 545 649 libertas
566 623 601 649 et
621 617 871 661 opportunitas
893 615 999 648 michi
1022 622 1057 648 et
1083 615 1206 647 multis
1234 615 1304 647 mei
1337 613 1532 655 similibus,
1556 621 1705 661 propter
1726 614 1840 646 minas
1862 620 1897 646 et
1917 620 2076 646 terrores
2097 613 2266 646 incussos

390 684 522 729 partim
546 684 582 716 in
604 683 758 724 occulto,
781 683 908 727 partim
931 683 967 714 in
989 682 1148 727 publico.

486 751 588 787 Item,
615 750 711 795 quod
744 756 893 794 propter
919 749 1128 793 hujusmodi
1156 748 1459 780 illibertacionem
1482 754 1516 780 et
1535 754 1683 788 metum,
1708 747 1769 791 qui
1799 747 1993 792 aliquando
2021 747 2103 780 talis
2129 754 2206 780 erat
2230 754 2269 780 ut

398 818 526 850 cadere
548 823 673 861 posset
692 817 729 848 in
750 823 973 849 constentem
998 816 1068 858 (sic)
1090 815 1220 850 virum.
1244 815 1338 847 sicut
1358 826 1420 846 rex
1441 815 1553 848 eciam
1573 820 1727 848 testatur
1747 814 1784 846 in
1805 814 1936 847 litteris
1958 814 2047 856 suis,
2070 814 2173 847 multi
2194 826 2267 847 non

399 884 610 916 restiterunt
630 883 794 916 erroneis
816 889 851 915 et
870 883 992 927 impiis
1014 882 1189 915 doctrinis
1211 888 1336 914 nostro
1363 888 1526 926 tempore
1547 880 1677 925 (proch
1698 880 1841 924 dolor!)
1861 881 2048 914 seminatis
2069 887 2105 914 et
2131 880 2267 914 libellis

400 951 545 983 famosis
566 957 635 982 tam
656 950 867 994 frequenter
883 955 917 981 et
938 949 998 981 diu
1020 948 1212 993 publicatis
1237 954 1272 980 01
1291 947 1405 980 affixis
1426 948 1463 981 in
1480 947 1759 981 subvercionem
1782 947 1908 980 salutis
1930 947 2091 980 fidelium
2114 955 2149 981 et
2169 948 2267 993 pacis

398 1017 594 1061 cujuslibet
614 1016 859 1049 turbacionem
879 1027 885 1047 :
910 1015 981 1056 alii,
1001 1015 1083 1059 quia
1105 1026 1143 1047 se
1165 1014 1447 1048 absentaverunt
1466 1015 1651 1059 fugientes
1673 1014 1717 1047 de
1739 1014 1881 1048 civitate
1902 1015 1938 1046 in
1960 1014 2152 1056 civitatem,
2166 1016 2267 1059 juxta

399 1083 533 1117 Christi
561 1083 786 1127 jussione1n3
815 1082 888 1123 alii,
912 1082 993 1127 quia
1026 1082 1111 1114 licet
1142 1088 1332 1126 presentes
1363 1093 1572 1126 comparere
1601 1093 1674 1114 non
1696 1081 1897 1120 audebant;
1919 1081 1991 1122 alii,
2015 1081 2098 1126 quia
2122 1081 2268 1126 judices

393 1155 514 1184 vcoram
538 1149 670 1194 quibus
692 1149 759 1182 hoc
781 1149 963 1182 diceretur
984 1161 1056 1181 11011
1077 1148 1300 1189 habuerunt3
1319 1148 1392 1189 alii,
1413 1148 1495 1193 quia
1516 1148 1606 1180 illud
1629 1148 1803 1193 sapientis
1825 1148 2142 1193 recogitaverunt:
2163 1162 2179 1179 «
2198 1148 2268 1182 Ubi

398 1230 469 1249 non
499 1224 554 1249 est
584 1217 740 1257 auditus,
773 1228 845 1248 non
876 1216 1039 1248 effundas
1060 1215 1232 1248 verbum²
1256 1228 1290 1255 »;
1322 1215 1395 1256 alii,
1426 1215 1509 1260 quia
1537 1215 1683 1249 Christo
1712 1215 1862 1248 obedire
1883 1215 2078 1248 voluerunt
2102 1215 2266 1248 dicenti:

399 1299 414 1314 «
437 1284 555 1316 Nolite
577 1290 737 1316 sanctum
761 1283 845 1315 dare
867 1282 1030 1323 canibus,
1053 1294 1171 1327 neque
1193 1282 1378 1327 proiciatis
1400 1282 1612 1327 margaritas
1633 1289 1714 1315 ante
1737 1283 1901 1327 porcos³.
1926 1296 1942 1312 »

464 1352 650 1383 Protestor
670 1350 782 1395 igitur
802 1356 841 1382 ut
861 1350 975 1394 prius,
998 1356 1031 1382 01
1053 1349 1088 1381 111
1111 1349 1259 1394 speciali
1281 1349 1378 1394 quod
1400 1349 1436 1381 in
1458 1349 1756 1394 promulgacione
1783 1349 2043 1382 sententiarum
2066 1356 2101 1381 et
2125 1361 2268 1382 excom-

398 1417 686 1450 municacionum
709 1423 744 1449 et
765 1417 1003 1458 edi[c]torum,
1018 1423 1053 1448 et
1068 1423 1247 1449 terrorum
1265 1416 1349 1448 inde
1372 1416 1602 1460 sequentium
1617 1416 1675 1449 vel
1691 1416 1844 1449 aliorum
1862 1416 1963 1461 prius
1981 1416 2266 1461 propositorum,

397 1491 465 1516 tam
488 1484 524 1516 in
546 1484 737 1517 occasione
759 1483 857 1516 bulle
879 1483 1015 1516 Urbani
1037 1483 1172 1528 quintib
1195 1495 1299 1528 quam
1321 1482 1480 1524 aliunde,
1505 1482 1808 1516 irracionabiliter
1827 1483 1885 1516 vel
1905 1483 2029 1528 impie,
2047 1495 2266 1516 consensum

398 1538 607 1595 expressum
631 1558 666 1583 et
690 1550 844 1583 liberum
872 1562 1052 1595 nunquam
1081 1549 1307 1594 prebuimus,
1338 1556 1372 1582 et
1400 1550 1610 1583 invocamus
1643 1556 1755 1583 testes
1781 1549 1898 1582 celum
1927 1556 1962 1582 et
1988 1556 2118 1583 terram
2145 1556 2268 1583 contra

397 1617 479 1650 illos
502 1618 563 1662 qui
584 1625 744 1650 terrores
765 1624 798 1650 et
828 1624 944 1650 11101115
974 1617 1209 1650 incusserunt
1238 1617 1408 1658 scienter,
1432 1617 1489 1650 vel
1520 1617 1580 1661 qui
1613 1617 1797 1660 maliciosa
1817 1617 1943 1650 fraude
1965 1617 2076 1650 incuti
2098 1629 2270 1661 procura-

396 1691 539 1718 verunt.

487 1753 672 1784 Protcstor
693 1751 843 1796 Insuper
864 1757 899 1783 ul
922 1751 1036 1795 priuS,
1055 1751 1152 1795 quod
1174 1751 1362 1795 deinceps,
1383 1750 1502 1783 habita
1523 1750 1690 1783 libertate
1712 1751 1839 1795 majori
1856 1757 1891 1783 et
1907 1751 2100 1783 sufficienti
2121 1751 2158 1783 in
2179 1750 2270 1783 deli—

399 1818 571 1858 berandO,
596 1818 815 1862 predicando
838 1824 870 1850 et
892 1817 1118 1850 consulendo
1140 1818 1233 1850 circa
1255 1829 1295 1850 ea
1317 1829 1386 1862 que
1408 1817 1514 1850 fidem
1538 1824 1573 1850 01
1600 1817 1716 1850 bonos
1747 1829 1867 1850 mores
1889 1818 2125 1862 respiciunt⁵,
2149 1818 2270 1850 offeri-

399 1897 478 1917 mus
500 1897 567 1917 nos
589 1891 730 1929 paratos
752 1885 951 1917 secundum
974 1885 1122 1929 gratiam
1146 1891 1181 1917 et
1208 1884 1484 1929 possibilitatem
1507 1897 1525 1917 a
1547 1885 1622 1917 Deo
1644 1884 1751 1917 nobis
1773 1885 1888 1917 (latam
1910 1884 2126 1926 deliberare,
2148 1884 2270 1929 predi-

400 1964 479 1984 care
502 1958 536 1984 et
556 1951 748 1984 consulere
770 1963 809 1983 ea
831 1963 900 1996 que
922 1951 1028 1984 nobis
1049 1963 1146 1992 vera,
1164 1958 1286 1984 5311013
1307 1958 1342 1983 01
1363 1963 1447 1984 53113
1464 1951 1698 1993 videbuntur,
1717 1958 1753 1984 et
1773 1952 1965 1996 presertim
1987 1951 2071 1984 dum
2092 1951 2269 1985 fuerimus

400 2019 567 2063 requisiti
589 2030 653 2063 per
673 2018 757 2051 illos
778 2018 821 2050 ad
843 2030 934 2062 quos
956 2025 1093 2063 spectat
1122 2025 1191 2051 tam
1220 2018 1469 2051 doctrinaliter
1490 2031 1593 2063 quam
1621 2018 1846 2063 judicialiter
1866 2019 2047 2051 sustinere
2068 2018 2268 2060 veritatem,

401 2085 629 2130 requirentes
649 2097 728 2126 vos,
751 2085 950 2118 reverende
972 2092 1083 2130 pater,
1107 2092 1146 2118 ut
1166 2085 1203 2117 in
1224 2085 1304 2118 istis
1326 2085 1483 2118 officium
1503 2092 1664 2118 vestrum
1695 2085 1874 2130 pastorale
1902 2085 2039 2118 faciatis
2065 2097 2177 2130 super
2196 2084 2270 2118 illis

400 2165 469 2197 que
491 2152 682 2197 potueritis
700 2152 743 2184 (le
760 2153 877 2196 jure⁶,
897 2159 928 2184 01
951 2164 1061 2197 super
1077 2152 1169 2193 aliis,
1189 2153 1219 2184 si
1237 2164 1306 2196 que
1325 2152 1398 2184 sint
1414 2153 1547 2197 majora
1564 2152 1608 2185 ad
1630 2152 1753 2185 sedem
1776 2152 2009 2197 apostolicam
2027 2158 2062 2185 et
2083 2152 2270 2185 sedentem

399 2219 435 2251 111
457 2231 496 2251 03
518 2231 698 2252 51111111111111
721 2218 926 2263 pontificem
949 2226 1008 2251 aut
1028 2219 1071 2251 ad
1093 2219 1296 2253 Consilium
1319 2219 1489 2264 generale
1512 2220 1689 2261 reseratis,
1714 2220 1905 2264 presertim
1927 2218 1989 2251 uhi
2011 2225 2198 2252 accusator
2213 2218 2271 2252 vel

401 2286 638 2318 denunciator
653 2286 870 2331 apparuerit,
889 2285 946 2318 vel
967 2285 1028 2318 ubi
1051 2298 1195 2319 errores
1217 2292 1302 2318 sunt
1322 2292 1392 2318 tam
1415 2286 1595 2319 manifesti
1618 2293 1652 2319 et
1672 2287 1806 2320 notorii
1828 2286 1925 2331 quod
1946 2286 2166 2319 accusatoris
2183 2297 2271 2319 voce

401 2364 473 2384 11011
496 2359 616 2397 egent.

493 2464 570 2487 Arch.
585 2467 639 2487 nat.
655 2464 749 2492 Paris„
766 2464 805 2487 LL
819 2464 873 2493 111,
889 2472 915 2495 p.
933 2464 1046 2487 232-237.
1057 2478 1087 2481 —
1102 2464 1167 2487 Cum
1182 2464 1242 2487 Joh.
1258 2464 1359 2488 Gerson
1373 2472 1455 2495 supra
1470 2464 1541 2487 dicat
1555 2472 1561 2487 t
1577 2472 1589 2487 <‹
1605 2472 1695 2487 coram
1710 2464 1826 2488 Concilio
1842 2465 1903 2488 fidei
1917 2474 1939 2493 »,
1955 2465 2046 2496 liquet,
2061 2465 2110 2488 hoc
2125 2464 2272 2488 Concilium

399 2508 432 2531 ab
456 2508 580 2539 episcopo
596 2508 679 2532 Paris.
702 2511 764 2531 tunc
784 2508 839 2539 jam
861 2511 1033 2531 convocatum
1055 2508 1144 2537 fuisse,
1168 2508 1289 2540 quamvis
1306 2509 1393 2540 prima
1415 2508 1508 2537 sessio,
1528 2511 1656 2540 quantum
1677 2508 1784 2538 scimus,
1806 2509 1893 2532 solnm
1916 2509 2043 2533 Novemb.
2066 2510 2097 2532 30
2116 2509 2208 2532 effecta
2228 2509 2271 2533 sit.

400 2552 568 2575 Gersonistae
590 2552 638 2575 hoc
663 2552 809 2576 Concilium
835 2553 937 2583 magnis
962 2553 1086 2575 laudibus
1111 2553 1264 2581 efferebant,
1289 2553 1519 2576 «celeberrimum
1535 2561 1545 2576 1)
1570 2556 1732 2576 vocaverunt
1754 2553 1817 2583 (vid.
1834 2562 1884 2576 ms.
1907 2554 1954 2578 lat.
1976 2554 2059 2586 1486⁸‚
2085 2554 2130 2577 fol.
2155 2554 2212 2582 143;
2229 2554 2271 2578 ed.

399 2605 424 2627 p.
440 2597 502 2625 3⁶20),
525 2597 602 2619 immo
622 2598 714 2620 Petrus
731 2597 762 2620 de
778 2597 903 2620 νει-531115
921 2606 932 2619 (1
948 2597 1091 2620 verbaliter
1108 2597 1226 2620 Pal-isius
1244 2598 1269 2620 in
1282 2597 1418 2629 presentia
1433 2597 1621 2620 nonnullorum
1643 2597 1717 2627 dixit,
1734 2598 1804 2629 quod
1817 2598 1844 2621 in
1860 2598 1958 2621 mundo
1978 2598 2108 2621 celebrius
2125 2597 2272 2622 Concilium

400 2648 456 2663 esse
472 2649 522 2663 non
538 2644 628 2671 posset
643 2650 656 2662 »
671 2643 746 2671 (teste
762 2641 874 2664 Μαι-11110
894 2642 974 2664 Pore'e
989 2641 1015 2664 iu
1032 2650 1080 2664 ms.
1100 2642 1147 2665 lat..
1169 2642 1229 2665 1485
1240 2644 1259 2670 ¹,
1284 2642 1329 2666 fol.
1350 2642 1400 2673 60).
1417 2641 1570 2665 Adversarii
1591 2650 1653 2665 vero
1675 2642 1838 2671 asserebant,
1855 2651 1907 2665 non
1930 2642 2012 2665 fuisse
2029 2645 2136 2666 vocatos
2156 2642 2190 2665 ad
2205 2642 2272 2665 illud

399 2684 516 2708 homines
533 2686 744 2715 conscientiesos,
762 2686 861 2709 medios
878 2689 902 2709 et
917 2686 1048 2709 neutrales
1062 2686 1237 2716 inaffectatus,
1249 2686 1341 2718 paucis
1360 2686 1475 2717 exceptis
1490 2686 1585 2716 (ibid.).

496 2804 518 2829 1.
535 2805 592 2828 Vid.
610 2806 735 2830 ordonn.
751 2807 797 2830 des
812 2806 877 2835 τοῖς,
895 2806 924 2834 Χ,
943 2806 996 2829 167.
1014 2807 1066 2829 Rex
1080 2806 1182 2829 litteras
1199 2815 1240 2829 an.
1259 2807 1327 2834 1411,
1347 2806 1444 2837 quibus
1465 2807 1544 2829 duces
1560 2806 1702 2835 Aurelian.y
1729 2806 1863 2834 Borbonii,
1888 2806 2028 2836 d'Alencon
2045 2806 2272 2838 adhaerentesque

402 2849 512 2871 rebelles
530 2849 706 2878 declarantur,
726 2854 839 2873 revocat.
855 2864 885 2867 —
899 2850 923 2874 2.
940 2850 1023 2878 Eccl„
1041 2858 1124 2878 xxxn,
1141 2852 1164 2880 6,
1182 2850 1225 2873 ubi
1241 2859 1252 2873 «
1269 2859 1417 2874 sermonem
1434 2859 1444 2873 u
1458 2859 1507 2882 pro
1524 2859 1535 2874 (‹
1550 2850 1660 2874 verbum
1677 2859 1698 2874 ».
1716 2864 1744 2868 —
1763 2850 1787 2875 3.
1804 2851 1916 2879 Mami„
1932 2858 1980 2880 vn,
1994 2852 2018 2874 6.
2031 2864 2062 2868 —
2074 2850 2099 2876 4.
2114 2850 2172 2874 Vid.
2189 2859 2272 2882 supra

402 2897 430 2915 11ο
449 2894 515 2916 1938.
533 2907 564 2911 -
584 2894 609 2918 5.
625 2894 806 2925 Quinquennio
826 2895 924 2926 elapso,
942 2903 984 2917 an.
1000 2895 1069 2926 1418,
1086 2896 1152 2926 Aug.
1170 2896 1193 2923 9,
1209 2895 1374 2918 Universitas
1395 2895 1501 2918 omnino
1523 2895 1686 2918 contrarium
1708 2895 1831 2925 asseruit,
1848 2895 1905 2920 scil.
1926 2895 1959 2918 ab
1980 2903 2022 2918 an.
2044 2895 2104 2918 1413
2120 2895 2271 2919 libertatem
