2502 3418
273 314 369 350 1433]
616 328 662 348 AB
697 328 801 349 ANNo
836 326 1123 349 MCCCLxxxxlv
1158 328 1288 354 usone
1324 328 1371 349 An
1406 328 1544 349 ANNUM
1579 329 1784 352 mccchn.
2070 322 2135 354 549

359 402 501 428 Robortus
517 403 664 428 Pethevin.
1306 403 1523 435 Inguerrandus
1537 403 1572 429 de
1589 403 1712 429 l’arenti.

360 452 389 477 P.
404 451 439 477 de
452 452 600 478 Chaciaco.
1310 452 1418 484 Symon
1433 452 1468 477 de
1483 452 1569 477 Mara.

360 501 478 534 Egidius
497 501 635 527 Caniveti.
1306 501 1406 526 Petrus
1417 501 1564 527 columbi.

359 550 506 575 Rolandus
525 550 683 583 Scriptoris.
1305 550 1394 576 Guill.
1411 550 1446 576 de
1463 550 1613 583 Longolio,

359 599 436 625 Guil.
451 599 487 625 de
502 599 682 632 Apostolatu.
2012 601 2063 636 [15]

363 687 509 710 comment.
523 689 571 710 suc.
589 687 667 716 med„
685 687 704 715 l,
721 695 745 718 p.
763 687 817 709 2321.
832 700 863 704 -
876 687 939 709 Nov.
956 688 970 709 6
985 687 1099 710 decanus
1120 688 1168 710 sae.
1182 688 1280 710 electus
1297 691 1352 710 erat
1369 688 1447 711 Henr.
1463 687 1588 712 Thibout.

363 771 385 795 1.
405 772 453 794 ΜΒ.
471 779 476 794 ·.
495 780 505 793 (ι
523 771 595 793 14330
612 779 632 794 ι).
648 784 678 787 -
691 770 715 795 2.
732 770 782 798 Qui
798 779 866 794 anno
880 771 940 794 1433
955 771 1028 794 obiit.
1046 785 1074 789 —
1090 771 1114 796 3.
1132 782 1145 793 (ι
1156 771 1206 798 Qui
1219 770 1245 793 in
1259 772 1349 794 eodem
1365 772 1493 794 decanatu
1509 771 1584 801 obiit,
1598 771 1685 794 anima
1701 772 1756 803 ejus
1768 771 1916 802 requiescat
1929 780 1987 794 cum
1999 772 2100 803 angelis
2113 783 2135 796 n.

269 938 413 974 2422.
442 947 616 973 Universitas
632 947 728 973 Paris.
746 947 843 973 divina
859 948 987 973 celebrat
1000 957 1052 983 pro
1066 948 1261 984 prosperitate
1277 948 1352 982 regis
1363 948 1496 982 Angliae,
1510 957 1562 984 pro
1579 952 1692 983 regente
1706 953 1794 985 etpro
1806 949 1934 975 sanitate
1946 950 2044 975 uxoris
2055 949 2137 975 ducis

358 996 543 1031 Bedfordiae.

1356 1034 1429 1063 7432,
1444 1034 1501 1066 Aug.
1519 1034 1664 1060 9-uoremb.
1681 1035 1717 1063 73.
1733 1035 1849 1061 Parisiis.

358 1121 423 1153 Die
440 1121 473 1153 ix
490 1121 646 1166 Augusti
662 1121 729 1153 fuit
750 1121 938 1165 processio
960 1121 1143 1164 generalis
1165 1121 1200 1153 in
1219 1122 1253 1154 S.
1277 1122 1463 1154 Genovcfa
1482 1134 1545 1166 pro
1565 1122 1805 1166 prosperitate
1821 1122 1922 1167 regis
1940 1129 1974 1154 et
1993 1122 2136 1166 re[g]ni⁷

267 1200 288 1220 x
309 1188 392 1220 den.
418 1208 462 1212 -—-
482 1189 570 1220 Item
602 1188 660 1220 die
687 1189 787 1231 xxvja
816 1187 1041 1232 Septembris
1075 1188 1143 1220 suit
1171 1188 1281 1220 missa
1315 1188 1351 1220 in
1381 1189 1414 1220 S.
1438 1189 1623 1221 Genovesa
1652 1201 1717 1233 pro
1744 1189 1895 1221 sanitate
1930 1189 2137 1233 regentisse

268 1255 392 1287 uxoris
414 1255 551 1287 domini
574 1254 677 1287 ducis
695 1255 916 1296 Betesordie7
935 1255 1097 1299 regentis
1119 1267 1272 1300 regnum
1296 1255 1458 1295 Francie,
1487 1259 1576 1299 [pro]
1600 1256 1798 1288 offertoriis
1819 1256 1854 1288 ix
1875 1255 1958 1287 den.
1983 1275 2026 1280 -—
2048 1257 2135 1288 Item

269 1321 327 1354 die
337 1327 376 1354 v⁸³
387 1321 616 1362 Novembris,
630 1321 774 1365 quando
792 1321 962 1354 dominus
977 1333 1110 1366 regens
1124 1322 1188 1354 suit
1201 1322 1525 1366 processionaliter
1539 1322 1632 1367 apud
1652 1323 1686 1355 S.
1699 1323 1891 1355 Martinum
1907 1322 1951 1355 de
1965 1323 2138 1367 Camppis

269 1400 333 1433 pro
356 1388 506 1420 sanitate
529 1388 674 1420 domine
694 1388 915 1433 regentisse,
933 1389 1057 1420 uxoris
1079 1389 1217 1420 domini
1240 1389 1426 1433 r[egcntis]
1458 1389 1607 1421 Francic
1635 1396 1667 1421 et
1695 1389 1798 1421 ‹lm-is
1820 1389 2018 1430 Betsordie‚
2041 1393 2136 1433 [pro]

268 1455 464 1487 offertoriis
492 1467 535 1487 xx
563 1455 646 1487 den.
672 1475 717 1479 —
749 1456 835 1487 Item
871 1455 929 1487 die
960 1462 1082 1488 octava
1113 1455 1329 1488 Novembris
1357 1456 1451 1500 apud
1478 1456 1513 1488 S.
1542 1455 1772 1488 Katherinam
1807 1455 2134 1495 Vallisscolarium,

268 1522 411 1566 quando
434 1522 661 1555 Universitas
685 1522 752 1554 fuit
780 1522 1102 1566 processionaliter
1122 1535 1201 1555 cum
1229 1522 1377 1554 domino
1398 1529 1562 1567 regente,
1583 1529 1618 1555 et
1640 1523 1788 1555 suerunt
1816 1522 1918 1555 multi
1949 1535 2028 1555 cum
2050 1522 2136 1555 reli—

267 1589 363 1633 quiis
385 1595 419 1621 et
439 1589 550 1633 capis,
574 1589 670 1633 [pro]
692 1589 888 1621 offertoriis
909 1590 965 1633 xvj
984 1589 1067 1621 den.

360 1687 429 1710 Bibl.
441 1690 494 1709 nat.
507 1686 600 1714 Paris.,
618 1695 667 1710 ms.
684 1687 730 1710 lat.
744 1687 815 1715 5404,
831 1695 857 1717 p.
873 1687 926 1715 134,
943 1687 997 1710 153.
1012 1700 1042 1703 —
1058 1688 1130 1709 Anna
1146 1687 1326 1718 Burgundiae,
1344 1695 1408 1710 uxor
1428 1687 1502 1710 ducis
1523 1687 1689 1716 Bcdsordine,
1702 1687 1806 1718 jamdiu
1825 1690 1934 1718 aegrota
1950 1690 2006 1709 erat
2020 1687 2136 1717 (Chron.

266 1733 298 1755 de
313 1731 482 1760 Monstrelec,
499 1731 529 1759 V,
545 1739 572 1762 p.
584 1732 614 1753 44
630 1732 687 1762 sq.),
703 1734 728 1754 et
742 1731 849 1754 tandem
864 1731 990 1754 Novemb.
1008 1731 1037 1753 14
1052 1737 1113 1762 post
1129 1731 1241 1754 medinm
1258 1734 1360 1754 noctem
1378 1732 1501 1754 defunctu
1517 1735 1565 1754 est.
1581 1731 1639 1754 Vid.
1661 1731 1738 1754 Arch.
1755 1734 1819 1760 nat„
1835 1732 1879 1753 X‘*
1896 1731 1966 1760 1481,
1984 1731 2028 1754 [01.
2046 1732 2084 1754 63.
2106 1745 2136 1748 -

266 1777 338 1799 Anno
355 1779 478 1806 sequente
493 1775 579 1798 adhuc
594 1775 627 1798 ab
644 1775 820 1798 Universitate
834 1776 905 1806 apud
920 1775 1091 1804 Coelestinos,
1108 1776 1233 1798 Novemb.
1249 1776 1286 1803 13,
1304 1776 1515 1798 anniversarium
1531 1776 1693 1799 celebratum
1709 1779 1749 1798 cst
1763 1776 1820 1806 (ΜΞ.
1838 1776 1907 1804 5494,
1922 1784 1948 1806 p.
1964 1776 2026 1805 1511).

267 1943 412 1979 2423.
440 1951 560 1977 Thomas
575 1951 610 1977 de
629 1951 783 1977 Courcellis
800 1961 874 1986 mag.
891 1952 918 1977 in
934 1955 1002 1986 art.,
1023 1952 1085 1978 bac.
1099 1954 1242 1986 formatus
1263 1952 1292 1977 in
1310 1951 1395 1978 theol.
1413 1951 1547 1985 Parisiis,
1570 1951 1607 1976 ab
1625 1951 1754 1985 Eugenio
1776 1952 1819 1977 IV
1829 1951 1902 1986 petit
1924 1950 2134 1986 expeditionem

356 2001 452 2027 bullae
465 2010 552 2036 super
562 2001 661 2035 gratia
675 2001 731 2026 sibi
746 2010 881 2027 concessa
896 2010 910 2027 ‹
925 2005 955 2026 ut
970 2010 1025 2026 non
1043 2001 1175 2027 obstante
1197 2001 1313 2035 defectu
1334 2001 1421 2026 etatis
1442 2009 1523 2036 quem
1539 2000 1717 2036 patiebatur,
1741 2000 1768 2025 in
1790 2000 1932 2025 tricesimo
1951 1999 2075 2025 secundo
2095 2000 2136 2025 vel

355 2050 432 2075 circa
447 2059 498 2076 sue
514 2050 600 2075 etatis
614 2058 689 2075 anno
703 2050 883 2084 constitutus,
900 2050 928 2075 in
946 2050 1134 2075 Universitate
1151 2050 1242 2075 studii
1257 2050 1353 2075 Paris.
1371 2049 1399 2074 in
1411 2049 1555 2083 facultate
1572 2049 1712 2083 theologie
1728 2049 1820 2083 legere
1835 2053 1861 2074 et
1877 2048 1951 2074 alios
1966 2049 2134 2074 scolasticos

356 2103 383 2125 et
397 2099 580 2134 magistrales
596 2103 679 2124 actus
693 2108 825 2125 exercere
837 2100 932 2134 possit
945 2108 1006 2124 cum
1022 2108 1160 2124 consensu
1182 2099 1381 2124 Universitatis
1394 2098 1525 2134 predicte
1539 2108 1564 2124 ».
1581 2114 1616 2117 —
1631 2099 1805 2125 Concessum
1820 2099 1851 2124 in
1864 2098 2007 2132 presentia
2020 2097 2135 2124 domini

353 2149 443 2175 nostri
459 2156 543 2182 pape.
561 2149 591 2174 B.
609 2149 753 2175 GRADENS.
768 2164 803 2166 —
819 2149 883 2174 Dat.
901 2149 991 2175 Rome
1003 2149 1083 2182 apud
1099 2148 1239 2174 Sanctum
1256 2149 1388 2176 Petrum,
1405 2149 1511 2181 quarto
1526 2148 1583 2173 kal.
1602 2148 1759 2178 Februarii,
1775 2155 1854 2173 anno
1868 2147 2005 2173 secundo.

360 2272 454 2303 Suppl.
471 2272 571 2302 Eugen.
587 2272 629 2301 ιν,
645 2276 673 2294 no
688 2273 741 2301 275,
756 2273 801 2295 sol.
818 2272 884 2295 tum.
1471 2238 1545 2267 7433,
1560 2238 1676 2262 danuam
1690 2238 1733 2266 29,
1747 2237 1848 2262 Romae.

267 2412 412 2448 2424.
437 2430 451 2446 ‹<
475 2421 658 2447 Guillelmus⁴
677 2421 770 2447 abbas
786 2421 821 2447 de
837 2421 995 2447 Cormelliis
1012 2431 1035 2456 »‚
1054 2422 1181 2447 decanus
1195 2422 1347 2456 facultatis
1362 2422 1482 2451 (ἰᾶσι-εἰ.1
1499 2422 1621 2446 intentat
1641 2424 1740 2446 contra
1756 2429 1831 2454 mag.
1852 2419 2029 2445 Guillelmum
2045 2421 2135 2445 Erart

352 2479 526 2506 processum,
552 2471 622 2506 quia
641 2480 655 2496 «
677 2471 705 2496 in
731 2471 831 2496 ultima
856 2471 992 2497 licentia2
1007 2472 1122 2507 aperuit
1146 2472 1268 2497 rotulum
1291 2470 1548 2497 licentiandorum3
1566 2479 1619 2506 per
1637 2469 1766 2495 dominos
1786 2469 1813 2495 ei
1835 2469 1974 2494 traditum
1997 2479 2021 2494 ».
2045 2470 2134 2494 Erart

355 2519 517 2555 impetravit
527 2519 641 2545 litteras
653 2520 758 2554 regias,
770 2529 823 2556 per
834 2529 907 2555 quas
919 2529 1009 2546 causa
1022 2520 1061 2545 ad
1072 2520 1287 2546 Par-lamentum
1300 2521 1499 2546 remitteretur.
1514 2519 1651 2544 Facultas
1663 2518 1814 2544 Februarii
1824 2519 1858 2544 12
1869 2518 2011 2552 negotium
2023 2517 2134 2543 dimisit

355 2569 383 2594 in
399 2577 548 2604 suspenso.

1227 2606 1301 2633 1432.
1317 2605 1431 2630 uoremb,
1451 2604 1570 2633 73-7433,
1587 2604 1658 2630 Febr.
1677 2605 1714 2634 72,
1733 2603 1847 2629 Parisiis.

362 2640 469 2662 Memor.
489 2641 537 2662 suc.
550 2639 658 2668 decret.,
674 2640 693 2667 1,
707 2640 817 2663 sol.156.

360 2723 385 2748 1.
401 2724 508 2753 Bonncl,
524 2724 555 2746 de
570 2732 621 2754 quo
640 2728 668 2746 n⁰
683 2724 753 2754 2309,
769 2724 796 2747 et
810 2732 837 2754 p.
856 2724 910 2753 522,
926 2727 980 2747 not.
996 2725 1018 2747 9.
1032 2724 1092 2746 Fuit
1111 2724 1226 2746 decanus
1242 2723 1275 2746 ab
1297 2731 1340 2746 un.
1358 2723 1426 2751 1432,
1446 2723 1511 2746 Νον.
1530 2724 1554 2752 6,
1570 2722 1737 2746 continuatus
1758 2731 1801 2745 un.
1820 2722 1889 2752 1433,
1906 2722 2031 2745 Novemh.
2048 2722 2086 2745 10.
2104 2736 2131 2739 —

265 2767 291 2792 2.
308 2769 354 2791 An.
369 2767 440 2792 1432.
455 2781 485 2785 -
498 2768 525 2792 3.
540 2768 676 2796 Quomodo
690 2768 792 2791 rotulus
806 2769 982 2798 clauderetur,
999 2768 1053 2792 vid.
1067 2768 1135 2791 infra
1151 2772 1180 2791 110
1192 2769 1263 2792 2446.
