2502 3418
230 298 325 337 1403]
659 314 705 335 AB
739 313 844 335 ANNO
878 313 1165 335 MCCCLXXXXIV
1193 313 1240 334 AD
1275 314 1412 334 ANNUM
1447 314 1650 336 1110000111.
2043 309 2084 340 53

227 399 291 432 pro
319 387 481 420 secundo
508 398 602 419 anno
631 387 811 419 extraneis
839 386 961 419 debito
994 387 1139 419 fratrem
1166 386 1365 419 Johannem
1397 387 1440 419 de
1471 388 1592 419 Monte
1624 389 1792 432 Mayrano
1825 389 1868 421 de
1901 391 2083 434 provincia

227 453 443 487 Tholosana.

314 521 555 565 Assignamus
575 520 710 553 ibidem
732 532 796 565 pro
818 521 991 565 magistro
1014 520 1235 553 studentium
1257 520 1400 552 fratrem
1418 520 1615 553 Johaunem
1640 521 1817 553 lliclielis²
1836 522 1879 554 de
1902 523 2082 566 provincia

227 583 387 615 Franeie.
411 583 642 616 Comittimus
661 589 778 615 autem
802 583 1013 627 provinciali
1035 583 1197 623 Francie,
1220 589 1258 615 ut
1278 582 1412 615 ibidem
1434 583 1478 615 de
1500 582 1634 615 biblico
1656 583 1770 616 valeat
1790 584 1993 628 providere.

319 681 477 712 Fragmenta
494 680 577 712 Cnpp.
594 681 709 712 general.
727 680 789 704 ord,
808 681 902 704 Praed.
917 681 950 704 ad
965 681 1084 704 eumdem
1098 680 1160 704 Ord.
1178 680 1345 712 pertinentia.

316 764 340 789 1.
357 765 402 788 Isti
422 765 472 787 duo
488 764 544 796 jam
563 765 597 788 ab
612 773 655 788 un.
672 766 732 788 1388
750 765 879 796 assignati
901 766 1006 788 suerunt
1022 765 1083 794 (vid.
1101 774 1182 796 supra
1198 766 1230 788 ad
1250 774 1292 788 au.
1309 766 1378 793 1396,
1400 770 1428 787 110
1449 765 1518 795 1731,
1539 768 1591 788 not.
1612 765 1645 796 1).
1666 765 1719 787 lloc
1741 766 1826 788 solum
1845 775 1920 792 anno.
1944 771 2082 798 postquam

224 809 419 833 Praedicatores
436 809 607 833 Universitati
622 810 716 832 iterum
732 810 892 841 incorporati
907 813 990 838 erant,
1007 810 1039 832 ad
1053 810 1179 833 lecturam
1195 813 1379 841 pervenerunt.
1396 824 1426 827 -
1437 810 1461 834 2.
1476 810 1574 833 Licent.
1590 818 1632 833 au.
1650 811 1709 832 1408
1726 810 1788 839 (vid.
1807 810 1889 840 ibid.),
1907 820 1956 834 nou
1973 814 2082 835 consuti<

224 854 338 877 dendum
353 862 411 877 cum
426 854 544 877 Johanne
560 854 694 877 Michaelis
710 854 794 885 ejusd.
810 854 882 882 ord„
898 854 984 878 licent.
1002 863 1044 878 an.
1061 855 1130 877 1411.

229 1021 369 1058 1778.
394 1030 539 1056 Evrardus
555 1030 590 1056 de
609 1031 701 1066 Conty,
720 1039 794 1065 mag.
811 1031 920 1065 media,
939 1040 1021 1057 suum
1030 1031 1192 1066 jubilaeum
1207 1031 1288 1057 solvit
1302 1035 1329 1057 et
1345 1031 1483 1066 quosdam
1495 1031 1583 1057 libr-os
1598 1032 1735 1066 facultati
1751 1032 1851 1058 medic.
1867 1032 1952 1067 legat.

1499 1120 1573 1148 7403.
1590 1120 1670 1149 dunio,
1687 1120 1800 1146 Parisiis.

314 1197 506 1230 Sciendum
529 1197 626 1242 quod
647 1197 821 1242 magister
838 1198 1020 1230 Evrardus
1038 1198 1082 1230 de
1099 1198 1216 1243 Conty
1232 1198 1341 1231 solvit
1360 1210 1465 1231 suum
1482 1198 1675 1242 jubileum,
1695 1199 1834 1232 50111061
1850 1199 1968 1232 dando
1986 1211 2085 1244 pran-

225 1264 322 1296 dium
344 1263 503 1297 notabile
524 1264 561 1296 in
583 1264 689 1296 domo
710 1264 874 1309 magistri
901 1264 1077 1297 Johannis
1099 1265 1143 1297 de
1165 1265 1465 1306 Montenantolio,
1489 1265 1549 1297 ubi
1578 1266 1722 1298 suerunt
1749 1267 1827 1310 xxxj
1850 1267 2027 1311 magistri,
2054 1273 2088 1299 et

224 1330 291 1363 fuit
311 1330 444 1363 dictum
467 1342 510 1364 ex
531 1337 630 1376 parte
651 1331 721 1372 sui,
740 1331 822 1376 quia
844 1338 919 1364 erat
938 1331 1085 1372 absens,
1108 1344 1172 1377 per
1192 1332 1404 1376 magistrum
1430 1332 1527 1365 Guil.
1550 1332 1741 1365 Carnificis
1763 1339 1797 1365 61
1816 1333 1896 1366 Joh.
1919 1334 1963 1365 de
1984 1335 2087 1365 Mon-

224 1397 434 1438 tenantolio,
457 1397 612 1442 qualiter
632 1397 750 1431 dictus
771 1398 944 1443 magister
965 1398 1108 1443 legabat
1132 1399 1291 1431 facultati
1314 1399 1350 1431 in
1377 1410 1442 1431 5110
1471 1405 1686 1432 testamento
1718 1399 1844 1438 libros,
1868 1400 1946 1432 scil.
1969 1406 2086 1432 textus

224 1464 366 1506 Galeni,
388 1464 668 1498 consiliatorem
690 1471 726 1498 et
746 1465 998 1498 Probleumata
1017 1466 1241 1507 Aristotelis,
1264 1473 1331 1499 etc.

316 1563 415 1586 Comm.
435 1564 484 1586 sac.
500 1563 578 1587 med..
595 1564 613 1592 Ι,
628 1571 655 1594 p.
672 1564 711 1587 84.
723 1577 754 1581 —
770 1563 831 1587 Maii
851 1565 889 1592 29,
906 1567 971 1587 teste
987 1565 1016 1587 T.
1040 1565 1069 1588 B.
1086 1565 1243 1594 sznnmxn,
1261 1565 1384 1589 Annales
1402 1564 1511 1592 medici,
1527 1573 1554 1595 p.
1571 1565 1609 1587 11.
1628 1565 1666 1588 Cf.
1686 1565 1835 1592 FRANKLIN,
1854 1565 2009 1589 Ant-tennes
2024 1565 2085 1589 bibl.

222 1608 255 1631 de
269 1607 363 1638 Paris,
379 1608 411 1635 ΙΙ,
428 1616 455 1639 p.
466 1609 505 1637 20,
521 1611 575 1631 not.
590 1609 614 1631 4.

228 1729 368 1767 1779.
396 1740 498 1765 Contra
512 1739 645 1765 abbatem
664 1740 886 1775 Cluniaeensem,
907 1741 956 1776 qui
973 1741 1125 1775 Collegium
1141 1741 1309 1767 Avenionem
1325 1743 1483 1775 transfer-re
1497 1741 1525 1767 in
1541 1741 1636 1767 animo
1651 1741 1760 1775 habuit,
1779 1741 1958 1767 scholaribus
1974 1741 2086 1775 collegii

314 1787 510 1815 Cluniacensis
522 1789 618 1815 Paris.
636 1789 826 1825 litigantibus,
845 1799 936 1816 causa
952 1790 991 1816 ad
1006 1791 1115 1816 curiam
1127 1790 1304 1826 parlamenti
1318 1790 1454 1824 defertur.
2078 1793 2082 1795 ’

1479 1845 1555 1874 1403,
1571 1844 1631 1870 «Iulii
1643 1845 1667 1873 2,
1685 1845 1799 1870 Parisiis.

311 1922 428 1955 Lundi
456 1922 494 1967 ij⁰
515 1923 601 1967 jour
629 1923 674 1956 de
699 1923 835 1957 Juillet.
863 1945 906 1949 —-
935 1926 1044 1957 Entre
1070 1924 1304 1958 l'Universite
1332 1931 1367 1957 et
1393 1924 1447 1957 les
1475 1924 1650 1957 escoliers
1679 1924 1723 1957 de
1745 1924 1928 1969 Cliiingny
1948 1927 1965 1956 ἐι
1986 1925 2085 1957 Paris

224 1989 330 2021 d'une
354 1996 446 2034 part,
467 1996 502 2022 et
521 1989 638 2022 l'abbe
659 1990 704 2023 de
727 1991 929 2036 Cluingny¹
957 1992 1094 2024 d'autre
1116 1999 1205 2036 part.
1233 1992 1292 2024 Dit
1319 1992 1551 2025 l’Universite
1577 1998 1612 2024 01
1638 1991 1767 2024 165(1115
1788 1991 1963 2024 escolicrs
1980 1991 2085 2036 qu’ilz

223 2062 307 2088 sont
335 2055 496 2089 membre
527 2056 571 2089 de
601 2056 835 2091 l'Universite
866 2071 910 2091 611
941 2058 972 2091 la
998 2059 1223 2104 sauvegarde
1251 2059 1298 2091 du
1322 2071 1397 2103 roy,
1422 2059 1483 2103 qui
1505 2065 1559 2091 est
1580 2061 1666 2103 pere
1694 2058 1737 2090 de
1759 2058 2004 2091 l⁷Universite.
2027 2058 2084 2090 Dit

223 2122 329 2167 qu’ilz
351 2129 434 2155 sont
460 2123 590 2156 fondez
610 2124 703 2169 xxvij
727 2125 904 2158 escoliers
926 2132 960 2158 et
986 2138 1007 2171 y
1027 2138 1044 2158 a
1068 2126 1204 2171 prieur,
1229 2133 1263 2158 et
1283 2138 1391 2170 aussy
1416 2138 1436 2170 y
1456 2138 1473 2158 a
1494 2138 1562 2158 xxv
1583 2125 1726 2170 prieurs
1748 2125 1807 2169 qui
1830 2125 1976 2158 doivent
1998 2136 2084 2169 pen÷

223 2189 324 2222 sions
346 2189 448 2222 oudit
467 2190 608 2236 college
630 2191 674 2224 de
695 2191 881 2237 Cluingny
897 2192 942 2225 ou
964 2192 1017 2226 les
1039 2193 1214 2226 escoliers
1232 2193 1379 2226 doivent
1400 2192 1594 2225 deulourer
1609 2193 1744 2236 jusque
1761 2194 1778 2224 ii
1799 2204 1838 2224 06
1860 2191 1945 2236 qu⁷il
1967 2191 2085 2224 soient

222 2256 314 2290 alias
339 2268 515 2301 pourveu,
543 2264 578 2290 et
602 2258 750 2291 doivent
775 2260 875 2292 avoir
902 2259 956 2293 les
984 2260 1159 2293 escoliers
1188 2259 1338 2304 simples
1365 2272 1409 2291 xx
1436 2258 1514 2300 lib.,
1541 2259 1595 2291 les
1617 2258 1818 2291 bacheliers
1839 2270 1906 2290 xxx
1926 2257 2003 2298 lib.,
2030 2258 2083 2290 les

223 2322 389 2356 maistres
410 2335 456 2356 en
480 2323 666 2370 theologie
686 2325 734 2367 xl,
758 2333 804 2367 et,
827 2339 866 2359 se
887 2326 1072 2360 benefices
1094 2334 1168 2369 ont,
1197 2333 1309 2372 puent
1335 2326 1445 2359 eslire
1472 2326 1546 2358 l'un
1567 2337 1613 2358 ou
1640 2325 1778 2366 l’autre,
1807 2331 1841 2357 01
1866 2325 1941 2357 (1011
1966 2324 2083 2357 l⁷abbe

223 2390 409 2423 soustenir
429 2390 483 2424 les
509 2392 682 2425 maisons.
713 2393 772 2426 Dit
796 2405 865 2438 que
897 2394 1014 2427 l’abbe
1037 2394 1097 2439 qui
1126 2401 1181 2427 est
1205 2396 1223 2426 il
1244 2400 1392 2438 present
1418 2405 1436 2425 a
1459 2393 1542 2426 volu
1573 2392 1752 2425 destruire
1780 2391 1869 2424 ledit
1887 2391 2027 2436 college
2049 2398 2083 2424 et

222 2463 447 2502 transporter
467 2457 521 2491 les
551 2465 673 2493 rentes
701 2460 745 2493 de
773 2461 926 2505 pardecga
950 2464 967 2494 a
989 2462 1159 2506 Avignon
1187 2473 1279 2506 pour
1299 2461 1428 2493 fonder
1448 2472 1497 2492 un
1518 2459 1659 2504 college
1681 2459 1724 2491 (10
1750 2458 1977 2499 decretistes,
1999 2465 2034 2490 et
2058 2458 2083 2490 il

222 2530 349 2568 appert
375 2535 490 2566 assez,
513 2537 571 2558 car
591 2538 612 2570 y
632 2526 733 2571 pluet
762 2535 906 2572 partout
934 2540 979 2561 ou
1010 2528 1151 2573 college
1173 2535 1208 2561 et
1236 2529 1294 2573 n'y
1314 2534 1400 2573 puet
1424 2527 1494 2559 l'en
1519 2533 1641 2571 porter
1660 2525 1910 2558 chaudement.
1934 2525 1993 2557 Dit
2012 2537 2081 2569 que

222 2590 338 2623 l'abbe
360 2603 378 2624 a
405 2591 563 2625 defendu
588 2600 623 2626 61
648 2594 855 2639 empeschie
882 2607 950 2628 aux
975 2596 1118 2640 prieurs
1144 2596 1205 2640 qui
1234 2595 1381 2628 doivent
1410 2595 1463 2627 les
1486 2594 1659 2638 pensions
1686 2604 1754 2636 que
1783 2592 1865 2636 plus
1890 2604 1934 2624 110
1962 2592 2081 2636 paient

221 2657 284 2690 sub
300 2669 392 2701 pena
414 2661 800 2703 excommunicatiom's,
826 2669 872 2703 et,
900 2663 931 2695 si
957 2662 990 2695 le
1010 2663 1099 2704 sont,
1122 2662 1176 2695 les
1198 2662 1297 2707 prive
1319 2662 1363 2694 de
1387 2668 1483 2694 toute
1505 2660 1671 2692 honneur
1692 2671 1737 2691 en
1762 2658 1904 2691 l'Ordre
1926 2665 1960 2691 et
1980 2670 2082 2703 usque

222 2723 268 2757 ad
285 2725 433 2759 tercium
447 2726 618 2770 gradum,
637 2734 672 2760 01
692 2729 855 2762 01·ἀο11116
877 2741 946 2774 que
967 2730 1029 2762 nul
1051 2742 1095 2762 ne
1117 2730 1309 2762 demourra
1330 2729 1431 2761 oudit
1452 2728 1592 2771 college
1614 2739 1682 2771 que
1703 2739 1723 2759 v
1745 2738 1820 2766 anS,
1839 2726 1908 2758 asin
1929 2738 1998 2770 que
2020 2725 2081 2758 nul

224 2802 268 2823 ne
285 2791 357 2824 soit
376 2793 534 2837 graduez
554 2801 590 2826 61
609 2795 729 2828 soient
748 2796 829 2840 plus
851 2809 895 2829 en
917 2809 955 2829 sa
977 2796 1193 2840 subjection.
1217 2797 1259 2828 Et
1280 2802 1479 2840 proposeut
1495 2801 1529 2826 01
1550 2794 1650 2826 (116111
1669 2805 1751 2837 que,
1770 2805 1815 2825 611
1831 2805 1890 2825 cas
1907 2793 1950 2825 de
1971 2794 2080 2825 ress'us

224 2859 242 2890 ἐι
258 2858 356 2902 paier
372 2858 503 2893 ladicte
526 2867 639 2903 rente,
658 2868 722 2895 ont
742 2874 785 2895 en
803 2863 1018 2908 possession
1040 2870 1073 2895 01
1090 2863 1224 2895 saisine
1242 2863 1285 2895 (10
1308 2861 1471 2894 reeourir
1487 2863 1503 2893 ii
1520 2860 1552 2892 la
1567 2860 1702 2902 justice
1720 2859 1809 2904 laye,
1829 2866 1863 2892 et
1883 2865 2082 2904 proposcnt
