2502 3418
389 318 453 351 618
965 327 1284 349 CHARTULARIUM
1319 326 1511 348 umvsns.
1548 327 1678 348 rmus.
2155 313 2252 350 [1441

388 402 598 435 vexationes
620 409 655 434 et
671 414 793 447 pacem
816 401 922 434 nobis
939 401 1139 435 habendam
1164 408 1199 434 et
1218 401 1376 447 posteris
1398 401 1536 434 nostris
1556 400 1846 446 relinquendam,
1869 412 1980 445 super
1999 401 2118 433 unicis
2144 400 2254 433 scolis

389 468 619 514 singulorum
645 468 823 502 Ordiuum
848 468 1107 514 religiosorum
1129 475 1164 501 et
1184 468 1412 513 promotione
1430 480 1579 501 suorum
1600 468 1644 501 ad
1664 468 1837 500 lecturam
1856 467 2121 500 Sententiarum
2140 474 2174 500 et
2191 479 2255 513 pro

389 536 468 569 solo
491 529 657 581 tempore
674 536 859 569 ordinario
876 542 998 581 preter
1018 536 1147 568 fratres
1164 535 1430 576 Predicatores,
1448 535 1509 580 qui
1531 535 1620 568 duas
1643 534 1762 568 scolas
1784 546 1849 568 seu
1870 534 1963 568 duos
1984 534 2150 579 legentes
2168 535 2256 567 Sen-

389 603 520 636 tentias
550 603 684 636 habere
716 603 813 636 soliti
840 609 925 636 sunt
945 603 993 646 (in
1026 615 1095 647 qua
1123 602 1260 635 lectura
1287 602 1455 635 nonnulli
1485 603 1649 648 ipsorum
1671 602 1931 647 religiosorum
1953 613 2038 635 suas
2059 609 2255 647 querentes

390 671 640 716 promotiones
671 682 735 715 per
758 670 898 702 litteras
926 669 1157 714 apostolicas,
1186 681 1314 714 preces
1344 669 1457 714 regis,
1483 670 1688 714 principum
1719 676 1754 702 et
1784 669 1935 702 aliorum
1964 669 2193 706 dominorum
2223 676 2258 702 et

390 738 586 770 amicorum
609 749 773 777 suorum,
797 736 927 769 multas
963 748 1079 781 nuper
1105 736 1286 769 dederunt
1314 736 1524 769 vexationes
1558 743 1682 770 nostre
1712 736 1871 769 facultati
1893 742 1928 769 et
1965 736 2256 781 importunitates

390 811 512 838 contra
529 804 733 837 libertatem
754 803 933 836 facultatis
951 810 985 836 ct
1001 803 1257 848 magistrorum
1276 803 1457 847 ejusdem)
1474 815 1481 835 τ
1500 803 1636 836 idcirco
1658 815 1725 836 nos
1746 803 1912 837 volentes
1934 803 1978 836 de
1995 803 2157 836 remedio
2175 815 2256 848 pro-

389 872 515 906 videre
533 878 738 916 opportuno
756 870 799 903 de
817 870 999 903 communi
1021 870 1182 902 omnium
1203 870 1382 903 facultatis
1404 870 1676 915 magistrorum,
1698 870 1954 916 religiosorum
1973 877 2008 903 et
2024 870 2256 911 secularium,

391 950 589 979 consensu,
612 938 816 978 statuimus,
845 937 941 982 quod
966 937 1089 969 nullus
1111 937 1155 969 de
1178 943 1300 970 cetero
1328 937 1405 970 sive
1433 949 1497 982 per
1526 937 1741 983 rescriptum
1774 937 1832 971 vel
1863 937 2060 979 licentiam,
2086 938 2163 971 sive
2193 949 2257 982 per

391 1005 699 1051 dispensationem
726 1004 882 1037 Concilii
908 1004 1106 1049 generalis,
1130 1004 1261 1036 summi
1287 1004 1482 1049 pontificis,
1505 1004 1761 1038 Universitatis
1782 1011 1843 1038 aut
1861 1011 1986 1038 nostre
2009 1004 2187 1038 facultatis
2213 1005 2256 1038 ad

391 1073 564 1106 lecturam
589 1071 855 1105 Sententiarum
873 1071 909 1103 in
926 1070 1176 1104 vacationibus
1192 1071 1413 1113 admittatur,
1432 1083 1551 1117 neque
1573 1072 1643 1105 nisi
1664 1071 1795 1105 unicus
1815 1072 1860 1105 de
1881 1071 2039 1117 singulis
2055 1071 2257 1106 Ordinibus

391 1139 663 1185 religiosorum,
682 1145 749 1171 tam
769 1138 1052 1171 Mendicantium
1075 1150 1180 1183 quam
1203 1150 1275 1171 non
1292 1139 1589 1181 Mendicantium,
1607 1139 1651 1172 ad
1667 1139 1782 1184 ipsam
1799 1139 1971 1172 lecturam
1990 1139 2255 1173 Sententiarum

390 1214 552 1251 tempore
584 1206 759 1238 ordinarii
791 1205 1021 1250 singulorum
1057 1217 1234 1238 annorum
1268 1206 1477 1251 recipiatur,
1518 1213 1773 1251 promoveatur
1807 1213 1866 1239 aut
1899 1206 2107 1240 admittatur
2136 1213 2258 1252 preter

388 1275 517 1307 fratres
533 1273 798 1310 Predicatores,
817 1273 878 1317 qui
900 1284 971 1305 non
988 1272 1174 1305 habebunt
1190 1272 1314 1318 plures
1335 1285 1441 1318 quam
1458 1273 1550 1306 duos
1568 1273 1696 1307 solitos
1717 1273 1896 1319 legentes,
1915 1274 1983 1307 sub
2004 1274 2258 1319 proportiona-

389 1341 485 1374 libus
504 1341 607 1385 penis
629 1340 665 1373 in
688 1346 819 1373 statuto
842 1340 1083 1385 quinquennii
1104 1339 1331 1373 licentiarum
1349 1340 1495 1385 positis;
1519 1341 1565 1373 ita
1582 1341 1692 1386 quod,
1715 1341 1745 1374 si
1766 1341 1875 1386 (quod
1891 1340 1996 1384 absit)
2019 1341 2179 1374 decanus
2199 1341 2257 1375 vel

389 1409 481 1441 alius
503 1407 707 1441 facultatem
730 1419 842 1452 super
863 1407 1087 1440 admissione
1109 1414 1169 1440 aut
1189 1407 1464 1453 dispensatione
1485 1415 1609 1441 contra
1631 1407 1765 1441 dictum
1788 1414 1959 1441 statutum
1991 1409 2258 1450 convocaverit,

389 1476 469 1521 ipso
490 1476 582 1508 facto
605 1475 652 1508 sit
668 1475 829 1520 privatus
859 1487 877 1507 a
898 1474 1073 1507 decanatu
1097 1481 1131 1507 et
1159 1475 1345 1508 consortio
1367 1475 1462 1508 dicte
1494 1475 1675 1508 facultatis
1696 1487 1761 1520 per
1781 1475 1875 1508 duos
1899 1487 2032 1517 annos;
2056 1484 2090 1509 et
2115 1476 2146 1509 si
2174 1477 2257 1521 quis

390 1542 646 1588 magistrorum
664 1541 828 1586 ejusdem
850 1541 1030 1575 facultatis
1048 1541 1286 1575 deliberando
1304 1554 1415 1586 super
1431 1541 1641 1587 hujusmodi
1662 1542 1884 1575 admissione
1910 1542 1967 1576 vel
1984 1542 2257 1588 dispensatione

389 1616 606 1655 compareat,
629 1621 671 1642 eo
693 1609 773 1654 ipso
792 1608 839 1641 sit
859 1608 1021 1653 privatus
1042 1621 1059 1641 a
1081 1608 1177 1641 dicto
1195 1609 1381 1642 consortio
1399 1609 1503 1649 etiam
1526 1609 1671 1642 duobus
1687 1609 1804 1642 annis.
1829 1611 1994 1655 Insuper,
2020 1610 2050 1643 si
2071 1610 2258 1656 contingat

387 1677 543 1722 aliquem
562 1677 740 1709 dictorum
760 1676 1014 1721 magistrorum
1038 1675 1192 1721 prebere
1214 1676 1400 1717 auxilium,
1422 1688 1643 1709 consensum
1666 1676 1723 1710 vel
1744 1677 1903 1710 favorem
1925 1677 1968 1710 ad
1990 1677 2254 1723 impetrandum

388 1745 618 1789 rescriptum,
640 1743 821 1776 licentiam
839 1750 897 1776 aut
920 1743 1230 1788 dispensationem
1253 1750 1377 1776 contra
1398 1744 1547 1776 formam
1571 1744 1656 1777 dicti
1678 1745 1814 1783 statuti,
1837 1744 1894 1778 vel
1921 1744 1964 1777 ad
1992 1745 2165 1778 utendum
2181 1746 2255 1791 jam

388 1812 589 1857 impetrata,
613 1811 694 1844 talis
721 1810 896 1855 magister
917 1810 1079 1855 privetur
1100 1823 1116 1843 a
1140 1811 1302 1856 regentia
1325 1822 1390 1856 per
1410 1811 1502 1844 duos
1526 1823 1653 1844 annos.
1677 1813 1721 1845 Et
1743 1811 1773 1844 si
1795 1823 1867 1845 non
1889 1812 1999 1845 fuerit
2019 1824 2164 1857 regens,
2187 1813 2256 1858 pri-

389 1886 492 1912 vetur
513 1891 531 1911 a
553 1878 648 1911 dicto
670 1878 856 1911 consortio
874 1878 1023 1911 totidem
1046 1878 1165 1919 annis,
1188 1885 1223 1911 et
1243 1878 1401 1923 denique
1422 1878 1646 1912 baccalarius
1668 1879 1736 1912 tale
1753 1879 1983 1924 rescriptum,
2001 1879 2182 1913 licentiam
2198 1880 2256 1914 vel

389 1945 700 1991 dispensationem
722 1945 921 1989 impetrans
942 1951 1002 1977 aut
1028 1945 1215 1990 impetrata
1242 1945 1293 1978 uti
1322 1952 1533 1987 conaturus,
1562 1946 1610 1979 sit
1630 1958 1672 1978 eo
1699 1946 1779 1991 ipso
1803 1945 1846 1979 ab
1878 1946 1956 1991 ipsa
1987 1947 2255 1980 Sententiarum

388 2013 525 2046 lectura
548 2025 611 2058 per
633 2019 786 2057 quatuor
808 2024 922 2045 annos
944 2013 1160 2045 retardatus.
1179 2012 1361 2046 Conclusa
1377 2013 1525 2046 suerunt
1539 2012 1606 2046 hec
1622 2013 1783 2058 predicta
1803 2013 1840 2046 in
1862 2013 1978 2046 tribus
1999 2014 2253 2059 magistrorum

388 2080 567 2113 facultatis
597 2079 782 2124 theologie
813 2079 1163 2124 congregationibus
1194 2079 1306 2113 finitis
1332 2080 1391 2113 die
1418 2080 1591 2114 vicesima
1616 2080 1768 2126 septima
1797 2081 1934 2114 mensis
1965 2080 2148 2123 Octobris,
2170 2081 2254 2114 anni

388 2147 532 2180 Domini
554 2147 737 2179 millesimi
759 2146 1111 2191 quadringentesimi
1129 2147 1399 2192 quadragesimi
1416 2147 1534 2192 primi.

479 2232 548 2255 Bibl.
563 2235 616 2255 nat.
633 2231 726 2260 Puris„
745 2240 794 2255 ms.
811 2232 856 2254 lut.
871 2232 956 2259 10402,
973 2232 1016 2255 sol.
1030 2234 1055 2255 9.
1071 2245 1101 2249 -
1117 2232 1301 2260 D'ARGENTRiz,
1320 2232 1387 2257 Coll.
1402 2233 1476 2262 jud„
1491 2235 1510 2256 t.
1527 2233 1577 2261 11¹,
1592 2241 1619 2264 p.
1632 2234 1687 2256 473.

481 2305 500 2327 l.
517 2304 629 2333 Manli„
646 2303 723 2331 v,'17.
740 2304 857 2335 Sequens
874 2303 1003 2327 sententia
1018 2304 1089 2332 Joh.‚
1106 2311 1160 2333 xlv,
1177 2304 1214 2327 27.

387 2458 530 2494 2549.
559 2466 676 2492 Carolus
705 2467 756 2492 Vll
776 2468 926 2501 confirmat
947 2467 1099 2503 privilegia
1123 2467 1270 2502 magistris
1291 2472 1318 2493 et
1340 2467 1521 2494 baccalareis
1543 2468 1570 2494 in
1594 2468 1739 2503 cltirurgt‘a
1762 2469 1858 2495 Paris.
1880 2478 1928 2495 an.
1951 2470 2018 2496 1381
2042 2479 2060 2495 α
2086 2470 2186 2496 carolo
2208 2472 2249 2505 Vl,

473 2525 520 2541 (ιιι.
539 2517 606 2542 1364
624 2519 650 2541 et
666 2516 735 2542 1370
751 2524 768 2540 a
796 2516 896 2541 δεινοῖο
919 2517 941 2542 V
953 2516 1115 2543 concessa&
1133 2517 1242 2543 Datum
1259 2517 1380 2543 Parisius
1402 2525 1501 2544 mense
1517 2518 1648 2544 Octobris
1667 2526 1746 2544 anno
1766 2519 1850 2544 Dom.
1873 2519 2029 2545 millesimo
2052 2520 2252 2553 quadringen—

474 2565 575 2591 tesimo
590 2565 813 2598 quadragesimo
829 2565 936 2599 primo,
953 2567 981 2592 et
997 2566 1079 2599 regni
1095 2566 1186 2592 nostri
1201 2566 1315 2593 decimo
1331 2574 1419 2593 nono.
1439 2577 1452 2590 «
1466 2567 1573 2593 Notum
1590 2567 1712 2593 facimus
1727 2567 1867 2594 universis
1883 2578 1907 2593 ».

1640 2643 1708 2672 1441,
1726 2643 1820 2673 ocrea,
1835 2645 1949 2670 Parisiis.

477 2715 551 2739 Arc-h.
571 2718 623 2738 nat.
641 2715 736 2743 Paris„
751 2716 768 2738 Y
786 2717 797 2738 ἰ
818 2716 903 2744 (Lim-e
922 2716 998 2739 vicux
1014 2720 1070 2740 vert
1086 2719 1110 2740 2⁰
1130 2717 1165 2740 du
1184 2718 1321 2747 Ctnatelet),
1340 2718 1384 2741 sol.
1402 2718 1469 2741 147b.
1484 2731 1515 2735 —
1530 2718 1653 2742 ordonn.
1667 2719 1713 2742 des
1728 2718 1794 2749 tois,
1810 2719 1878 2749 tht,
1896 2727 1923 2750 p.
1944 2720 1997 2744 337.
2015 2719 2183 2745 Recherches
2197 2722 2251 2744 cri-

385 2761 473 2790 zt'qus
488 2764 512 2783 ee
526 2759 589 2783 hist.
605 2766 657 2783 sur
673 2759 800 2789 l'oriyine
814 2764 840 2784 et
855 2767 907 2784 sur
919 2761 956 2784 les
967 2763 1085 2792 proyres
1100 2763 1132 2785 de
1147 2763 1176 2786 la
1195 2763 1341 2793 chiruryie
1360 2771 1394 2787 en
1410 2764 1527 2788 france.
1545 2763 1613 2790 1744,
1631 2771 1658 2793 p.
1674 2764 1728 2786 1¹58.
1745 2763 1862 2791 Scatuts,
1878 2763 1973 2795 privil.
1991 2768 2016 2788 et
2030 2764 2195 2794 reqlemems
2209 2766 2249 2789 du

387 2805 488 2834 (fallive
502 2805 534 2827 de
551 2803 701 2833 Chiruryie
716 2805 748 2827 de
765 2804 859 2832 Paris,
877 2813 903 2835 p.
921 2806 960 2828 74.

479 2874 502 2898 1.
521 2874 575 2897 ΥἰιΙ.
592 2873 717 2904 epistulas
733 2878 881 2905 praetactas
896 2876 919 2898 iu
938 2877 1076 2903 Chartzcl..
1096 2878 1139 2903 ttl.
1157 2882 1184 2900 11⁰
1200 2878 1269 2908 1296,
1286 2882 1310 2901 et
1326 2882 1378 2902 not.

509 2919 547 2941 78.
