2502 3418
262 324 358 360 1416]
609 338 655 359 ΑΒ
691 339 794 360 Anno
829 338 1116 360 ncccmzxxxlv
1150 338 1280 366 USQUE
1315 339 1362 360 Μ)
1396 340 1533 362 ANNUM
1570 342 1773 366 mccccml.
2055 336 2120 368 323

347 411 494 437 Arnoldus
505 412 541 438 de
556 412 714 442 Lirichant.
730 413 790 438 bac.
1293 413 1468 439 Guillelmus
1482 414 1518 440 de
1531 415 1691 445 Escarvilla.
1709 417 1767 443 bac.

349 460 523 487 Gillehertus
538 461 654 491 Mamet.
670 461 731 487 bac.
1293 462 1435 488 Robertus
1447 463 1483 489 de
1499 464 1629 493 Bervilla,
1647 465 1707 490 bac.

348 509 524 535 Guillelmus
537 510 564 535 le
578 510 731 543 Poigneur.
746 510 807 535 bac.
1293 511 1440 537 Johannes
1453 512 1585 544 Pigache,
1603 513 1663 538 bac.

347 558 508 584 Alexander
522 558 557 584 de
571 559 727 592 Faulzyzlz,
745 559 805 585 bac.
1292 560 1435 586 Robertus
1445 560 1572 590 Aveline,
1587 561 1648 587 bac.
1659 562 1689 587 in
1705 562 1803 589 theol..
1817 563 1903 588 habet
1918 571 1963 589 eas
1976 566 2120 597 suspectas

348 606 495 633 Johannes
510 607 610 636 Hulin.
627 608 687 634 bac.
1216 607 1252 634 de
1267 608 1367 635 heresi.

347 655 416 689 Ego,
429 656 558 682 Nicolaus
573 657 608 683 de
623 657 794 685 Belloramo.
807 658 899 684 habeo
910 666 956 684 eas
967 659 1110 691 suspectas
1125 657 1161 683 de
1292 658 1439 684 Johannes
1451 658 1592 687 Churuel,
1610 659 1671 685 bac.
1689 659 1719 684 in
1735 660 1824 685 theol.

258 704 349 731 heresi
365 705 409 731 vel
423 713 528 731 errore.
1294 707 1339 732 Fr.
1356 706 1498 733 Robertus
1513 707 1549 733 de
1563 707 1754 737 Bellomonte.
1771 708 1821 734 rel.
1839 708 1872 734 O.
1889 708 1915 734 S.
1933 709 1963 734 B.

350 753 419 786 Ego.
429 754 517 780 Guill.
531 754 652 787 Anchi,
665 755 738 784 bac..
750 755 842 782 habeo
853 757 996 789 suspectas
1009 755 1044 781 de
1059 755 1161 781 heresi.
1292 756 1467 782 Guillelmus
1482 756 1653 786 Custurarii,
1671 757 1731 782 bac.
1747 757 1777 782 in
1794 758 1881 783 theol.

346 803 405 836 Ego
420 803 567 829 Johannes
583 804 740 832 Laurentii,
758 804 831 833 bac„
849 804 941 830 haheo
963 806 1107 838 suspectas
1126 804 1161 830 de
1668 804 1710 840 [69
1725 806 1803 832 bace.
1821 806 1924 839 theoL]

258 851 359 878 heresi.

351 940 492 972 Exemplar
502 948 626 964 coaevum
638 941 664 964 in
675 941 753 964 Arch.
765 941 796 964 de
807 942 937 964 Vaucluse
952 942 1093 970 Aveniene,
1110 942 1131 964 H
1142 943 1184 965 64³
1201 943 1239 971 (n0
1251 942 1297 971 17),
1310 942 1385 965 fonds
1403 942 1541 971 Celcstins,
1559 942 1685 965 insertum
1702 943 1876 966 instrumento
1892 943 2025 966 curiarum
2039 944 2120 974 episc.

257 984 341 1008 Paris.
355 988 380 1008 et
395 985 574 1008 archidiaconi
591 985 717 1009 Novemb.
733 986 756 1009 4.
770 986 836 1016 Opp.
850 986 966 1010 Gerson.
978 987 1007 1016 V,
1019 995 1045 1017 p.
1062 987 1107 1009 328
1122 995 1172 1018 sq„
1189 995 1248 1009 cum
1266 986 1416 1009 nominibus
1429 986 1529 1010 vitiatis
1547 990 1572 1010 et
1587 995 1665 1018 saepe
1682 987 1921 1018 inexplicabilibus,
1934 988 1995 1011 licet
2009 997 2021 1011 c
2032 992 2122 1011 nostro

256 1029 399 1060 exemplari
416 1029 540 1061 sumptis.
563 1030 769 1053 Instrumentum
788 1039 837 1061 pro
858 1030 934 1053 nobis
957 1031 1047 1062 magni
1067 1031 1192 1054 momenti
1212 1034 1259 1059 est,
1284 1039 1343 1054 cum
1363 1034 1492 1054 monstret
1513 1034 1576 1062 quot
1599 1033 1651 1054 sere
1670 1032 1815 1055 baccalarei
1838 1032 1916 1055 simul
1939 1033 2074 1056 annuatim
2096 1033 2121 1055 in

258 1074 382 1097 facultate
402 1074 481 1097 theol.
504 1074 608 1097 suerint.
630 1074 774 1098 Omisimus
794 1075 900 1098 numina
922 1075 1086 1098 notariorum
1110 1084 1188 1107 saepe
1204 1075 1399 1098 occurrentium
1415 1076 1439 1098 J.
1460 1076 1599 1106 Cachaloe,
1617 1076 1719 1099 scribae
1739 1077 1937 1107 Universitatis,
1953 1078 1976 1101 J.
1994 1077 2025 1100 de
2039 1077 2120 1107 Atrio,

255 1118 280 1141 J.
296 1118 432 1149 Mancyon.

350 1163 378 1186 ld
393 1163 518 1186 hactenus
534 1163 663 1194 ignotum,
681 1167 846 1187 annotemus.
863 1164 935 1187 Tunc
951 1172 1041 1187 omnes
1058 1164 1183 1195 theologi,
1200 1173 1265 1196 quos
1289 1164 1454 1188 Universitas
1477 1165 1561 1188 Paris.
1579 1167 1639 1194 (non
1655 1174 1707 1193 rex,
1724 1166 1852 1196 episcopi,
1868 1166 1985 1197 capitula
2006 1166 2046 1189 vel
2066 1166 2121 1195 alii)

255 1207 318 1230 olim
339 1207 518 1230 Constantiam
541 1207 657 1237 miserat,
674 1208 772 1231 reversi
788 1212 871 1236 erant,
888 1212 913 1231 et
931 1208 1096 1232 Universitas
1119 1209 1213 1238 Paris„
1230 1212 1257 1232 ut
1276 1209 1302 1231 in
1326 1212 1387 1232 tom.
1404 1210 1425 1231 V
1441 1209 1598 1238 videbimus,
1617 1210 1775 1240 querebatur
1791 1210 1859 1241 apud
1883 1214 1999 1233 caeteros
2020 1211 2120 1241 legatos

256 1252 442 1275 Universitatis
460 1260 471 1274 ((
487 1255 594 1275 cunctos
614 1252 707 1276 abesse
721 1253 868 1284 theologos,
884 1253 953 1284 quod
967 1261 1049 1284 neque
1062 1253 1210 1282 tolerabile,
1226 1262 1272 1276 nec
1287 1254 1427 1276 honestum
1444 1262 1465 1276 ›).
1483 1255 1554 1277 Auno
1568 1255 1686 1285 sequenti
1702 1254 1768 1277 alios
1782 1254 1863 1278 misit.

348 1335 371 1360 1.
387 1336 406 1359 E
419 1336 534 1359 Concilio
551 1337 687 1360 Constant.
698 1337 753 1368 jam
767 1345 810 1361 an.
826 1338 886 1360 1415
902 1346 1034 1361 reversus.
1050 1352 1080 1355 —
1092 1337 1116 1362 2.
1134 1338 1221 1361 Abbas
1240 1338 1271 1361 de
1286 1337 1460 1365 Cormeriuco,
1479 1337 1522 1369 qui
1540 1341 1632 1369 postea
1647 1339 1680 1361 ad
1698 1338 1844 1362 Concilium
1860 1339 1916 1362 ivit.
1935 1353 1960 1356 —
1977 1339 2002 1364 3.
2019 1340 2037 1362 Ε
2051 1340 2120 1363 Con-

254 1380 315 1403 cilio
328 1380 523 1404 Constantiensi
538 1389 669 1405 reversus.
682 1381 874 1414 Vid.Auctar.,
890 1383 920 1410 11,
934 1383 988 1411 211,
1005 1386 1057 1406 not.
1070 1382 1162 1407 1.—k.
1175 1383 1193 1405 E
1209 1382 1326 1406 Concilio
1342 1382 1536 1405 Constantiensi
1553 1382 1753 1407 reversus.—5.
1768 1384 1829 1406 Ms.·.
1846 1391 1856 1406 ι(
1869 1384 1900 1406 de
1916 1384 2043 1407 Moisellio
2057 1393 2077 1408 ι),
2091 1398 2121 1402 -

255 1424 279 1450 6.
289 1424 346 1448 Vid.
357 1433 383 1456 p.
393 1426 430 1453 89,
446 1429 500 1449 not.
512 1426 535 1449 4.
550 1426 642 1449 Postea
655 1426 687 1449 ad
700 1426 846 1449 Concilium
860 1427 996 1450 Constant.
1011 1428 1145 1458 profectus
1157 1430 1205 1450 est.
1215 1426 1275 1451 —7.
1286 1427 1388 1458 Incepit
1397 1427 1466 1456 1408,
1481 1428 1527 1450 fec.
1541 1428 1587 1449 2um
1601 1436 1708 1450 cursum
1723 1428 1789 1457 1409,
1802 1429 1853 1459 leg.
1864 1430 1979 1451 Sentent.
1992 1429 2051 1452 1410
2060 1429 2119 1460 (ms.

254 1469 301 1492 lat.
318 1470 400 1499 56572,
418 1470 461 1493 sol.
479 1470 527 1499 15).
543 1470 641 1494 Liccnt.
656 1470 723 1494 inter
737 1471 797 1493 1413
813 1474 838 1494 et
854 1472 921 1499 1416,
940 1471 1122 1494 verisimiliter
1132 1480 1175 1495 an.
1191 1471 1260 1495 1415.
1275 1472 1302 1494 In
1320 1472 1414 1502 Suppl.
1429 1472 1504 1494 Mart.
1521 1473 1551 1500 V,
1568 1472 1657 1500 n⁰190,
1676 1472 1721 1495 sol.
1738 1472 1848 1497 37.-8.
1859 1473 1932 1495 Seu«
1948 1473 2083 1504 Rouvrcyo
2099 1482 2120 1496 )).

255 1514 312 1537 Vid.
331 1523 358 1545 p.
374 1515 412 1543 89,
430 1518 484 1538 not.
497 1516 521 1538 6.
535 1516 582 1538 An.
597 1515 657 1538 1443
669 1515 754 1538 adhuc
770 1516 838 1539 inter
851 1516 925 1539 vivos
938 1516 1043 1547 (Suppl.
1054 1516 1138 1540 Nicol.
1150 1517 1179 1545 V,
1191 1520 1220 1539 n⁰
1234 1517 1289 1546 422,
1307 1516 1442 1547 s01.106b).
1454 1516 1518 1539 Cum
1535 1520 1604 1539 esset
1619 1517 1733 1539 decanus
1749 1518 1797 1540 fac.
1814 1517 1892 1540 theol.
1909 1519 1978 1548 (post
1994 1526 2035 1541 an.
2051 1518 2120 1547 1439)

254 1566 303 1589 pro
317 1566 380 1589 rege
395 1559 489 1582 Ciu-010
507 1560 552 1582 VII
566 1560 732 1591 Stratagema
748 1561 866 1583 Frontini
879 1561 905 1583 in
919 1561 1038 1592 linguam
1051 1561 1115 1591 gall.
1133 1561 1212 1584 vertit
1224 1561 1358 1591 (DELlsLE,
1375 1561 1439 1585 Cab.
1451 1562 1497 1585 des
1508 1568 1581 1590 mss„
1595 1562 1614 1590 I,
1626 1562 1673 1591 72).
1686 1562 1721 1584 Ad
1739 1561 1825 1592 ipsum
1840 1565 1900 1585 sunt
1913 1563 1927 1584 6
1937 1570 1997 1593 epp.
2011 1562 2121 1586 Gerardi

255 1603 375 1626 Macheti.
392 1616 419 1620 -—·
432 1603 456 1628 9.
473 1603 537 1627 Ord.
554 1604 679 1634 Carmel„
699 1604 787 1628 licent.
808 1604 988 1628 verisimiliter
1003 1613 1045 1628 an.
1063 1605 1132 1628 1415.
1153 1605 1254 1636 Incepit
1272 1606 1340 1632 1408,
1364 1605 1416 1635 leg.
1434 1605 1549 1628 Sentent.
1567 1606 1636 1628 1410.
1652 1619 1681 1623 —
1699 1605 1739 1630 10.
1759 1606 1876 1632 Quatuor
1897 1609 2033 1637 sequentes
2053 1606 2122 1629 inter

254 1655 297 1670 an.
314 1648 373 1670 1413
389 1651 414 1671 et
431 1648 500 1676 1415,
516 1648 698 1671 verisimiliter
713 1649 782 1677 1415,
798 1649 924 1672 licentiati
945 1653 1015 1672 sunt.
1031 1663 1061 1667 ——
1077 1649 1118 1674 11.
1138 1650 1280 1680 Sequentes
1301 1649 1450 1672 baccalarei
1467 1650 1571 1672 formati
1593 1651 1645 1673 sere
1665 1658 1754 1673 omnes
1775 1653 1834 1673 ante
1854 1658 1896 1673 an.
1914 1651 1973 1673 1422
1994 1650 2121 1674 licentiati

255 1695 324 1715 sunt.
342 1705 368 1709 —
387 1691 429 1717 12.
446 1693 546 1723 lncepit
560 1701 603 1717 an.
620 1694 687 1717 14094
703 1707 734 1710 -
750 1693 791 1718 13.
811 1694 934 1721 DELISLE,
951 1694 968 1717 l.
985 1703 1018 1723 c.,
1036 1695 1068 1723 ΙΙ,
1086 1703 1110 1725 p.
1129 1694 1184 1718 217.
1200 1694 1237 1717 Ab
1254 1702 1295 1716 an.
1313 1694 1373 1716 1425
1389 1693 1495 1724 saepius
1515 1694 1674 1717 nominatur.
1689 1708 1719 1712 —-
1737 1694 1775 1718 14.
1796 1695 1893 1718 Liccnt.
1913 1698 1972 1717 ante
1988 1703 2029 1718 an.
2051 1695 2119 1724 1422,

254 1737 299 1760 sed
315 1737 443 1768 magister
456 1738 540 1760 sactus
556 1741 596 1760 est
611 1738 696 1761 solum
717 1746 758 1762 an.
774 1739 843 1766 1425,
860 1738 951 1762 Octob.
969 1740 997 1761 22
1012 1739 1089 1767 (Bibl.
1112 1742 1164 1761 nat.
1181 1738 1275 1765 Paris„
1292 1747 1340 1761 ms.
1357 1738 1404 1761 lat.
1421 1740 1489 1768 5494,
1506 1747 1532 1769 p.
1549 1740 1597 1768 36).
1617 1752 1647 1756 —
1664 1738 1706 1763 15.
1728 1739 1824 1762 Licent.
1848 1747 1889 1762 an.
1910 1740 1969 1762 ’1426
1991 1740 2120 1769 (1427).—

253 1780 292 1805 16.
313 1782 333 1804 1.
350 1789 371 1805 e.
390 1790 401 1804 ((
419 1782 514 1804 Merice
532 1790 553 1811 υ,
581 1791 591 1804 (ι
610 1782 712 1805 Emeric
731 1791 752 1811 υ,
774 1791 819 1805 seu
836 1791 847 1806 ⁴1
862 1783 982 1814 Aymeric
1002 1791 1023 1812 »,
1044 1783 1087 1814 qui
1113 1791 1154 1806 an.
1176 1783 1245 1811 1429,
1264 1782 1360 1811 Martii,
1384 1791 1443 1805 cum
1464 1783 1578 1814 Seguino
1593 1783 1734 1806 carmelita
1755 1783 1867 1814 aliisque
1882 1783 2029 1806 Johunnam
2045 1783 2120 1807 d'Arc

253 1825 367 1849 Pictavis
383 1826 552 1850 examinavit.
566 1840 593 1844 --
610 1826 651 1852 17.
668 1827 727 1850 Fuit
740 1827 815 1858 prior
833 1827 958 1850 Alborum
974 1828 1167 1851 Mantellorum.
1184 1827 1242 1850 Vid.
1257 1827 1290 1850 ad
1303 1836 1345 1851 an.
1366 1828 1424 1850 1421
1442 1830 1467 1850 ct
1485 1828 1552 1850 1422.
1569 1841 1598 1845 ——
1616 1827 1656 1852 18.
1672 1828 1737 1851 Cum
1753 1831 1781 1850 nt
1800 1828 1969 1851 baccalareus
1985 1828 2119 1857 afferatur,

253 1870 360 1893 minime
376 1870 532 1893 Franciscus
548 1871 579 1894 de
594 1871 719 1894 Ecclesiis
735 1875 791 1895 erat
808 1872 870 1901 (vid.
890 1876 919 1895 n⁰
935 1873 1003 1901 1863,
1021 1875 1073 1896 not.
1093 1872 1141 1902 10),
1157 1872 1202 1895 sed
1214 1872 1270 1903 jam
1290 1872 1381 1895 Petrus
1398 1872 1536 1900 Bernardi,
1552 1880 1567 1894 a
1583 1872 1693 1895 Mai-tino
1707 1873 1727 1895 V
1747 1881 1788 1895 an.
1810 1873 1879 1900 1418,
1899 1872 1986 1895 Martii
2003 1873 2039 1900 14,
2057 1881 2119 1895 con—

252 1915 382 1944 firmatus,
406 1923 454 1946 per
475 1919 585 1938 mortem
604 1915 760 1947 [Francisci]
774 1915 860 1946 (Arch.
876 1917 942 1945 vat,
960 1917 1014 1946 ΧΠ,
1032 1917 1084 1945 121,
1102 1925 1129 1947 p.
1144 1918 1193 1946 99).
1213 1916 1349 1940 omittitur
1364 1916 1390 1939 in
1408 1917 1480 1940 Gall.
1497 1917 1603 1946 christ„
1621 1917 1653 1945 ΙΙ,
1671 1917 1740 1940 1349.
1757 1930 1783 1933 -
1804 1916 1844 1942 19.
1862 1917 1896 1940 De
1912 1917 2048 1940 Camarco.
2061 1917 2120 1940 Vid.

253 1967 334 1990 supra
349 1968 376 1991 p.
387 1961 426 1989 95,
440 1963 492 1983 not.
507 1961 545 1984 23.
562 1974 586 1978 ·—-
605 1959 645 1985 20.
662 1960 720 1985 Vid.
738 1961 771 1983 ad
787 1969 829 1984 an.
844 1962 913 1984 1422.
926 1974 957 1979 —
971 1961 1011 1986 21.
1029 1962 1047 1984 Ε
1063 1961 1180 1985 Concilio
1197 1961 1333 1984 Constant.
1350 1969 1482 1984 reversus.

253 2150 397 2187 2073.
427 2159 599 2185 Universitas
615 2159 710 2185 Paris.
726 2163 845 2195 propter
860 2159 999 2194 quosdam
1020 2159 1159 2185 abusores
1175 2159 1315 2193 declarat,
1333 2159 1424 2185 solum
1439 2161 1555 2195 juratos
1570 2161 1806 2195 pergameum-ios
1826 2161 1983 2196 privilegiis
2004 2161 2117 2186 Univer-

340 2209 439 2234 sitotis
454 2208 591 2242 gaudere.

1435 2254 1501 2283 1416,
1518 2254 1647 2286 Septemb.
1668 2255 1702 2283 14,
1719 2255 1832 2280 Parisiis.

342 2342 532 2375 Universis
555 2349 745 2386 presentes
766 2342 905 2375 litteras
926 2342 1148 2386 inspecturis
1166 2348 1284 2374 rector
1300 2348 1335 2374 et
1351 2342 1578 2375 Universitas
1596 2342 1849 2387 magistrorum
1868 2349 1902 2374 et
1923 2342 2114 2375 scolarium

253 2409 414 2441 Parisius
435 2409 671 2449 studentium,
691 2415 848 2441 eternam
872 2409 907 2441 in
931 2409 1084 2441 Domino
1106 2409 1270 2441 salutem.
1295 2408 1447 2441 Suborta
1470 2408 1648 2453 siquidem
1673 2420 1788 2452 nuper
1809 2409 1903 2440 inter
1920 2408 2116 2442 nonnullos

253 2475 390 2508 domini
413 2475 528 2508 nostri
552 2476 649 2520 regis
671 2475 900 2508 consiliarios
928 2475 971 2508 ad
1001 2487 1107 2508 aures
1137 2482 1281 2507 nostras
1303 2475 1470 2507 devoluta
1500 2475 1641 2519 questio
1664 2474 1871 2507 continebat
1901 2475 1998 2519 quod
2027 2487 2117 2508 non-

252 2542 343 2574 nulli
373 2542 594 2574 habitatores
627 2541 735 2586 hujus
763 2542 864 2574 urhis
895 2542 1058 2575 diversas
1086 2548 1308 2574 mercaturas
1337 2549 1369 2574 et
1400 2542 1467 2574 alia
1495 2541 1608 2574 officia
1638 2541 1812 2573 secularia
1844 2541 1987 2585 publice
2016 2554 2117 2574 exer-

252 2616 390 2649 centes,
410 2609 493 2641 licet
512 2609 556 2641 ad
577 2608 732 2641 officium
756 2609 1091 2653 pergameneriatus
1112 2608 1304 2649 inhabiles,
1324 2620 1396 2640 non
1418 2608 1578 2648 litterati,
1597 2619 1635 2640 se
1651 2609 1792 2652 juratos
1810 2614 1955 2640 nostros
1976 2620 2116 2641 assere-

253 2675 350 2715 bant,
373 2675 538 2708 subsidia
559 2676 659 2720 regia
680 2675 907 2720 temporibus
929 2675 1114 2708 modernis
1136 2687 1200 2719 pro
1221 2674 1523 2707 neccessitatibus
1551 2674 1654 2718 regni
1684 2674 1851 2718 imposita
1882 2681 2028 2718 propter
2048 2674 2115 2707 hoc

252 2742 396 2776 solvere
418 2749 641 2782 recusantes,
666 2742 801 2774 nostris
823 2754 895 2774 non
918 2749 1060 2774 utentes
1086 2741 1301 2786 privilegiis,
1325 2741 1389 2773 sed
1417 2741 1536 2785 potius
1560 2740 1763 2780 abutentes,
1786 2741 1822 2772 in
1843 2740 1992 2773 aliorum
2016 2741 2114 2773 habi-

253 2812 400 2842 tantium
430 2816 465 2842 et
493 2810 624 2842 civium
655 2809 764 2853 hujus
795 2808 896 2841 urbis
925 2809 1028 2841 eliam
1061 2809 1346 2853 propinquorum
1374 2808 1575 2840 vicinorum
1606 2819 1714 2851 grave
1744 2808 1982 2852 prejudicium
2009 2815 2115 2852 atque

252 2876 460 2921 dampnum.
483 2878 712 2921 Quapropter
740 2887 806 2908 nos
837 2882 955 2908 reeto¹¹
985 2882 1019 2908 et
1044 2875 1270 2908 Universitas
1301 2875 1337 2906 in
1366 2881 1488 2906 nostra
1516 2874 1679 2919 generali
1707 2875 1992 2919 congregatione
2020 2875 2115 2919 apud
