2502 3418
374 339 439 371 454
950 348 1271 370 CHARTULARIUM
1305 348 1496 370 nruvsns.
1531 348 1662 370 rimis.
2142 337 2242 373 [1426

377 423 532 456 ecclesie
560 429 746 464 consueta,
775 430 921 468 recepto
946 430 1064 456 tamen
1091 423 1192 468 prius
1220 435 1285 467 pei·
1312 434 1377 455 vos
1403 435 1421 455 a
1442 421 1607 467 quolibet
1638 422 1801 467 ipsorum
1829 423 2036 467 juramento
2066 423 2164 468 quod
2199 424 2243 456 de

377 497 498 523 cetero
521 490 603 523 talia
629 502 701 523 non
728 490 952 523 committant
971 490 1029 523 vel
1049 489 1362 523 committentibus
1384 496 1548 534 prestent
1568 489 1776 530 consilium,
1798 489 1970 522 auxilium
1992 489 2050 523 vel
2070 490 2242 531 savorem,

378 557 552 602 injunctis
574 557 627 590 eis
648 569 713 602 pro
736 557 842 590 modo
864 557 970 602 culpe
992 557 1190 602 penitentia
1212 556 1372 597 salutari,
1400 563 1435 588 et
1462 556 1542 589 aliis
1568 567 1637 600 que
1665 556 1814 600 dejure
1842 556 1978 589 suerint
2006 556 2243 602 injungenda.

379 626 458 657 Non
480 624 725 666 obstantibus,
748 630 811 658 etc.
836 626 914 657 Dat.
939 626 1050 657 Rome
1071 624 1165 669 apud
1188 624 1338 656 Sanctos
1354 623 1554 668 Apostolos
1576 629 1703 668 quarto
1726 623 1795 656 kal.
1812 623 1912 664 Julii,
1935 635 2028 656 anno
2050 636 2160 657 nono.

1735 691 1786 722 DE
1813 690 1977 724 Cisims.

472 737 536 767 Reg.
551 737 608 760 Vnt.
623 737 679 760 Lat.
694 737 770 761 Mart.
782 737 811 761 V.
826 740 855 758 n⁰
870 737 923 764 263,
942 736 986 760 sol.
1003 737 1026 759 [ι.

473 820 498 845 1.
516 820 648 844 Ludovico
664 821 695 844 de
711 820 903 851 Luxemburgo.
918 820 976 843 vid.
990 820 1022 842 de
1037 819 1082 842 illo
1097 820 1297 848 Bmumzmnm
1311 820 1393 843 Notes
1405 826 1459 844 sur
1470 819 1508 844 les
1518 820 1604 851 juyes
1653 821 1693 845 du
1705 820 1807 845 Pron-es
1818 821 1852 844 de
1864 821 1973 845 Jearme
1985 821 2079 850 d'Arc,
2092 829 2119 852 p.
2132 821 2177 844 126
2190 829 2248 853 sqq.

378 878 410 882 —
424 865 448 890 2.
467 865 580 888 Johanni
597 865 628 888 de
643 865 740 895 Mailty,
759 865 847 888 licent.
864 865 889 887 in
906 864 1019 895 tegibus,
1035 864 1152 894 praesidi
1174 864 1200 887 in
1223 872 1327 887 camera
1349 867 1535 895 computorum
1557 864 1651 894 Pnris.,
1674 868 1699 888 et
1721 865 1820 888 decano
1836 866 1863 889 S.
1880 865 2004 889 Germani
2026 865 2250 892 Autissiodorezu.

381 909 475 938 Paris.5
492 909 616 940 episcopo
632 909 665 932 ab
679 917 721 932 an.
736 909 805 936 1425,
821 909 885 931 Jutii
902 909 939 935 20,
954 917 968 931 n
984 909 1097 931 Martino
1115 909 1135 930 V
1151 908 1232 932 electo
1249 909 1322 939 (Reg.
1338 909 1394 932 Lat.
1411 909 1487 932 Mart.
1501 909 1530 939 V,
1553 917 1596 933 an.
1613 910 1635 938 8,
1657 909 1703 932 lib.
1721 910 1776 938 108,
1800 909 1844 933 sol.
1866 910 1930 939 105).
1947 910 1975 933 ln
1995 910 2069 934 Gall.
2087 910 2192 942 christ-9
2205 911 2251 939 lx,

381 955 451 979 1021.
467 962 608 986 perperam
624 954 762 979 asseritur.
784 954 930 976 Johannem
946 953 979 976 ab
995 962 1037 976 an.
1055 953 1124 981 142ss,
1142 953 1287 984 Septemh.‚
1304 954 1470 977 solummodo
1486 953 1588 977 litteras
1604 954 1764 985 apostolicas
1786 954 1943 978 obtinuisse.
1966 955 2002 978 De
2021 963 2073 986 quo
2095 955 2148 980 vid.
2163 955 2254 981 BzAu-

382 1006 505 1028 immune,
520 999 538 1023 l.
555 1007 587 1027 c..
606 1007 632 1030 p.
651 999 704 1022 126.
720 999 747 1021 ln
764 998 889 1023 Journal
903 998 972 1022 d'un
985 998 1138 1028 bouryeois,
1153 1007 1179 1029 p.
1197 999 1251 1028 210,
1267 1006 1316 1029 pro
1332 998 1457 1030 episcopo
1473 999 1641 1022 Noviomensi
1657 1007 1797 1031 perperam
1815 1000 1952 1030 delegatus
1970 1000 1996 1023 in
2012 999 2121 1025 crimine
2134 1000 2253 1024 haeresis

381 1046 487 1066 notatur
503 1052 515 1066 «
530 1043 661 1074 l‘evesque
677 1043 708 1066 de
725 1043 860 1074 Beauvnys
882 1051 902 1066 r.
921 1056 947 1060 -
963 1042 988 1067 3.
1010 1043 1056 1065 His
1072 1043 1257 1074 adjungendus
1274 1043 1374 1074 Rudigo
1388 1044 1431 1073 (cs.
1450 1043 1520 1067 infra
1535 1044 1672 1073 Novemb.)
1689 1052 1735 1067 seu
1756 1044 1883 1075 RodiguS,
1900 1047 1929 1067 ut
1943 1052 2014 1075 papa
2031 1044 2058 1069 ia
2072 1044 2123 1069 hac
2140 1044 2254 1076 epistola

381 1096 441 1111 eum
455 1088 582 1111 nominat.

385 1229 529 1265 2274.
554 1238 691 1264 Facultas
708 1238 868 1264 medicinae
888 1238 1037 1274 supplicat
1058 1239 1183 1264 Martino
1207 1240 1230 1265 V
1245 1241 1359 1273 favores
1380 1243 1516 1275 quantum
1537 1239 1578 1264 ad
1596 1239 1752 1273 licentiam,
1777 1243 1914 1274 quantum
1933 1239 1973 1265 acl
1993 1239 2124 1266 doctores
2142 1240 2255 1276 practi-

475 1293 573 1315 cantes
590 1294 617 1315 et
632 1290 752 1316 onzissos
767 1290 795 1315 in
809 1289 918 1323 rotulo‚·
935 1290 1050 1316 tandem
1066 1295 1203 1326 quantum
1219 1290 1261 1316 ad
1275 1290 1371 1316 morbo
1387 1291 1555 1325 contagioso
1572 1291 1703 1325 infectos.

1669 1381 1745 1410 1⁴20,
1761 1381 1823 1406 «lulli
1838 1381 1856 1410 1,
1871 1381 1973 1407 Romae.

477 1466 688 1512 Supplicant
714 1468 747 1500 S.
776 1469 818 1501 V.
847 1467 1005 1501 humiles
1033 1475 1069 1501 et
1099 1469 1221 1502 devoti
1251 1475 1416 1502 oratores
1446 1469 1558 1502 vestri
1581 1469 1744 1502 decanus
1776 1475 1811 1501 et
1837 1468 1987 1502 facultas
2017 1469 2197 1502 medicine
2222 1469 2259 1502 in

390 1533 510 1566 studio
529 1534 740 1575 Parisiensi,
765 1542 944 1579 quatenus
965 1536 1162 1580 petitiones
1183 1536 1432 1581 insi-ascriptas
1453 1535 1656 1582 dignemini
1677 1536 1966 1569 misericorditer
1986 1536 2169 1570 exaudire.

482 1602 523 1633 Et
551 1602 708 1645 primo...
736 1602 948 1635 auctoritate
979 1602 1178 1648 apostolica
1206 1610 1365 1637 statuere
1390 1610 1428 1637 et
1457 1603 1626 1636 ordinare
1654 1615 1694 1636 ac
1722 1603 1840 1636 eidem
1871 1603 2029 1636 facultati
2058 1604 2260 1637 concedere

392 1667 606 1712 dignemini,
634 1669 731 1713 quod
758 1668 894 1710 nullus,
923 1669 993 1702 nisi
1019 1669 1226 1703 licentiatus
1250 1670 1309 1705 vel
1334 1670 1510 1715 magister
1535 1670 1571 1702 in
1597 1669 1736 1703 artibus
1762 1670 1904 1712 existat,
1926 1670 1970 1703 ad
1995 1670 2176 1703 licentiam
2205 1670 2263 1704 vel

391 1735 638 1779 magisterium
662 1736 698 1768 in
720 1736 844 1768 eadem
866 1736 1034 1770 facultate
1056 1737 1238 1771 medicine
1260 1738 1350 1770 inibi
1372 1738 1570 1783 recipiatur
1588 1737 1647 1771 vel
1668 1738 1887 1770 admittatur.
1908 1758 1954 1762 —
1975 1738 2061 1771 Fiat.
2085 1737 2127 1771 O.

480 1803 567 1834 Item
590 1803 706 1836 eidem
729 1803 888 1837 facultati
910 1804 1090 1838 medicine
1111 1805 1322 1838 auctoritate
1344 1805 1505 1850 predicta
1526 1805 1729 1838 concedere
1751 1805 1966 1850 dignemini,
1986 1811 2024 1838 ut
2044 1805 2264 1850 quicumque

394 1869 520 1902 morbo
546 1871 758 1915 contagioso
790 1871 913 1904 infecti
943 1871 1000 1904 vel
1029 1873 1205 1917 suspecti,
1240 1872 1411 1917 quotiens
1445 1873 1489 1905 ad
1520 1872 1587 1905 hoc
1623 1884 1688 1917 per
1721 1872 1872 1905 eandem
1908 1872 2113 1905 facultatem
2147 1873 2265 1906 vocati

393 1936 539 1977 fuerint,
571 1943 762 1970 teneantur
789 1945 823 1970 et
851 1938 1008 1971 debeant
1035 1951 1146 1984 super
1173 1939 1241 1972 hoc
1269 1940 1386 1985 ipsius
1415 1940 1594 1972 facultatis
1623 1951 1772 1972 examen
1799 1946 1833 1972 et
1853 1939 2031 1983 judicium
2063 1939 2200 1973 subire.
2221 1960 2266 1964 —

395 2003 483 2036 Fiat.
507 2004 549 2037 O.

484 2072 570 2103 Item
598 2071 749 2105 cuilibet
776 2073 950 2118 magistro
979 2073 1016 2105 in
1047 2073 1226 2106 medicina
1257 2074 1469 2115 Parisiens.,
1496 2074 1594 2119 quod
1622 2074 1701 2119 ipse
1728 2086 1806 2106 cum
1835 2073 2088 2118 egrotantibus
2113 2086 2263 2119 quarum

396 2149 515 2170 curam
538 2139 757 2183 susceperit,
780 2151 891 2185 super
912 2139 1004 2173 cibis
1026 2141 1145 2174 vetitis
1167 2141 1203 2173 in
1225 2153 1309 2174 casu
1328 2141 1558 2174 necessitatis
1579 2141 1793 2186 dispensare
1814 2140 1942 2182 valeat,
1961 2141 2163 2186 dIgnemini
2184 2153 2266 2175 con-

396 2204 528 2237 cedere
549 2206 722 2251 gratiose.
744 2226 788 2231 -—
809 2207 885 2240 Fiat
906 2207 1010 2240 etiam
1034 2220 1113 2240 cum
1137 2208 1291 2241 consilio
1313 2208 1550 2241 confessoris.
1574 2208 1635 2241 Ο.1
1644 2234 1709 2241 .....

488 2273 576 2305 Item
612 2273 791 2319 supplicat
821 2274 945 2308 eadem
978 2275 1157 2308 medicine
1187 2275 1337 2309 facultas
1372 2282 1550 2321 quatenus
1581 2275 1698 2308 eidem
1728 2274 1883 2309 Johanni
1918 2276 2169 2321 Lengrenoys,
2205 2275 2266 2321 qui

400 2338 591 2385 presbyter
613 2347 680 2382 est,
698 2341 735 2374 in
753 2341 877 2375 eadem
895 2341 1063 2375 facultate
1080 2342 1261 2376 medicine
1278 2343 1438 2376 Parisius
1456 2342 1574 2388 quoad
1590 2343 1721 2377 vixerit
1737 2354 1866 2389 regere
1884 2349 1920 2376 et
1935 2349 2035 2376 actus
2053 2342 2267 2378 scolasticos

402 2417 571 2440 exercere
603 2408 721 2453 possit
747 2409 950 2443 concedere
972 2409 1187 2454 dignemini,
1211 2422 1283 2444 non
1305 2410 1535 2444 obstantibus
1560 2409 1946 2444 constitutionibus...
1972 2430 2017 2436 —
2042 2410 2127 2444 Fiat.
2156 2410 2198 2445 Ο.
2225 2430 2269 2437 -

401 2474 529 2508 Datum
552 2476 663 2509 Rome
684 2476 778 2522 apud
801 2477 951 2511 Sanctos
972 2477 1171 2524 Apostolos
1193 2477 1262 2512 kal.
1285 2477 1385 2521 Julii‚
1409 2490 1503 2512 anno
1525 2490 1634 2512 nono.

495 2573 557 2604 neg.
575 2574 669 2606 Suppl.
686 2575 791 2599 Martini
805 2576 834 2606 V,
850 2580 880 2600 n⁰
895 2576 949 2606 195,
965 2576 1010 2601 sol.
1025 2576 1094 2601 11012.

494 2657 518 2683 1.
538 2659 661 2690 Sequitur
677 2661 836 2692 supplicatio
851 2670 899 2693 pro
914 2661 1012 2686 Jacobo
1038 2663 1196 2695 Saquespe'e,
1221 2663 1362 2688 Guillelmo
1384 2663 1459 2688 Levis
1482 2667 1507 2688 et
1527 2664 1646 2688 Johanne
1668 2663 1847 2697 Lengrenoys,
1871 2663 2007 2696 magistris
2032 2664 2057 2688 in
2080 2661 2219 2694 medicina,
2242 2662 2269 2688 in

403 2702 494 2726 ultimo
511 2704 596 2727 rotulo
612 2704 638 2728 iv
651 2705 702 2729 kal.
720 2706 814 2737 April..
831 2707 978 2738 pontificat.
995 2716 1027 2731 un
1044 2709 1078 2738 7⁰,
1094 2708 1195 2732 incuria
1211 2709 1350 2741 scriptoris
1366 2709 1484 2734 omissis.
