2502 3418
147 2407 158 2420 Ο

232 362 329 399 1418]
575 375 622 396 ΑΒ
656 375 760 397 Anno
794 374 1081 396 MCCCLxxxxw
1115 374 1246 403 USQUE
1280 375 1327 396 AD
1361 375 1499 396 ANNUM
1534 375 1742 397 MCCCCLH.
2028 367 2093 399 349

230 455 349 482 vestra
372 448 546 482 Sanctitas
569 460 795 488 succurrere,
819 454 854 480 et
874 459 1027 492 presens
1049 448 1177 492 possit,
1201 448 1334 481 absens
1355 460 1440 481 vero
1463 448 1623 489 minime,
1650 456 1684 481 et
1703 449 1780 481 loca
1803 450 1873 482 sint
1895 449 1951 482 hic
1973 457 2092 483 vestre

230 515 329 548 curie
350 526 510 560 congrua
531 521 566 547 et
586 514 815 548 accommoda
836 526 874 547 ac
897 515 959 547 toti
981 515 1082 558 genti
1103 514 1299 547 christiane
1321 526 1546 559 peraccessa,
1570 527 1636 547 nec
1658 515 1729 547 ulla
1750 516 1863 559 major
1882 523 1985 548 vocet
2012 528 2094 549 nec-

231 582 398 622 cessitas,
429 582 558 615 devote
586 581 851 627 supplicamus,
883 588 919 614 ut
950 581 1085 625 aliquot
1116 582 1220 614 annis
1251 582 1338 614 citra
1368 588 1510 614 montes
1542 582 1673 614 morari
1704 582 1875 625 dignetur
1905 582 2093 615 clementia

229 655 361 682 vestra.

313 715 453 748 Deinde
475 715 558 748 huic
580 714 725 760 publice
747 715 891 748 utilitati
914 715 1086 760 dignetur
1111 715 1259 756 addere,
1286 715 1383 760 quod
1404 721 1564 747 nostram
1588 715 1702 760 tangit
1722 715 1916 759 specialius
1943 716 2095 748 Univer-

230 782 383 823 sitatem,
411 789 450 815 ut
469 782 526 815 vel
554 781 710 826 capitulo
732 781 928 814 Parisiensi
954 788 1014 814 aut
1040 781 1146 814 alicui
1168 793 1325 826 persone
1347 782 1509 826 ejusdem
1533 782 1631 814 vices
1653 783 1850 814 committat
1875 782 2093 823 cancellarii,

230 849 410 882 licentiam
432 848 643 881 conserendi
671 848 708 880 in
729 848 826 881 omni
854 848 1053 880 facultate².
1084 849 1125 880 ln
1152 847 1222 889 his,
1240 847 1449 881 beatissime
1472 855 1583 893 pater,
1613 850 1702 888 Deo,
1729 848 1884 881 ecclesie
1916 855 2038 881 sancte
2060 855 2093 881 et

229 915 312 948 huic
334 927 449 960 regno
471 914 775 948 christianissimo
797 914 875 947 sedi
896 914 1095 959 apostolice
1110 915 1358 947 ⁴devotissimo
1380 922 1499 948 vestra
1523 915 1699 948 Sanctitas
1722 914 1937 960 obsequium
1964 915 2095 960 presti-

231 982 313 1014 terit
333 981 531 1026 singulare.
561 981 719 1014 Eandem
744 981 973 1014 Sanctitatem
999 987 1154 1014 vestram
1177 993 1395 1014 conservare
1421 982 1593 1026 dignetur
1615 981 1826 1014 Altissimus
1848 981 1891 1014 ad
1913 993 1977 1014 sue
1999 982 2094 1026 regi—

231 1060 312 1081 men
333 1048 543 1081 ecclesie....
566 1049 719 1089 [Datum]
741 1048 777 1080 in
799 1054 922 1080 nostra
944 1048 1228 1092 congregatione
1250 1048 1413 1093 generali
1435 1060 1547 1093 super
1567 1048 1634 1081 hoc
1657 1048 1763 1093 [apud
1785 1049 1952 1081 Sanctum
1980 1050 2095 1081 Matu-

230 1115 361 1156 ri]num
385 1115 591 1160 specialiter
613 1114 791 1147 celebrata
813 1114 871 1147 (lie
950 1115 1088 1147 mensis
1108 1114 1277 1159 Augusti.

322 1213 435 1236 Minuta
453 1213 568 1236 chartac.
584 1213 755 1243 pessumdato
770 1212 796 1235 in
810 1212 887 1235 Arch.
907 1215 959 1235 nat.
982 1212 1075 1241 Paris„
1092 1213 1114 1235 M
1131 1214 1181 1241 652,
1199 1217 1228 1235 n⁰
1241 1215 1279 1236 50.
1298 1227 1323 1229 —
1338 1213 1407 1236 Haec
1423 1212 1537 1244 epistola
1558 1213 1658 1244 scripta
1677 1217 1724 1241 est,
1749 1213 1811 1236 dum
1831 1213 1958 1236 Martinus
1975 1213 2094 1237 Genevae

228 1257 391 1286 morabatur,
409 1265 488 1288 quam
502 1257 593 1280 urbem
608 1265 650 1280 an.
667 1257 737 1285 1418,
753 1257 813 1280 Jun.
831 1257 869 1286 11,
885 1257 994 1280 intravit
1007 1257 1094 1287 (Arch.
1111 1257 1179 1285 Vnt„
1195 1258 1249 1286 XII,
1264 1258 1318 1288 121,
1334 1266 1359 1288 p.
1380 1258 1441 1287 104),
1459 1258 1540 1280 donec
1557 1258 1690 1289 Septemb.
1707 1259 1720 1280 4
1736 1258 1761 1280 in
1778 1258 1881 1281 ltaliam
1902 1259 2034 1288 profectus
2055 1261 2094 1280 est

228 1301 291 1331 (vid.
309 1302 521 1325 MILTENBERGER
536 1302 562 1324 in
581 1301 674 1326 Mitth.
690 1303 736 1326 des
750 1301 883 1326 Instituts
894 1303 914 1331 f.
925 1301 1024 1326 ὅειενν.
1043 1302 1148 1330 Gesch.‚
1166 1302 1217 1330 xv,
1233 1311 1259 1333 p.
1275 1303 1341 1331 662).
1358 1303 1393 1325 Ut
1408 1302 1535 1325 Martinus
1550 1303 1570 1325 V
1585 1302 1610 1325 in
1626 1303 1764 1325 Franciam
1780 1306 1805 1326 et
1817 1303 1922 1334 quidem
1935 1302 2092 1326 Avenionem

228 1349 412 1373 reverteretur,
427 1346 507 1369 etiam
520 1346 566 1369 alii
581 1346 709 1377 optabant
721 1346 784 1375 (vid.
801 1350 830 1368 n⁰
845 1346 924 1377 2128).

322 1430 347 1455 1.
361 1430 498 1461 Scriptura
514 1429 626 1453 evanida
641 1433 666 1453 et
681 1438 791 1461 sequens
808 1429 886 1453 etiam
903 1430 1030 1453 sententia
1046 1430 1089 1453 vix
1104 1430 1211 1453 enodari
1222 1434 1318 1462 potest.
1330 1445 1360 1448 —
1371 1430 1395 1455 2.
1407 1431 1519 1462 Propter
1534 1431 1681 1454 absentiam
1701 1431 1828 1453 Johannis
1847 1431 1971 1455 Gersonis
1984 1431 2093 1462 ejusque

228 1474 366 1498 substituti
381 1474 493 1498 Gerardi
511 1474 623 1498 Macheti
639 1474 853 1506 quotiescumque
868 1474 975 1498 licentia
990 1475 1076 1497 danda
1091 1478 1157 1505 erat,
1175 1475 1368 1506 providendum
1383 1479 1441 1498 erat
1460 1479 1488 1498 ut
1508 1475 1615 1506 quidam
1631 1475 1764 1498 licentium
1780 1477 1919 1499 conferret.
1936 1476 1975 1499 Cf.
1990 1480 2018 1498 n⁰
2033 1476 2094 1498 2106

228 1522 253 1543 et
266 1527 344 1550 uaepe
358 1519 438 1542 intra.

229 1659 373 1697 2109.
400 1669 518 1694 Carolus
540 1670 577 1695 VI
587 1677 630 1703 ea,
646 1677 720 1704 quae
736 1677 830 1694 mense
846 1669 952 1694 Martio
968 1668 1013 1703 (n0
1028 1669 1106 1704 2101)
1123 1669 1157 1694 de
1173 1669 1327 1694 collatione
1344 1669 1544 1704 beneficiorum
1559 1673 1713 1703 statuerat,
1727 1669 1846 1695 consilio
1863 1670 1944 1695 ducis
1962 1671 2093 1704 Burgun-

316 1718 384 1744 diae
403 1717 583 1753 aliorumque
606 1722 633 1743 et
654 1718 852 1743 Universitatis
868 1718 963 1743 Paris.
990 1718 1133 1744 annullat.
1156 1719 1188 1743 In
1212 1718 1264 1744 illa
1286 1722 1463 1754 tempestate,
1486 1723 1515 1744 ut
1535 1723 1645 1753 narrat,
1667 1719 1755 1754 plura
1775 1720 1884 1755 scripta
1903 1728 1921 1744 a
1945 1719 2093 1745 Bernardo

315 1767 503 1801 Armagniaci
519 1767 620 1793 comite
633 1771 660 1793 et
678 1768 739 1802 ejus
753 1766 947 1802 complicibus,
966 1767 1151 1793 abutentibus
1170 1767 1246 1801 regis
1262 1767 1422 1799 clementia,
1443 1771 1557 1793 extorta
1574 1770 1700 1801 fuerunt.
1722 1769 1758 1793 Et
1772 1768 1847 1793 sicut
1862 1768 1898 1793 ab
1915 1768 1983 1794 urbe
1995 1769 2090 1794 Paris.

315 1816 443 1850 egregios
458 1816 530 1841 viros
543 1815 720 1852 parlamenti
740 1819 767 1841 et
787 1816 985 1841 Universitatis
1000 1815 1179 1852 expulerunt,
1199 1816 1240 1841 ita
1256 1816 1343 1842 etiam
1359 1816 1552 1842 obedientiam
1569 1817 1695 1842 Martino
1715 1816 1858 1851 Vdifferri
1871 1819 2010 1851 fecerunt.
2028 1819 2092 1843 Cum

317 1865 453 1891 vidissent
476 1874 526 1890 nec
552 1864 706 1890 Concilium
725 1865 859 1899 generale
882 1874 931 1890 nec
953 1874 1091 1890 summum
1109 1865 1274 1900 pontificem
1293 1866 1519 1901 propositionem
1545 1874 1619 1900 mag.
1645 1866 1784 1891 ,lobannis
1807 1866 1892 1891 Parvi
1914 1854 2092 1901 (quondam

316 1914 440 1940 moribus
457 1917 483 1940 et
497 1914 621 1939 scientia
636 1914 826 1940 commendati
842 1923 856 1939 »
873 1913 1037 1948 damnasse,
1057 1914 1152 1939 animo
1174 1914 1339 1948 ulciscendi,
1361 1923 1375 1940 α
1397 1915 1586 1940 Universitate
1606 1914 1698 1940 studii
1718 1915 1814 1941 Paris.
1831 1919 1896 1940 tunc
1912 1916 2050 1941 renitente
2066 1924 2090 1948 »7

316 1963 512 1989 ordinationes
533 1966 559 1988 et
581 1962 695 1988 litteras
715 1963 790 1997 regis
810 1963 845 1988 de
866 1962 1020 1988 collatione
1041 1963 1241 1997 beneficiorum
1262 1963 1443 1999 pecuniaque
1467 1967 1550 1989 extra
1571 1972 1686 1998 regnum
1707 1972 1762 1989 non
1784 1963 1943 1997 deferenda
1960 1964 2093 1999 publica-

316 2016 420 2038 verunt.
442 2012 549 2038 Actum
565 2014 593 2038 et
607 2012 711 2038 datum
727 2012 849 2038 Parisius
867 2020 946 2038 anno
968 2012 1053 2038 Dom.
1071 2013 1173 2038 milles.
1192 2013 1482 2046 quadringentesimo
1501 2013 1615 2039 decimo
1636 2015 1745 2043 octavo,
1762 2013 1869 2039 mensis
1885 2014 2029 2046 Septemb.
2047 2014 2093 2040 die

316 2069 404 2091 nono,
428 2061 510 2094 regni
532 2069 598 2087 vero
621 2061 711 2086 nostri
731 2061 859 2094 xxxviijo,
883 2061 936 2086 sub
958 2061 1050 2094 sigillo
1074 2063 1172 2087 nostro
1194 2062 1225 2086 in
1247 2061 1375 2087 absentia
1396 2062 1496 2094 magni
1518 2062 1662 2087 ordinato.
1680 2077 1715 2081 —-
1735 2062 1818 2088 Lecta
1839 2064 1867 2088 ct
1891 2062 2035 2095 publicata
2061 2063 2092 2088 in

314 2111 393 2136 curia
410 2110 585 2143 parlamenti
600 2110 705 2135 ultima
720 2110 766 2136 die
780 2110 873 2135 Martii
889 2118 935 2135 an.
954 2110 1039 2136 Dom.
1057 2110 1159 2136 milles.
1177 2110 1266 2136 CCCC
1280 2111 1364 2136 xvm
1380 2110 1480 2145 (1419),
1497 2112 1525 2137 et
1540 2111 1570 2136 in
1586 2111 1687 2137 eadem
1703 2111 1780 2137 curia
1797 2112 1954 2144 registrata.
1974 2121 1987 2135 α
2002 2112 2092 2137 Gessit

315 2159 420 2186 animis
436 2170 460 2185 ».

1419 2196 1490 2225 7478,
1506 2195 1634 2227 Septemb.
1652 2197 1674 2224 9.
1692 2196 1806 2221 Parisiis.

318 2283 395 2308 Arch.
412 2286 465 2306 nat.
489 2283 582 2311 Paris„
602 2283 647 2306 ΧΗ
662 2284 731 2311 8603,
754 2283 799 2306 sol.
814 2284 854 2306 48.
878 2284 1002 2307 ordonn.
1023 2284 1069 2307 des
1084 2283 1150 2311 rots,
1167 2283 1194 2310 X,
1212 2291 1238 2314 p.
1257 2283 1311 2306 471.
1328 2296 1354 2301 -
1371 2283 1443 2306 Hanc
1459 2283 1599 2314 epistolam
1618 2283 1736 2314 episcopi
1755 2283 1864 2314 Lingon.
1881 2286 1906 2306 et
1924 2283 2056 2314 Bujocens.
2075 2292 2089 2306 a

225 2327 383 2351 cancellario
398 2327 523 2350 Franciae
536 2331 701 2358 receperunt,
714 2328 936 2359 praesentandum
951 2336 1037 2358 papae
1053 2335 1082 2350 ea
1098 2327 1255 2356 conditione,
1270 2331 1299 2350 ut
1314 2327 1471 2350 Avenionem
1487 2327 1584 2351 rediret
1600 2327 1662 2357 (vid.
1680 2332 1729 2350 num
1740 2328 1819 2357 2128).
1836 2329 1883 2350 An.
1898 2328 1967 2357 1419,
1980 2327 2039 2350 Maii
2052 2328 2089 2357 16,

225 2372 334 2396 Carolus
349 2371 502 2400 declaravit,
518 2372 565 2394 has
579 2372 681 2395 litteras
697 2371 817 2395 effectum
831 2372 919 2395 sortiri
936 2380 950 2394 a
966 2371 1007 2394 die
1021 2371 1209 2402 publicationis
1226 2372 1251 2394 in
1264 2371 1438 2403 pai-lumento,
1455 2372 1513 2395 scil.
1530 2372 1557 2394 31
1575 2372 1660 2394 Martii
1674 2372 1731 2401 (XM²
1745 2372 1815 2401 8603,
1833 2372 1877 2395 fol.
1893 2371 1954 2400 54¹²).

226 2556 370 2595 2110.
394 2566 550 2591 Ludovicus
575 2569 669 2591 custos
692 2565 883 2600 Lugdunens„
908 2565 1099 2591 locumtenens
1118 2554 1277 2591 'camerarii
1296 2565 1506 2601 archiepiscopi
1530 2565 1718 2599 Narbonem„
1745 2566 1867 2599 nuntiat,
1891 2566 2045 2591 Martinam
2072 2567 2095 2592 V

314 2617 397 2641 Petro
413 2615 448 2641 de
461 2615 624 2649 Lacou[x],
635 2615 729 2650 priori
740 2615 889 2650 prioratus
907 2614 1071 2649 Savignitzci
1084 2623 1174 2650 prope
1191 2614 1473 2649 Montembrusonem,
1490 2614 1614 2640 Parisiis
1631 2615 1658 2639 in
1673 2614 1777 2641 decret.
1791 2614 1947 2649 licentiato,
1962 2614 2088 2649 insignia

313 2664 479 2690 doctoratus
495 2673 509 2689 4(
522 2673 576 2699 per
596 2663 778 2689 traditionem
794 2664 851 2689 sive
871 2664 1079 2699 impositionem
1103 2663 1202 2688 birreti
1224 2672 1284 2688 cum
1297 2664 1371 2697 floco
1388 2663 1471 2688 viridi
1486 2663 1546 2698 ejus
1565 2663 1655 2699 capiti
1677 2665 1787 2697 factam
1810 2673 1824 2689 )›
1846 2664 2008 2698 contulisse,
2027 2673 2088 2689 cum

314 2713 363 2739 ille
378 2713 502 2738 Parisiis
516 2713 592 2738 intra
609 2713 756 2738 terminum
770 2714 935 2748 praefixum
948 2721 962 2737 «
975 2721 1143 2746 guerrarum
1159 2711 1321 2737 turbinibus
1338 2711 1519 2737 obstantibus
1533 2712 1686 2746 »insignia
1702 2712 1865 2747 hujusmodi
1880 2713 2005 2748 recipere
2020 2712 2089 2738 Ιιαε-

315 2766 395 2787 tenus
408 2771 463 2787 non
472 2762 607 2797 potuerit.
622 2762 686 2787 Dat.
702 2762 837 2787 Anissiaci
854 2762 1037 2787 Gebennens.
1053 2761 1126 2787 dioc.
1140 2761 1186 2786 die
1202 2768 1279 2786 nona
1293 2769 1385 2786 mens.
1402 2761 1547 2794 Septemb.
1561 2761 1614 2786 sub
1627 2769 1705 2787 anno
1718 2762 1836 2787 Domini
1853 2762 1878 2787 M
1890 2762 1979 2788 CCCC
1991 2762 2087 2791 XVIII,

314 2811 471 2838 indictione
486 2812 560 2844 xjfflss,
575 2811 772 2844 pontificatus,
789 2812 854 2840 etc.⁷
871 2818 949 2836 anno
964 2811 1070 2844 primo.
1088 2820 1101 2833 κ
1118 2810 1175 2835 Viri
1191 2810 1286 2835 studio
1304 2820 1327 2835 η.

1398 2885 1469 2915 1418,
1487 2885 1614 2917 Septemb.
1634 2887 1657 2915 9,
1673 2886 1804 2912 Anissiaci.

319 2921 395 2946 Arch,
410 2922 466 2946 Vnt.
485 2921 585 2944 nivers.
602 2921 725 2944 camerul.
742 2921 817 2943 Murt-
834 2921 863 2949 V,
880 2925 908 2943 n⁰
923 2921 945 2950 4,
964 2921 1008 2944 sol.
1023 2921 1077 2943 206.
