2502 3418
365 286 436 319 752

950 295 1268 319 CHARTULARIUM
1303 297 1494 320 UNIVERS.
1531 298 1660 321 PARIS.

374 366 2239 384 ——ss

366 415 426 438 1909

366 473 427 496 1910

368 576 426 599 1911

368 634 429 657 1912

369 737 430 760 1913

370 839 430 863 19111

371 987 431 1010 1915

371 1089 432 1112 1916

373 1237 432 1260 1917

375 1473 435 1497 1918

383 2421 443 2443 1927

385 2527 444 2550 1928

386 2590 446 2612 1929

388 2740 447 2762 1930

503 414 567 439 1411

475 1870 620 1897 1408-1411

515 1928 580 1954 1411

430 2209 438 2213 ’
478 2205 618 2231 1610-1411

518 2268 583 2294 1411

648 433 855 439 .........
888 416 1052 440 Universitas
1066 416 1167 448 gratias
1183 417 1239 448 ugit
1251 417 1365 441 Johanni
1378 419 1458 442 XXIII
1474 427 1523 450 pro
1536 418 1686 449 signatione
1701 419 1791 442 rotuli.
1810 436 1816 442 .
1836 436 1842 442 .
1862 436 1868 442 .
1888 436 1894 442 .
1914 436 1920 442 .
1940 436 1947 442 .
1964 436 1970 442 .
1990 436 1996 442 .
2017 436 2023 442 .
2042 436 2048 443 .
2069 436 2075 443 .
2095 436 2101 443 .
2121 436 2127 443 .
2147 436 2153 442 .

669 473 790 497 Januarii
805 474 835 496 10

712 591 742 594 -
774 577 813 606 11,
829 577 858 599 15

714 649 741 652 -
807 635 833 658 31

690 737 817 761 Jununrio

688 839 774 863 Martii
791 840 819 862 16

707 1089 800 1113 Martio

676 1238 739 1261 Post
751 1236 835 1268 April.

705 1473 766 1497 Maii
783 1474 810 1496 11

730 1680 751 1684 —
785 1666 811 1689 11

724 1783 750 1787 -
785 1769 814 1792 18

710 1872 782 1896 Junii
799 1873 813 1894 6

680 1931 742 1955 Post
756 1931 817 1954 Jun.
834 1930 847 1952 8

702 1993 774 2017 Junii
792 1993 821 2015 20

716 2100 779 2124 Julii
797 2101 811 2123 8

736 2222 765 2225 —-
784 2208 813 2230 10

679 2271 741 2294 Post
753 2271 806 2294 Jul.
823 2270 852 2293 10

735 2437 762 2439 —
823 2422 852 2444 10

712 2529 775 2553 Julii
792 2530 820 2552 14

687 2592 799 2623 Augusti
814 2593 844 2615 26

672 2743 834 2774 Septembris
851 2745 863 2767 7

887 475 1020 498 Johannes
1034 475 1115 498 XXIII
1131 475 1246 499 Thomae
1261 476 1286 499 le
1296 476 1390 508 Mauge
1404 477 1535 508 permittit
1549 480 1577 500 ut
1592 477 1618 500 in
1633 478 1684 501 Iac.
1700 477 1844 500 medicinae
1859 477 1946 509 quoad
1961 476 2056 500 vixerit
2067 477 2155 509 legere

919 523 944 543 et
958 528 1050 551 regere
1064 520 1151 543 valeat
1161 537 2153 546 .......................................

888 578 1055 602 Universitas
1067 578 1152 601 Eliam
1168 578 1250 609 episc.
1265 578 1431 602 Aniciensem
1445 587 1531 611 papae
1546 580 1712 604 commendat
1715 596 2154 604 ..................

890 637 1006 660 Perretta
1021 637 1145 666 Petonne,
1162 645 1228 668 quae
1244 637 1408 668 chirurgiam
1423 637 1570 668 exercebat,
1586 646 1736 670 quanquam
1751 646 1766 661 a
1781 637 1890 661 medicis
1905 637 2092 669 chirargisque
2105 645 2156 661 non

920 681 1078 713 approbata,
1093 682 1126 704 ad
1140 681 1293 704 instantiam
1308 682 1498 713 magistrorum
1512 682 1699 714 chirurgorum
1715 682 1800 706 Paris.
1815 685 1925 706 vexatur
1929 699 2155 707 ..........

889 739 1056 763 Universitas
1076 747 1172 770 parum
1194 742 1317 763 contenta
1334 740 1366 762 de
1386 740 1448 763 data
1465 748 1545 772 quam
1568 740 1628 764 Joh.
1651 741 1732 764 XXIII
1752 741 1839 764 rotulo
1859 740 1948 770 affixit,
1968 743 1994 764 et
2015 740 2084 772 quod
2104 748 2155 763 non

920 783 1051 815 acceperit
1064 784 1276 815 praerogativas,
1294 784 1387 807 scribit
1400 792 1496 815 papae.
1512 785 1548 808 De
1563 788 1647 808 morte
1660 785 1804 809 cardinalis
1818 785 1850 809 de
1862 786 1965 817 Tureyo
1969 802 2154 809 ........

889 842 1013 865 Nicolaus
1036 842 1162 870 Amanus,
1178 845 1271 869 rector,
1294 842 1402 865 mandat
1421 842 1588 866 thesaurario
1608 846 1633 866 et
1652 843 1785 874 campsori
1807 843 1878 874 regis
1901 842 2027 867 Franciae
2046 845 2075 866 ut
2093 842 2157 866 reli-

920 886 1009 918 giosos
1024 887 1130 918 collegii
1149 887 1174 910 S.
1191 887 1303 910 Victoris
1320 887 1371 910 frui
1388 887 1486 910 saciant
1501 887 1645 919 arreragiis
1662 887 1713 911 sibi
1731 887 1826 911 debitis
1842 896 1890 919 per
1904 887 2006 911 litteras
2022 887 2109 911 Caroli
2124 888 2155 911 Vl

921 931 971 954 sibi
987 931 1121 955 concessis
1136 948 2156 957 ........................................

890 989 1055 1013 Universitas
1073 989 1207 1021 deputatis
1226 989 1281 1013 suis
1297 989 1323 1013 in
1343 990 1417 1013 curia
1434 990 1550 1013 Romana
1566 990 1660 1014 scribit
1678 993 1706 1014 ut
1725 998 1739 1013 a
1754 990 1873 1014 Johanne
1892 990 1973 1013 XXIII
1993 989 2075 1022 petita
2090 989 2158 1013 obti-

921 1043 981 1058 nere
997 1035 1102 1058 valeant
1111 1052 1662 1060 ......................
1683 1056 1688 1060 .
1708 1051 2155 1059 ..................

889 1093 1010 1122 Carolus,
1033 1093 1085 1116 dux
1107 1093 1298 1123 Aurelianens„
1321 1093 1439 1124 postulat
1454 1093 1488 1116 ab
1507 1093 1687 1117 Universitate
1707 1093 1803 1123 Paris.,
1823 1096 1852 1116 ut
1870 1093 1904 1116 ab
1927 1093 1987 1124 ipsa
2008 1100 2112 1116 errores
2131 1092 2158 1116 in

920 1137 1102 1169 propositione
1126 1138 1255 1161 Johannis
1277 1138 1356 1161 Parvi
1378 1138 1410 1161 de
1424 1146 1486 1162 nece
1506 1138 1591 1169 patris
1611 1138 1652 1161 sui
1674 1138 1799 1162 Ludovici
1818 1138 1976 1169 detegantur
1995 1140 2020 1161 et
2037 1137 2160 1161 condem-

922 1185 1017 1206 nentur
1032 1199 2157 1207 ............................................

891 1240 1056 1264 Universitas
1073 1248 1088 1263 a
1103 1240 1223 1264 Johunne
1243 1241 1325 1264 XXIII
1347 1244 1460 1272 quatuor
1478 1241 1544 1272 petit
1562 1249 1567 1264 :
1588 1241 1614 1264 1⁰
1629 1244 1658 1264 ut
1676 1240 1777 1264 bullam
1793 1240 1934 1264 Alexandri
1950 1240 1970 1263 V
1990 1248 2039 1271 pro
2061 1239 2160 1263 Mendi-

922 1285 1043 1308 cantibus
1063 1285 1169 1308 omnino
1185 1289 1302 1313 revocet;
1324 1286 1350 1308 2ο
1367 1289 1396 1308 ut
1415 1285 1561 1309 Concilium
1579 1285 1729 1317 proximum
1747 1285 1773 1308 in
1794 1285 1881 1309 Gallia
1900 1285 2060 1313 celebretur;
2082 1285 2108 1308 3⁰
2128 1292 2159 1308 ne

923 1330 1070 1361 suppositis
1091 1330 1279 1354 Universitatis
1298 1333 1408 1353 noceant
1427 1330 1560 1353 antidatae
1578 1330 1755 1353 familiaribus
1775 1338 1915 1353 concessae
1932 1333 1958 1353 et
1974 1333 2003 1353 ut
2018 1339 2030 1351 κ(
2050 1329 2158 1361 quintus

922 1374 1050 1398 articulus
1066 1384 1079 1396 υ
1098 1375 1231 1406 signetur3
1245 1375 1272 1398 4⁰
1287 1378 1315 1398 ut
1328 1374 1437 1398 Parisiis
1450 1374 1531 1406 judex
1546 1383 1592 1398 sen
1605 1374 1721 1398 vicarius
1737 1374 1892 1398 instituatur
1905 1374 1950 1406 qui
1964 1374 2158 1397 controversias

923 1419 954 1443 de
969 1419 1103 1443 beneficiis
1119 1419 1145 1442 in
1161 1428 1242 1450 regno
1260 1419 1385 1443 Franciae
1400 1419 1456 1443 sine
1471 1419 1544 1442 curia
1560 1420 1677 1443 Romana
1687 1419 1788 1451 judicet
1791 1436 2157 1443 ...............

893 1477 1057 1501 Universitas
1077 1477 1191 1500 Johanni
1208 1478 1287 1501 XXIII
1309 1478 1453 1509 supplicat,
1469 1481 1498 1501 ut
1517 1477 1704 1509 registratores
1725 1477 1859 1500 bullarum
1881 1476 2028 1508 suppositis
2050 1476 2160 1500 Univer-

923 1522 1009 1546 sitatis
1032 1523 1064 1545 de
1087 1522 1330 1554 supplicationibus
1352 1522 1481 1546 contentis
1502 1522 1529 1546 in
1551 1523 1639 1546 rotulo
1661 1522 1807 1546 Alexandro
1830 1522 1850 1545 V
1867 1525 2036 1553 praesentato
2057 1521 2159 1545 litteras

923 1567 1084 1598 apostolicas
1105 1567 1131 1590 in
1153 1568 1237 1590 [orma
1261 1567 1379 1592 Rationi
1398 1567 1542 1598 conqruit,
1563 1567 1666 1599 quoties
1692 1566 1771 1590 suerit
1794 1569 1983 1598 opportunum,
2009 1566 2160 1598 sumptibus

924 1612 1134 1643 suppositorum,
1150 1612 1291 1643 expediant
1298 1628 2159 1636 ..................................

895 1670 1060 1694 Universitas
1076 1670 1135 1693 duci
1156 1670 1335 1701 Burgundiae,
1352 1673 1381 1693 ut
1400 1670 1523 1693 abbatem
1541 1671 1567 1694 S.
1582 1670 1699 1694 Audoeni
1723 1673 1814 1693 contra
1834 1669 1895 1693 abb.
1912 1670 1943 1693 de
1963 1669 2083 1693 Truarno
2097 1677 2160 1701 pro-

925 1718 998 1746 tegat
1010 1731 2159 1740 .............................................

894 1774 1027 1797 Johannes
1046 1774 1126 1797 XXIII
1143 1773 1236 1797 scribit
1251 1777 1280 1797 ut
1296 1774 1429 1797 ,Iohannes
1448 1774 1499 1797 dux
1517 1773 1686 1805 Burgundiae
1701 1772 1811 1797 assistat
1824 1773 1977 1796 Theobaldo
1991 1772 2107 1804 archiep.
2121 1772 2163 1796 Bi-

927 1818 1026 1842 suntin.
1039 1822 1130 1842 contra
1144 1819 1255 1842 rebelles
1274 1818 1447 1850 magistratus
1465 1818 1586 1842 Bisuntin
1591 1834 2160 1842 .......................

896 1877 1061 1900 Universitas
1078 1876 1177 1900 vicario
1190 1877 1272 1908 episc.
1289 1877 1487 1900 Cameracensis
1506 1877 1651 1900 Johannem
1674 1876 1763 1908 Magni
1778 1876 1810 1899 de
1825 1875 1968 1899 Brabantia
1987 1876 2160 1900 commendat.

896 1935 1062 1959 Universitns
1076 1935 1190 1958 Jobanni
1203 1935 1294 1964 XXIII,
1307 1943 1356 1966 pro
1370 1935 1489 1958 Guidone
1502 1935 1533 1958 de
1549 1935 1655 1963 Malsec,
1668 1934 1802 1958 cardinale
1817 1933 1986 1957 Praenestino
2002 1950 2161 1958 .......

898 1998 1008 2021 Carolus
1020 1998 1053 2020 VI
1067 1997 1147 2020 edicit
1158 1998 1227 2020 solos
1241 1997 1365 2021 librarios
1377 1997 1564 2021 Universitatis
1574 1997 1677 2029 juratos
1691 1997 1734 2028 jus
1749 1996 1847 2020 habere
1860 1996 1886 2019 in
1902 1996 1966 2020 villa
1980 1996 2064 2020 Paris.
2078 1996 2162 2020 libros

928 2042 1031 2066 emendi
1045 2042 1078 2065 ad
1094 2042 1245 2066 vendendos
1249 2058 2161 2067 ....................................

897 2105 1030 2129 Johannes
1046 2106 1128 2128 XXIII
1142 2105 1275 2137 permittit
1292 2105 1406 2129 Roberto
1421 2106 1453 2128 de
1476 2106 1571 2129 Sancto
1586 2105 1726 2135 Germano,
1742 2107 1770 2128 ut
1788 2104 1927 2136 physicam
1949 2104 2058 2128 Parisiis
2074 2104 2115 2128 vel
2136 2104 2162 2127 in

928 2150 980 2173 alio
994 2150 1081 2173 studio
1097 2150 1214 2181 generali
1234 2150 1321 2182 quoad
1341 2150 1436 2174 vixerit
1451 2150 1539 2181 legere
1557 2149 1644 2181 possit
1645 2166 1934 2174 ............
1942 2162 1946 2165 -
1952 2166 2162 2174 .........

897 2212 1030 2236 Johannes
1046 2213 1127 2236 XXIII
1142 2212 1357 2244 praerogativam
1373 2222 1385 2233 α
1399 2213 1483 2244 quinti
1499 2212 1605 2235 articuli
1619 2222 1632 2233 a
1649 2211 1823 2235 Universitati
1839 2211 1957 2234 concedit
1960 2228 2163 2236 .........

898 2275 1064 2299 Universitas
1080 2275 1213 2306 deputatis
1229 2274 1285 2298 suis
1301 2274 1327 2298 in
1343 2275 1417 2298 curia
1436 2275 1563 2303 Romana,
1585 2277 1613 2298 ut
1630 2274 1773 2306 ampliores
1790 2276 1894 2298 favores
1914 2282 1929 2297 a
1946 2273 2065 2297 Johanne
2084 2273 2164 2297 XXIII

929 2319 1074 2348 obtineant,
1090 2319 1247 2351 praesertim
1262 2323 1290 2343 ut
1305 2319 1439 2343 concessio
1455 2330 1467 2341 «
1484 2319 1569 2351 quinti
1584 2319 1690 2343 articuli
1706 2329 1718 2340 ιι
1732 2319 1759 2342 in
1774 2318 1932 2343 cancellaria
1947 2318 2114 2350 registretur.
2130 2318 2165 2341 De

929 2364 1046 2387 Concilio
1061 2364 1189 2395 generali.
1206 2365 1242 2388 De
1255 2364 1463 2388 Mendicantibus
1468 2380 2164 2389 ............................

901 2426 1066 2450 Universitas
1082 2427 1116 2449 ad
1137 2426 1284 2450 Johannem
1305 2427 1386 2450 XXIII
1405 2426 1499 2450 scribit
1520 2426 1551 2450 de
1573 2426 1695 2450 omnibus
1716 2430 1745 2450 ut
1759 2426 1786 2449 in
1807 2426 1920 2458 epistola
1940 2425 2108 2457 praecedenti
2132 2425 2165 2449 ad

931 2471 1036 2494 nuntios
1047 2487 2164 2496 ............................................

901 2534 1014 2557 Litterae
1029 2534 1062 2556 ad
1078 2542 1166 2565 regem
1181 2534 1307 2557 Franciae
1322 2534 1354 2557 de
1369 2537 1457 2557 atroce
1469 2537 1553 2557 morte
1566 2533 1690 2557 Ludovici
1705 2533 1902 2557 Aurelianensis
1906 2549 2164 2557 ...........

902 2596 965 2619 Octo
988 2596 1134 2619 consiliarii
1156 2596 1222 2628 regii
1241 2600 1266 2619 et
1287 2596 1397 2620 totidem
1417 2596 1539 2627 magistri
1560 2596 1746 2620 Universitatis
1769 2595 1917 2619 deliberant
1935 2595 1998 2627 quid
2019 2594 2165 2618 faciendum

931 2649 980 2672 pro
992 2641 1132 2664 securitate
1147 2644 1202 2664 tam
1215 2641 1286 2672 regis
1299 2649 1378 2672 quam
1394 2641 1501 2670 civium,
1513 2643 1538 2664 et
1550 2642 1617 2672 Aug.
1636 2642 1666 2664 26
1680 2641 1773 2664 ducem
1788 2640 1944 2672 Aquitaniae
1957 2640 2083 2663 adeuntes
2099 2639 2165 2662 deli-

932 2685 1023 2708 berata
1038 2689 1191 2717 proponunt
1197 2701 2165 2712 ......................................

902 2747 989 2770 Abbas
1010 2747 1190 2771 Cluniacensis
1211 2748 1255 2779 qui
1280 2748 1377 2771 bursas
1400 2747 1567 2771 scholaribus
1588 2747 1694 2779 collegii
1714 2747 1832 2771 Cluniae.
1852 2747 1937 2771 Paris.
1958 2747 2060 2770 solvere
2082 2745 2167 2777 negli-

933 2792 1020 2822 gebat,
1037 2796 1140 2823 partem
1159 2792 1320 2816 scholarium
1343 2793 1502 2816 Avenionem
1525 2793 1669 2815 transferre
1685 2792 1799 2820 volebat,
1816 2795 1876 2821 etc„
1891 2800 1906 2814 a
1917 2791 1990 2814 curia
2006 2790 2166 2814 Parlamenti

934 2837 1122 2860 condemnatur
1125 2851 2167 2861 .........................................

2199 419 2243 443 197

2199 522 2245 546 197

2200 580 2245 603 198

2199 683 2244 706 198

2201 786 2247 808 200

2202 933 2247 956 202

2203 1036 2248 1059 202

2203 1183 2249 1206 203

2203 1419 2250 1443 204

2206 1611 2252 1635 206

2206 1715 2253 1738 206

2207 1818 2252 1842 207

2206 1875 2252 1899 208

2206 1933 2252 1957 208

2207 2040 2253 2064 209

2208 2147 2254 2171 209

2208 2210 2254 2233 209

2210 2360 2254 2385 211

2209 2468 2253 2492 211

2210 2530 2255 2554 213

2210 2681 2256 2705 213

2210 2833 2256 2856 213
