2502 3418
393 349 457 382 616
965 356 1288 379 annTULAmUM
1324 356 1516 379 unnvnns.
1552 357 1683 379 imnis.
2163 346 2263 383 [1440

397 472 824 509 2544,Pseudo-Jol1anna
840 480 934 515 d’Arc,
950 479 1078 514 foemina
1093 479 1144 505 des
1159 479 1317 509 Armoises,
1333 488 1428 505 coram
1449 480 1637 505 Universitate
1651 479 1745 505 Paris.
1763 483 1790 505 et
1804 479 1990 506 Parlamento
2004 484 2158 516 comparet.

1635 572 1708 601 1440,
1724 572 1844 604 Augusto,
1862 572 1978 598 ParIsiis.

488 662 612 686 Journal
630 661 699 685 d'zm
715 661 859 692 bozcrycois
874 663 905 685 de
924 661 1019 691 Paris,
1037 669 1063 692 p.
1082 661 1127 683 3511
1147 668 1186 691 sq.
1205 660 1366 683 Documenta
1387 660 1418 683 de
1438 659 1487 682 hac
1506 660 1619 683 foemina
1638 660 1691 684 vid.
1710 660 1782 691 opud
1800 660 1971 690 chnmur,
1991 661 2091 686 Proces
2110 663 2143 685 de
2157 662 2264 686 Jea‘nne

395 706 489 735 d'Arc‚
505 707 535 735 V,
551 715 578 737 p.
594 707 707 729 319-336.
722 706 759 729 Ad
775 706 838 729 haec
856 706 946 729 anoY
962 713 995 729 nn
1011 712 1043 728 LA
1060 705 1185 735 Mmmun,
1203 705 1258 728 Une
1271 706 1365 735 fausse
1378 705 1484 729 Jeamze
1498 704 1581 728 d'Arc
1598 704 1624 728 in
1640 705 1709 728 libro
1728 706 1765 729 Le
1780 705 1825 729 roi
1842 705 1928 735 Rene,
1949 708 1969 728 t.
1985 706 2004 736 Ι,
2022 714 2049 737 p.
2067 707 2178 736 308-327‚
2194 709 2213 730 t.
2231 707 2262 736 11,

395 751 484 774 Pieces
498 751 595 782 justis„
611 755 640 773 n⁰
656 751 704 779 XL,
722 759 749 781 p.
766 751 820 774 281.
837 750 894 774 Vid.
911 750 942 773 de
954 753 1008 773 toto
1024 753 1180 781 argumento
1194 749 1473 779 Lffltvmc-Pomnms,
1487 750 1528 773 La
1542 751 1636 779 fausse
1650 750 1760 774 Jearme
1774 749 1859 774 d'Arc
1870 750 1982 780 (Exti-nit
1996 751 2031 773 du
2041 750 2143 781 Moyen
2155 753 2223 782 Aye,
2233 752 2264 775 de

394 796 518 820 Mai-Juiu
531 796 610 825 1895).

397 923 542 960 2545.
569 931 730 968 Capitulum
750 931 816 957 Ord.
841 932 1020 958 Cisterciens.
1042 931 1145 957 abbati
1159 931 1194 957 de
1210 930 1380 957 Bellavalle⁴
1405 931 1555 957 Viennensi
1575 931 1720 958 licentiam
1740 933 1792 958 dat
1812 933 1900 959 eundi
1923 933 1963 959 ad
1981 933 2108 959 studium
2124 935 2220 961 Paris.
2238 938 2265 961 et

486 981 591 1007 ibidem
608 981 777 1007 remanendi
793 985 850 1007 tres
866 990 956 1006 annos
970 980 1011 1006 ad
1024 981 1176 1006 scientiam
1191 980 1296 1006 ibidem
1311 981 1516 1017 acquirendam
1531 981 1701 1008 salutarem.

1539 1071 1613 1101 7440,
1630 1072 1791 1104 Septembris
1805 1073 1841 1102 12,
1856 1073 1979 1099 Cistercii.

490 1159 603 1183 Constit.
619 1162 644 1182 et
657 1160 740 1191 Cuppl
757 1159 874 1191 general.
891 1159 1000 1183 Cisterc.
1015 1159 1041 1182 in
1057 1160 1163 1183 Archiv.
1179 1162 1264 1183 status
1278 1159 1398 1188 Luccrn.,
1414 1160 1471 1183 cod.
1487 1161 1540 1188 5414,
1554 1168 1581 1191 p.
1594 1161 1649 1184 684.

488 1244 512 1269 1.
530 1245 594 1267 Cum
611 1252 692 1275 supra
708 1244 812 1267 dicatur
829 1253 839 1267 (ι
859 1244 997 1268 Viennensi
1016 1253 1037 1275 1),
1057 1253 1108 1268 non
1128 1248 1168 1268 est
1189 1254 1200 1268 (t
1217 1245 1370 1269 Belluvnllis
1389 1254 1410 1275 1),
1426 1246 1606 1270 Bisuntinens.
1623 1246 1715 1275 dioec„
1733 1247 1779 1270 scd
1796 1256 1807 1269 ι(
1824 1247 1975 1271 Bonavullis
1991 1256 2014 1271 ».
2037 1248 2126 1271 Abbas
2148 1248 2266 1279 ejusdem

396 1289 521 1320 temporis
538 1289 611 1312 deest
626 1289 653 1312 in
668 1289 738 1313 Gall.
755 1290 863 1319 christ.,
880 1289 944 1318 XVI,
959 1298 985 1321 p.
1002 1290 1058 1313 211.

396 1466 540 1502 2546.
565 1474 732 1501 Gaillelmus
749 1474 880 1510 Adeline,
896 1477 1048 1512 professus
1067 1476 1198 1511 Carmel.,
1217 1477 1423 1511 Caribus-iens,
1446 1477 1557 1503 demum
1576 1477 1643 1504 Ord.
1660 1479 1688 1503 S.
1704 1479 1783 1512 Ben.,
1800 1477 1886 1504 theol.
1904 1478 2042 1513 magister
2054 1479 2134 1504 Rom.
2156 1479 2264 1513 curiae,

484 1524 619 1558 defensor
633 1524 748 1550 lionoris
763 1524 867 1550 summi
878 1525 1036 1561 pontificis,
1053 1526 1119 1560 finit
1135 1530 1165 1552 ut
1180 1535 1280 1561 magas
1294 1526 1508 1562 condemnatus,
1527 1527 1614 1553 etiam
1627 1536 1682 1563 per
1702 1527 1919 1553 Universilatem
1935 1527 2031 1553 Paris.

1539 1617 1612 1646 1441,
1624 1617 1757 1644 Februarii
1772 1618 1810 1647 16,
1828 1617 1980 1644 Florentiae.

486 1703 688 1748 Exponitur
705 1703 740 1736 S.
762 1705 805 1737 V.
831 1715 895 1748 pro
918 1710 1018 1749 parte
1040 1704 1162 1738 devoti
1193 1705 1349 1738 oratoris
1374 1705 1488 1738 vestri
1514 1705 1707 1739 Guillermi
1727 1705 1896 1747 Adeline,
1920 1718 1948 1739 s.
1972 1705 2157 1751 theologie
2184 1718 2267 1751 pro-

396 1770 562 1812 fessoris,
592 1771 690 1815 quod
716 1770 801 1803 olim
833 1778 1022 1816 postquam
1044 1772 1123 1817 ipse
1145 1779 1295 1817 propter
1328 1772 1505 1805 honorem
1535 1773 1700 1817 ejusdem
1737 1772 1936 1806 sanctitatis
1969 1779 2075 1818 atque
2109 1785 2138 1806 s.
2165 1773 2264 1807 sedis

396 1844 512 1883 apost.
544 1845 579 1871 et
605 1845 730 1871 contra
758 1838 1081 1883 prevaricationem
1115 1846 1222 1884 atque
1254 1839 1424 1873 malitiam
1459 1840 1719 1873 nonnullorum
1755 1840 2043 1873 scismaticorum
2075 1840 2264 1886 dampnate

397 1905 695 1950 congregationis
717 1905 910 1938 Basiliens.
935 1906 1102 1939 diversos
1124 1918 1315 1940 sermones
1336 1914 1371 1940 et
1392 1907 1660 1952 predicationes
1683 1908 1867 1951 (unitatem
1889 1907 2122 1941 inconsutilis
2142 1908 2263 1941 tunice

398 1974 439 2005 D.
462 1974 504 2005 N.
522 1974 552 2006 J.
576 1973 616 2006 C.
636 1979 671 2006 et
692 1973 910 2006 universalis
932 1973 1087 2006 ecclesie
1109 1985 1245 2019 sponse
1262 1986 1341 2016 sue,
1364 1975 1422 2007 cui
1441 1976 1480 2007 E.
1500 1975 1534 2008 S.
1557 1975 1732 2020 presidet,
1756 1974 1978 2020 experiendo
2000 1981 2036 2007 et
2054 1975 2264 2008 testimonio

398 2040 669 2085 evangeliorum
692 2046 727 2073 et
756 2040 905 2073 aliarum
928 2041 1189 2086 scripturarum
1212 2054 1394 2075 sacrarum
1417 2042 1701 2085 corroborando)
1727 2042 1866 2087 pluries
1887 2049 1923 2075 et
1942 2041 2081 2087 pluries
2119 2042 2265 2087 publice

398 2113 589 2152 peregerat
614 2114 738 2140 contra
764 2107 881 2140 dictos
908 2107 1134 2141 scismaticos
1161 2115 1195 2141 et
1218 2121 1342 2141 eorum
1370 2121 1560 2154 sequaces,
1588 2109 1741 2142 maximo
1768 2109 1891 2142 favore
1921 2108 2139 2142 declarando
2163 2116 2199 2142 et
2222 2109 2266 2142 ad

398 2186 522 2207 eorum
545 2174 794 2207 reductionem
823 2186 964 2207 summo
997 2175 1181 2208 desiderio
1212 2176 1430 2217 lahorando3
1468 2183 1623 2209 attamen
1654 2176 1822 2209 nonnulli
1852 2176 2016 2221 ipsorum
2051 2177 2266 2210 confusione

398 2241 495 2274 ducti
528 2242 745 2286 nequientes
775 2242 918 2275 veritati
948 2242 1134 2282 resistere,
1166 2243 1330 2276 diversas
1370 2244 1485 2277 minas
1523 2250 1555 2276 et
1594 2243 1886 2289 conspirationes
1918 2243 2037 2276 eidem
2072 2244 2268 2289 exponenti

398 2309 612 2351 intulerunt,
636 2315 670 2342 et
696 2309 786 2342 adeo
808 2315 949 2342 atroces
971 2310 1068 2354 quod
1094 2310 1173 2355 ipse
1195 2310 1239 2343 de
1266 2311 1429 2355 periculo
1454 2323 1611 2356 persone
1637 2323 1702 2344 sue
1728 2310 1898 2344 dubitans
1925 2317 1960 2344 et
1983 2317 2023 2344 ut
2047 2323 2110 2344 eos
2130 2311 2264 2344 evitare

398 2383 536 2420 posset,
555 2376 598 2408 de
620 2376 758 2409 Ordine
780 2376 1054 2410 Carmelitarum
1071 2378 1110 2409 B.
1127 2378 1252 2419 Marie,
1267 2378 1303 2410 in
1321 2390 1392 2423 quo
1414 2390 1479 2423 per
1499 2378 1625 2411 decem
1643 2384 1677 2411 et
1693 2385 1774 2411 octo
1791 2390 1907 2411 annos
1924 2378 2090 2411 extiterat
2109 2390 2148 2411 ac
2169 2378 2206 2411 in
2223 2390 2265 2411 eo

399 2443 663 2487 professionem
687 2443 869 2485 emiserat,
890 2456 954 2488 pro
972 2445 1051 2488 ejus
1067 2445 1260 2477 securitate
1282 2445 1318 2477 in
1340 2451 1521 2478 conventu
1539 2445 1627 2478 Ord.
1651 2445 1876 2478 Cartusiens.
1897 2445 2092 2478 Parisiens.
2112 2452 2265 2490 quanto-

399 2509 477 2542 cius
495 2510 611 2554 potuit
632 2522 671 2542 se
687 2510 881 2551 transtulit,
905 2517 940 2543 et
960 2517 1149 2555 antequam
1168 2511 1398 2544 medietatem
1420 2512 1596 2557 temporis
1618 2512 1661 2545 ad
1684 2512 1950 2557 professionem
1966 2519 2000 2544 et
2015 2511 2265 2557 probationem

400 2576 555 2608 ordinati
576 2576 710 2609 ibidem
732 2577 952 2622 peregisset,
974 2590 992 2610 a
1012 2578 1185 2611 fratribus
1208 2578 1293 2611 dicti
1310 2575 1398 2611 Oi-d.
1417 2579 1642 2612 Cartusiens.
1666 2579 1733 2612 suit
1753 2585 1898 2612 coactus
1915 2578 2050 2611 ibidem
2067 2578 2266 2623 professio-

400 2654 481 2675 nem
499 2644 632 2686 (eontra
651 2650 767 2676 tamen
783 2644 965 2688 propriam
982 2645 1217 2689 voluntatem)
1235 2645 1412 2687 emittere,
1431 2645 1518 2678 alias
1535 2646 1654 2691 ipsum
1672 2645 1844 2679 volebant
1859 2645 2056 2691 expellere.
2075 2646 2119 2678 Et
2131 2657 2211 2678 cum
2228 2645 2265 2677 in

401 2709 495 2741 dicto
513 2710 600 2743 Ord.
620 2711 845 2744 Cartusiens.
864 2712 974 2744 certis
991 2712 1035 2744 de
1057 2713 1176 2745 causis
1198 2713 1354 2745 animum
1378 2725 1483 2746 suum
1505 2713 1736 2746 moventibus
1763 2720 1798 2746 et
1817 2725 1883 2758 pro
1904 2724 2000 2745 nunc
2017 2712 2178 2753 omissis,
2193 2724 2266 2744 non

402 2783 526 2819 posset
551 2789 635 2809 sana
657 2778 879 2811 conscientia
908 2790 1107 2821 remanere,
1138 2792 1257 2824 neque
1283 2780 1327 2812 ad
1350 2780 1526 2825 prefatum
1549 2780 1638 2813 Ord.
1665 2780 1956 2821 Carmelitarum,
1983 2786 2131 2824 propter
2153 2779 2266 2812 dictas

402 2843 689 2887 conspirationes
717 2851 751 2876 et
776 2845 1048 2889 indignationes
1077 2847 1276 2888 evitandas,
1307 2854 1391 2879 tunc
1423 2847 1568 2888 reverti,
1601 2841 1753 2892 cupiens
1784 2854 1901 2880 tamen
1928 2846 1995 2879 sub
2021 2846 2139 2890 aliqua
2166 2857 2266 2878 sacra

404 2909 580 2953 religione
607 2917 782 2955 perpetuo
810 2912 974 2945 famulari
1005 2913 1208 2955 Altissimo,
1240 2914 1366 2959 vigore
1398 2914 1621 2959 quarundam
1652 2914 1853 2947 litterarum
1884 2925 1949 2959 per
1978 2913 2075 2946 dom.
2106 2912 2264 2958 archiep.
