2502 3418
271 340 367 377 1420]
615 353 661 374 AB
698 352 803 374 Auno
838 351 1126 374 mcccmcxxxw
1160 351 1293 379 USQUE
1328 351 1376 372 An
1411 351 1549 373 ANNUM
1584 351 1788 374 Mccchu.
2072 343 2137 376 383

268 455 413 492 2163.
436 465 523 491 Natio
539 464 692 490 Gallicana
713 464 912 490 Universitatis
928 464 1024 490 Paris.
1042 463 1083 489 ad
1095 463 1262 499 Philippum
1277 462 1377 488 ducem
1396 463 1592 497 Burgundiac,
1610 466 1644 497 et,
1667 467 1697 488 at
1717 463 1876 499 opinamur,
1895 464 1934 489 ad
1949 465 2137 491 Eustachium

357 513 392 539 de
407 513 516 548 l'Aitr-e,
534 513 740 540 cancellarium
757 513 906 546 Franciae,
921 521 976 549 pro
995 512 1143 538 Guillelmo
1159 512 1194 538 de
1209 512 1336 538 Brossis.

1234 601 1304 630 1419,
1321 600 1448 633 Septemb.
1466 601 1589 630 70-1420,
1605 601 1663 626 dun.
1684 601 1720 630 14,
1737 601 1851 627 Parisiis.

359 692 391 724 1.
416 691 506 723 Tres
523 689 704 723 excellent
720 695 755 722 et
775 696 850 722 tres
867 689 1035 734 puissant
1054 689 1192 734 prince,
1211 700 1304 722 nous
1322 700 1415 721 nous
1432 688 1735 721 recommandons
1752 691 1770 721 a
1785 695 1908 722 vostre
1926 689 2138 734 seignourie

266 763 342 789 tant
361 756 613 790 humblement
633 768 703 801 que
724 756 813 789 faire
835 768 988 801 povons.
1013 757 1057 788 Et
1077 768 1170 801 pour
1191 768 1244 797 ce,
1268 762 1342 788 tres
1364 755 1474 788 noble
1496 756 1636 800 prince,
1654 767 1723 800 que
1745 767 1838 788 nous
1860 755 2030 789 desirons
2046 768 2139 790 vous

266 824 467 856 infourmer
488 826 506 856 a
526 823 663 856 certain
685 823 729 856 de
750 823 857 856 ceulx
878 823 940 868 qui
962 829 1025 856 ont
1046 826 1123 855 este
1151 835 1196 855 en
1223 829 1348 855 nostre
1374 822 1584 855 Universite
1608 824 1796 867 tousjours
1822 822 1967 868 loyaulx
1987 829 2022 855 et
2042 823 2137 856 vrais

266 890 466 923 serviteurs
488 890 531 923 de
552 889 674 922 bonne
695 890 928 922 recordation
949 889 1125 934 Phelippe
1146 896 1269 922 vostre
1295 896 1402 934 grant
1421 893 1507 934 pere
1532 896 1567 922 et
1586 889 1689 934 aulsy
1713 889 1757 922 de
1782 896 1905 922 vostre
1926 893 2025 934 pere,
2049 890 2138 922 dues

266 957 310 989 de
332 958 567 1002 Bourgogne⁷
592 956 681 989 dont
709 957 801 989 Dieu
831 957 880 989 ait
908 956 962 989 les
990 958 1101 997 ames,
1131 968 1226 989 nous
1246 968 1337 989 vous
1366 956 1552 989 certifions
1581 968 1650 1001 que
1680 962 1804 989 nostre
1833 963 1967 1001 suppot
1992 956 2138 989 maistre

265 1023 472 1057 Guillaume
494 1023 538 1056 de
560 1024 696 1056 Broces
718 1024 865 1056 maistre
886 1027 926 1056 es
947 1035 1005 1056 ars
1027 1030 1062 1056 et
1088 1023 1242 1056 licencie
1264 1035 1309 1056 en
1331 1023 1427 1056 droit
1447 1035 1575 1064 canon,
1603 1035 1620 1056 a
1647 1035 1712 1068 par
1736 1023 1839 1068 loing
1859 1012 1976 1068 temps
1999 1023 2083 1056 bien
2104 1030 2140 1056 et

263 1090 472 1135 loyaument
493 1091 590 1123 servi
612 1097 647 1123 et
667 1102 712 1123 en
734 1097 840 1135 grant
865 1090 1071 1123 familiarite
1092 1097 1215 1123 vostre
1244 1090 1296 1123 dit
1324 1097 1431 1135 grant
1457 1094 1543 1135 pere
1565 1090 1598 1122 le
1620 1090 1688 1122 duc
1714 1090 1889 1135 Phelippe
1909 1097 1944 1123 et
1969 1090 2099 1135 depuis
2121 1102 2138 1122 a

264 1161 341 1190 este
362 1158 549 1202 tousjours
571 1164 647 1190 tant
666 1169 711 1190 en
733 1164 858 1190 nostre
887 1158 1095 1190 Universite
1117 1169 1187 1201 que
1214 1157 1350 1190 dehors
1380 1169 1472 1202 pour
1498 1157 1530 1189 16
1552 1157 1637 1189 bien
1659 1164 1694 1189 ct
1719 1157 1888 1189 honneur
1909 1157 1953 1190 de
1974 1157 2006 1190 la
2028 1157 2139 1190 chose

263 1223 439 1269 publique
456 1230 491 1257 et
511 1224 555 1257 de
572 1231 695 1257 vostre
717 1227 815 1269 pere,
834 1236 927 1269 pour
943 1224 1101 1269 laquelle
1119 1224 1288 1257 occasion
1309 1237 1326 1257 a
1349 1224 1501 1257 souffert
1521 1231 1594 1256 tres
1611 1230 1717 1269 grant
1736 1231 1859 1269 pertes
1876 1231 1910 1257 et
1927 1224 2138 1269 dommages

263 1297 299 1324 et
318 1303 336 1323 a
357 1294 434 1324 este
454 1290 641 1336 plusieurs
662 1291 732 1324 fois
754 1291 822 1324 mis
843 1290 930 1324 hors
953 1291 997 1323 de
1019 1291 1119 1324 Paris
1141 1298 1176 1323 et
1197 1294 1331 1336 expose
1353 1293 1370 1323 a
1392 1298 1466 1324 tres
1483 1291 1649 1323 eminens
1671 1290 1783 1335 perilz
1800 1291 1844 1323 de
1862 1297 1966 1323 mort.
1990 1292 2033 1323 Et
2053 1303 2138 1324 avec

265 1369 319 1399 ce⁷
344 1370 389 1390 en
410 1364 556 1391 servant
576 1370 620 1390 au
645 1357 731 1390 bien
753 1370 934 1399 commun,
960 1370 1053 1391 nous
1075 1370 1092 1390 a
1118 1358 1181 1390 sait
1207 1358 1379 1403 pluseurs
1407 1370 1517 1403 grans
1544 1365 1578 1390 et
1603 1357 1794 1402 agreables
1817 1358 1977 1390 services
1999 1370 2137 1390 comme

264 1436 308 1457 en
330 1424 432 1457 office
453 1424 498 1457 de
520 1431 675 1465 recteur,
698 1424 886 1469 legacions
908 1431 942 1457 et
962 1431 1176 1457 autrement.
1200 1425 1426 1457 Nientmains
1448 1425 1473 1457 il
1499 1431 1554 1457 est
1579 1431 1652 1457 tres
1675 1425 1887 1469 petitement
1907 1436 2069 1469 pourveu
2092 1437 2136 1457 en

263 1492 400 1524 saincte
421 1491 555 1536 eglise3
578 1503 770 1536 pourquoy
794 1503 885 1525 vous
912 1491 1118 1537 supplions,
1142 1498 1217 1525 tres
1238 1492 1347 1524 noble
1374 1498 1409 1524 et
1438 1498 1511 1524 tres
1539 1492 1706 1536 puissant
1735 1491 1872 1536 prince,
1896 1503 1965 1536 que
1991 1503 2084 1537 pour
2104 1491 2136 1524 la

263 1558 535 1591 consideration
556 1558 620 1591 dez
642 1558 773 1591 choses
795 1558 928 1591 dessus
950 1559 1065 1591 dictes
1086 1570 1177 1591 vous
1199 1558 1232 1591 le
1253 1558 1409 1592 veullies
1430 1559 1531 1592 avoir
1547 1558 1808 1603 especialment
1826 1558 2080 1591 recommande
2102 1565 2137 1591 et

263 1625 313 1657 lui
335 1625 477 1658 donner
496 1625 622 1658 faveur
641 1632 677 1658 et
703 1625 783 1658 aide
804 1637 887 1658 vers
914 1632 997 1658 tous
1029 1625 1224 1670 seigneurs
1246 1625 1334 1658 dont
1362 1625 1387 1658 il
1408 1637 1499 1658 vous
1530 1625 1727 1670 suppliera.
1750 1626 1840 1658 Tres
1869 1624 1979 1657 noble
2001 1631 2036 1657 et
2060 1631 2134 1658 tres

262 1692 429 1737 puissant
449 1692 587 1736 prince7
611 1704 704 1725 nous
726 1692 852 1737 prions
874 1692 906 1724 16
936 1692 1036 1725 Saint
1067 1693 1212 1737 Esperit
1233 1704 1302 1737 que
1330 1692 1355 1724 il
1376 1692 1495 1725 veulle
1522 1692 1681 1737 guarder
1702 1704 1794 1725 vous
1816 1698 1851 1724 et
1870 1698 1992 1724 vostre
2014 1691 2135 1724 haulte

263 1759 488 1804 seignourie.
512 1759 667 1803 Escript‚
691 1765 759 1791 etc.

350 1854 386 1885 2.
410 1851 642 1885 Venerabilis
670 1858 705 1884 et
732 1852 882 1897 egregie
905 1853 971 1893 vir7
993 1853 1253 1897 cognoscimus
1283 1859 1414 1885 tantam
1446 1852 1569 1885 inesse
1597 1852 1702 1885 vobis
1728 1852 1897 1885 virtutem
1931 1858 2135 1896 tantamque

262 1918 524 1964 benignitatem
555 1925 661 1963 atque
689 1918 734 1951 ad
767 1919 956 1964 supposita
984 1926 1107 1952 nostra
1138 1919 1434 1961 benivolentiam,
1465 1926 1503 1952 ut
1530 1919 1636 1952 etiam
1662 1931 1746 1952 cura
1775 1918 1976 1964 reipublice
2001 1919 2135 1951 vestris

261 1985 430 2030 imposita
461 1985 643 2018 humeris¹
672 1997 737 2019 vos
768 1998 841 2018 non
872 1986 1046 2027 retardet,
1077 1986 1273 2031 quominus
1304 1986 1348 2018 de
1379 1992 1587 2018 nostrorum
1618 1986 1828 2031 provisione
1860 1985 2132 2030 suppositorum

262 2052 408 2085 curetis.
441 2053 637 2097 Propterea
658 2059 779 2085 vestre
802 2053 1015 2085 reverencie
1044 2065 1109 2098 pro
1136 2053 1327 2098 supposito
1358 2059 1483 2085 nostro
1511 2053 1685 2098 magistro
1708 2051 1910 2085 Guillermo
1933 2052 1977 2084 (le
2006 2052 2133 2084 Brocis

260 2119 475 2152 familiarius
497 2118 706 2160 scribimus,
730 2131 795 2164 pro
817 2120 921 2164 cujus
948 2120 1263 2153 commendatione
1290 2119 1415 2152 scribit
1445 2120 1535 2152 alma
1564 2126 1677 2152 mater
1697 2119 1924 2152 Universitas
1953 2118 2133 2151 excellen-

262 2186 403 2219 tissimo
425 2198 465 2219 ac
487 2186 742 2231 potentissimo
765 2186 921 2231 principi
943 2187 1091 2219 doinIno
1113 2187 1196 2219 duci
1227 2187 1441 2232 Burgundie
1471 2187 1508 2219 in
1538 2187 1650 2219 forma
1681 2198 1750 2231 que
1781 2186 1946 2230 sequitur
1971 2197 1978 2217 z
2003 2200 2019 2216 «
2042 2187 2132 2218 Tres

261 2252 452 2293 excellent,
476 2259 543 2285 ete.
564 2254 672 2286 »Vos
694 2253 814 2298 itaque
836 2265 1020 2298 rogamus7
1044 2266 1123 2286 cum
1146 2265 1338 2299 personam
1361 2266 1403 2286 ex
1429 2254 1579 2286 maxima
1604 2253 1844 2285 familiaritate
1866 2252 1999 2296 optime
2022 2264 2132 2285 nove—

261 2319 354 2361 ritis,
372 2319 517 2352 labores
538 2319 668 2364 ipsius,
688 2320 853 2365 dampna⁷
877 2320 1103 2362 afflictiones,
1127 2320 1362 2365 expulsiones
1383 2327 1489 2365 atque
1511 2320 1638 2353 mortis
1660 2320 1813 2364 plurima
1835 2318 1994 2363 pericula
2016 2319 2131 2351 scive-

261 2386 353 2427 ritis,
381 2398 456 2419 eam
486 2386 644 2419 dominis
675 2393 710 2419 et
742 2387 914 2432 precipue
944 2388 1083 2432 prefato
1110 2388 1257 2420 domino
1285 2387 1539 2420 commendare
1560 2387 1696 2428 velitis,
1717 2387 1854 2419 litteras
1885 2386 2130 2429 presentando

261 2459 366 2497 atque
389 2452 456 2485 alia
478 2464 542 2498 pro
564 2453 645 2497 ipso
668 2454 910 2498 procurando„
934 2466 1003 2499 que
1025 2466 1091 2487 sue
1113 2454 1185 2487 sint
1212 2454 1434 2499 promotioni
1464 2455 1663 2499 profutura.
1695 2455 1736 2486 Et
1767 2454 1797 2485 si
1828 2465 1897 2498 que
1926 2464 1990 2485 vos
2019 2452 2129 2485 vultis

261 2520 447 2564 prosequi,
472 2531 616 2564 semper
637 2520 705 2552 erit
725 2520 821 2553 natio
843 2521 937 2553 votis
958 2521 1091 2553 vestris
1113 2520 1267 2565 obsequi
1288 2520 1572 2565 promptissima,
1595 2532 1664 2564 que
1686 2520 1729 2552 de
1753 2527 1848 2552 tanto
1870 2520 2039 2565 alumpno
2062 2531 2128 2552 suo

260 2587 388 2619 merito
410 2586 599 2631 gloriatur.
624 2587 767 2619 Summa
789 2587 946 2620 Trinitas
967 2599 1032 2621 vos
1054 2599 1272 2621 conservare
1294 2588 1467 2632 dignetur
1486 2587 1653 2619 feliciter.
1678 2587 1900 2631 Scriptum...

352 2683 467 2707 Minuta
483 2683 598 2706 chartac.
614 2683 640 2706 in
656 2683 732 2707 Arch.
749 2687 802 2707 nat.
817 2684 911 2713 Paris„
927 2685 951 2707 M
963 2685 1013 2712 65¹¹,
1030 2689 1059 2707 n⁰
1072 2686 1116 2708 102
1133 2685 1204 2714 (olim
1218 2686 1248 2708 A.
1260 2686 1283 2708 3.
1295 2685 1388 2714 hhhh).
1398 2698 1428 2702 -
1440 2684 1516 2712 1bid.,
1530 2686 1581 2713 65¹1,
1599 2684 1673 2712 11019,
1692 2684 1792 2707 minuta
1807 2684 1884 2715 epist.
1897 2684 2083 2707 Universitatis
2095 2685 2127 2707 ad

259 2736 365 2759 papum,
383 2728 408 2750 in
432 2736 482 2759 qua
501 2728 564 2751 dicit
583 2728 725 2751 schismate
747 2729 858 2752 durante
874 2729 1044 2753 Guillelmum
1065 2730 1106 2752 bis
1125 2729 1206 2752 fuisse
1228 2732 1355 2752 rectorem
1376 2729 1572 2757 Universitatis,
1591 2737 1602 2751 (t
1621 2728 1664 2759 qui
1681 2729 1777 2751 multos
1796 2737 1919 2759 angores,
1936 2728 2127 2752 sollicitudines

260 2772 398 2803 plurimas,
415 2776 558 2795 nocturnos
576 2772 737 2803 diurnosque
757 2776 841 2796 metus
858 2773 890 2796 ob
908 2782 999 2804 pacem
1017 2774 1126 2797 ecclesie
1146 2774 1340 2804 procurandam
1356 2781 1499 2804 perpessus
1515 2776 1555 2796 cst
1570 2781 1592 2796 n.
1607 2773 1777 2796 Commendat
1792 2781 1876 2804 papae
1892 2781 1960 2802 eum,
1976 2773 2126 2804 principum

259 2816 430 2848 Burgundine
445 2820 470 2839 ct
488 2816 635 2839 Borboniae
652 2817 818 2845 familiarem,
836 2825 884 2848 pro
898 2818 1023 2841 beneficio
1040 2818 1191 2841 obtinendo.
1208 2818 1273 2841 Bm.
1287 2826 1346 2840 eum
1360 2817 1386 2840 in
1400 2817 1514 2840 Elcncho
1530 2820 1661 2840 rectorum
1674 2825 1705 2839 nc
1720 2818 1798 2840 semel
1815 2817 1919 2848 quidem
1936 2817 2021 2841 affert.

352 2899 375 2924 1.
390 2900 537 2931 opinamur
550 2900 591 2923 hic
605 2900 649 2931 agi
664 2901 694 2923 de
709 2901 850 2924 Eustochio
866 2901 897 2924 de
910 2901 1008 2930 l'Aitre,
1026 2902 1183 2925 cancellario
1199 2902 1324 2925 Franciae
1337 2902 1370 2925 ab
1386 2910 1427 2925 an.
1442 2902 1510 2930 1418,
1527 2902 1587 2925 Jun.
1606 2902 1643 2932 12,
1660 2905 1684 2925 et
1700 2902 1822 2925 defuncto
1836 2910 1878 2926 an.
1898 2903 1965 2926 1420.
1980 2903 2040 2926 Jun.
2056 2903 2094 2928 14.
