2502 3418
226 332 321 368 1416]
573 345 620 366 AB
654 345 760 367 ANNO
794 344 1084 366 MCCCLxxxxw
1118 344 1250 372 USQUE
1282 344 1329 365 AD
1364 344 1502 366 ANNUM
1538 345 1742 367 MCCCCLH.
2025 338 2090 369 315

223 418 317 447 dioec„
337 418 366 442 O.
388 418 414 442 S.
436 418 463 441 B.
480 418 567 446 (Arch.
587 419 655 446 Vat„
672 419 727 447 ΧΠ,
745 418 799 449 121,
816 426 842 448 p.
861 418 924 447 154).
942 432 968 435 —
986 417 1010 442 6.
1031 417 1144 440 Vocatur
1164 417 1316 441 Leonardus
1337 418 1368 440 de
1388 418 1526 448 Delphinis
1543 419 1573 441 de
1589 419 1714 446 Pussano,
1736 420 1797 442 cler.
1819 420 1955 449 .lauueus.,
1972 429 2013 443 au.
2031 421 2091 443 ‘1418

223 471 280 486 can.
298 463 324 486 S.
341 462 456 485 Marcelli
479 462 574 491 Paris„
594 471 636 487 an.
652 463 714 486 1419
735 462 979 485 archidiaconatum
1001 462 1031 485 de
1047 462 1202 485 Valleviridi
1224 462 1336 485 ambivit
1358 462 1462 493 (Suppl.
1479 463 1554 485 Mart.
1572 463 1602 488 V,
1621 463 1654 485 111*
1675 463 1725 491 111,
1748 464 1791 486 sol.
1811 464 1865 488 851¹:
1885 465 1935 491 llo,
1954 465 1996 487 sut.
2017 465 2090 494 lTSl’).

222 520 252 524 -
264 506 287 531 7.
306 506 410 530 Minime
426 506 534 529 Parisiis
551 507 717 530 doctoratum
732 507 858 537 suscepit.
875 506 933 530 Vid.
948 507 981 529 ad
996 515 1038 530 an.
1054 507 1123 535 1431,
1134 507 1187 531 Jul.
1205 507 1243 530 30.
1261 521 1288 524 —
1305 506 1328 531 8.
1346 507 1410 530 Cum
1426 507 1511 529 adhuc
1527 510 1597 530 esset
1615 508 1687 530 baec.
1704 508 1811 535 decret„
1827 508 1991 531 Uuivcrsitas
2008 509 2090 531 Paris.

223 551 298 576 (Nov.
319 551 357 580 10)
374 551 482 581 scripsit
497 551 595 574 decano
610 554 635 581 et
651 550 766 582 capitulo
787 551 957 579 Tornacens.,
974 554 1003 573 ut.
1022 551 1135 573 Johnnni
1153 551 1208 581 jam
1226 559 1273 581 per
1293 551 1431 574 ecclesium
1451 551 1617 574 Gallicanam
1637 551 1744 582 proviso
1762 552 1794 574 ad
1816 560 1905 574 corum
1927 553 2092 575 collationem

224 598 315 619 contra
328 595 511 618 adversarium
525 595 551 618 in
566 595 730 618 assecutione
742 595 861 618 beneficii
874 595 1030 618 assisterent
1045 595 1132 624 (Arch.
1146 598 1200 618 nat.
1215 595 1312 627 Paris„
1328 596 1352 618 M
1365 598 1417 625 65⁸,
1433 600 1462 618 n⁰
1478 596 1542 626 1118).
1555 609 1584 612 -
1596 595 1619 620 9.
1635 596 1662 618 ln
1679 595 1853 618 commotione
1868 596 1959 627 populi
1976 605 2017 619 nn.
2037 597 2094 619 141⁸

226 638 333 662 Parisiis
347 647 358 662 (1
371 638 454 662 libros
469 647 531 662 suos
549 642 574 663 et
587 639 639 662 alia
655 639 814 671 quamplura
826 639 895 662 bona
910 639 1020 662 mobilia
1035 647 1082 662 sua
1095 639 1212 670 perdidit
1227 649 1250 662 υ.
1265 639 1341 662 Petiit
1357 648 1371 662 a
1384 639 1496 662 Mai-tino
1509 640 1537 669 V,
1549 640 1620 670 apud
1636 647 1711 670 quem
1729 648 1771 663 an.
1787 640 1848 662 1419
1863 643 1927 668 erat,
1940 640 2093 663 heneficium

225 684 327 714 (Suppl.
342 684 417 707 Mart.
434 684 461 710 V,
479 688 507 706 n⁰
523 684 575 714 118,
593 684 637 707 sol.
653 684 730 713 242b).
746 697 776 702 ·-
790 683 830 708 10.
846 684 910 707 Can.
926 684 989 707 eccl.
1005 683 1118 706 Eduens.
1134 697 1165 701 —
1177 683 1220 708 11.
1236 684 1286 707 Pro
1302 683 1370 715 ipso,
1384 684 1538 707 baccalareo
1554 684 1580 706 in
1594 684 1675 714 decr.‚
1691 684 1858 707 Universitas
1874 684 1958 707 Paris.
1973 685 2042 712 (Maii
2057 685 2094 713 15)

225 727 317 750 scribit
333 728 365 750 ud
379 728 535 759 episcopum
549 728 741 756 Suessionens„
759 731 787 751 ut
797 728 820 751 ei
834 729 865 751 de
877 728 964 759 primo
980 728 1106 751 beneficio
1118 731 1243 751 vacaturo
1258 728 1405 759 provideat,
1419 737 1478 751 cum
1494 736 1541 759 per
1555 728 1694 751 ecclesiam
1710 728 1874 752 Gallicanam
1888 729 2003 759 primum
2017 729 2094 752 etiam

225 772 311 794 lorum
329 771 474 795 obtinuerit
490 772 577 801 (Arch.
596 775 650 796 nat.
667 772 761 800 Paris„
779 773 801 795 Μ
817 774 867 800 65³,
885 777 914 795 n⁰
932 773 996 802 155).
1013 786 1044 790 —
1058 772 1100 797 12.
1115 773 1209 795 Postea
1227 772 1393 796 Universitas
1414 773 1499 796 Paris.
1517 781 1603 803 papae
1623 773 1744 802 (Mai-tino
1760 773 1788 801 V)
1805 773 1973 804 conqueritur
1989 773 2097 804 prix-ilc-

225 816 298 846 gium
314 824 365 838 non
384 816 536 839 extrahendi
553 820 625 840 extra
644 825 734 839 muros
750 817 833 840 Paris.
851 825 902 840 non
920 817 1066 845 observari,
1084 820 1109 839 et
1127 817 1268 839 Henricum
1282 826 1293 840 (1
1308 817 1447 840 Baisseren
1462 826 1483 845 1),
1502 817 1545 840 lic.
1561 817 1587 839 in
1601 817 1681 844 decr„
1697 817 1846 847 litigantem
1863 820 1953 840 contra
1970 818 2094 840 adversa-

225 860 293 883 rium
308 864 417 892 propter
431 861 610 892 praehendam
626 862 652 884 S.
667 861 752 884 Amati
767 862 896 884 Duacens.
912 862 1094 885 Cameraceus.
1111 861 1193 885 dioec.
1211 862 1319 885 Romam
1335 865 1457 885 vocatum
1469 870 1525 885 esse
1542 862 1628 891 (Arcb.
1643 865 1706 889 nat„
1724 862 1747 884 M
1764 863 1813 889 65³²,
1832 866 1860 884 n0
1873 863 1920 892 38).

228 1111 372 1148 2064.
396 1122 443 1146 Lis
458 1123 531 1147 inter
547 1121 726 1148 Guillelmum
746 1123 874 1157 Vigorosi
889 1132 923 1148 ac
937 1123 1092 1148 Mat-tinum
1109 1124 1216 1156 Mouce,
1234 1123 1416 1158 papetariOS.
1440 1124 1515 1148 Unus
1531 1123 1568 1148 ab
1589 1123 1786 1151 Universitale,
1808 1122 1883 1147 alter
1898 1131 1915 1147 ιι
1932 1122 2013 1147 cur-ia
2025 1131 2096 1158 pat·-

316 1169 435 1196 lamenli
449 1175 551 1206 postea
566 1170 730 1197 damnatur.

1505 1234 1571 1263 1416,
1587 1234 1648 1259 Maii
1660 1235 1683 1263 8,
1699 1234 1813 1259 Parisiis.

318 1347 407 1380 Cum
438 1360 502 1392 pro
532 1348 723 1381 medietate
752 1349 917 1382 habenda
949 1361 1012 1394 per
1033 1348 1271 1382 Guillelmum
1292 1349 1466 1392 Vigorosi
1499 1360 1516 1380 a
1547 1349 1702 1381 Martino
1734 1350 1862 1380 Mouce
1893 1349 1937 1381 de
1968 1360 2094 1381 novem

231 1414 338 1446 ramis
360 1415 475 1459 papiri
498 1415 713 1459 scriptibilis
735 1416 871 1448 eisdem
896 1416 1093 1449 Guillelmo
1117 1422 1151 1448 et
1171 1415 1325 1448 Martino
1352 1415 1543 1460 papirariis
1566 1427 1629 1447 5611
1658 1415 1853 1459 papetariis
1874 1427 2098 1447 commoran-

230 1480 327 1513 tibus
356 1481 555 1521 mediatim,
587 1494 651 1526 per
678 1482 838 1515 relictam
871 1483 1032 1516 defuncti
1065 1482 1241 1516 Johannis
1272 1483 1380 1526 Lejay
1408 1482 1503 1526 apud
1538 1483 1711 1514 Essonam
1744 1494 1856 1526 prope
1886 1482 2096 1515 Corbolium

230 1555 526 1588 commorantem,
550 1560 629 1581 cum
661 1556 757 1582 certa
786 1549 853 1582 alia
883 1550 999 1594 papiri
1026 1549 1224 1594 quantitate
1252 1549 1492 1589 transmissis,
1520 1555 1555 1581 et
1585 1560 1647 1593 per
1669 1549 1802 1581 dictum
1834 1549 2038 1589 Martiuum,
2063 1556 2097 1581 ut

232 1613 350 1646 dictus
372 1614 593 1647 Guillelmus
615 1615 771 1655 dicebat,
793 1616 960 1649 recelatis
980 1623 1039 1649 aut
1064 1616 1225 1656 latitatis,
1247 1616 1340 1648 idem
1364 1615 1476 1648 Guill.
1498 1615 1671 1660 Yigorosi
1694 1615 1839 1648 fecisset
1862 1615 1995 1647 dudum
2020 1627 2100 1659 prc-

234 1680 369 1712 dictum
390 1681 583 1714 Martinam
606 1683 735 1715 Mouce
756 1694 875 1715 coram
897 1683 1071 1728 magistro
1094 1684 1199 1715 Petro
1221 1682 1402 1719 Mereerii,
1426 1682 1539 1714 altero
1565 1693 1752 1714 causarum
1777 1681 1962 1715 Castelleti
1984 1682 2098 1714 nostri

234 1747 345 1779 Paris,
369 1747 548 1789 auditore,
571 1748 751 1793 adjornari
773 1761 838 1782 seu
860 1750 1061 1789 conveniri,
1084 1749 1310 1782 concludens
1338 1755 1463 1781 contra
1485 1761 1564 1781 eum
1588 1755 1767 1793 quatenus
1789 1749 1867 1793 ipse
1889 1749 1931 1780 ad
1958 1749 2097 1781 traden-

233 1813 316 1846 dum
339 1820 397 1846 aut
419 1814 511 1847 tradi
531 1815 735 1848 faciendum
759 1816 875 1848 eidem
893 1817 1067 1861 Vigorosi
1089 1816 1317 1849 medietatem
1340 1816 1536 1860 predictam
1559 1815 1819 1848 antedictarum
1843 1827 1969 1847 novem
1993 1827 2100 1848 rama-

233 1892 310 1912 rum
334 1881 462 1925 papiri,
482 1881 658 1914 solvendo
681 1883 797 1915 eidem
821 1890 969 1928 propter
989 1883 1056 1916 hoc
1079 1895 1251 1916 summam
1276 1882 1537 1927 quinquaginta
1559 1894 1622 1915 sex
1643 1882 1793 1914 solidor.
1813 1894 1887 1926 par.
1906 1894 1945 1914 ac
1966 1882 2003 1914 in
2024 1882 2100 1914 suis

234 1946 400 1992 dampnis
421 1947 602 1981 interesse
624 1955 659 1982 et
679 1950 850 1994 expensis
867 1950 1209 1995 condempnaretur.
1228 1950 1298 1992 Qui
1319 1949 1465 1994 quidem
1486 1949 1676 1989 Martinus,
1696 1949 1870 1993 petitione
1892 1948 2100 1993 hujusmodi

234 2013 319 2045 dicti
347 2014 536 2047 Guillelmi
567 2022 708 2060 negata,
732 2016 833 2060 plura
855 2017 891 2048 in
913 2017 1131 2049 contrarium
1158 2016 1425 2061 proposuisset,
1449 2028 1518 2060 que
1549 2015 1717 2048 similiter
1738 2015 1856 2047 dictus
1882 2015 2101 2048 Guillelmus

234 2088 417 2125 negasset,
440 2088 475 2114 61
497 2082 639 2115 tandem
669 2083 739 2127 ipsi
768 2083 988 2116 Guillelmus
1017 2090 1050 2116 et
1080 2083 1258 2116 Martinus
1289 2094 1399 2127 super
1421 2083 1497 2115 suis
1529 2082 1728 2127 propositis
1756 2082 1977 2126 depositioni
2008 2082 2100 2114 dicte

234 2147 357 2180 relicte
380 2148 507 2192 prefati
529 2149 690 2182 defuncti
711 2149 886 2183 Johannis
908 2151 1015 2195 Lejay
1036 2162 1074 2183 se
1098 2150 1321 2183 retulissent.
1345 2150 1422 2192 Qua
1443 2150 1664 2192 interrogata
1685 2161 1723 2181 ac
1746 2149 1881 2193 prefato
1910 2149 2063 2181 Martino
2085 2161 2102 2180 a

234 2214 451 2247 remissione
474 2227 581 2248 cause
609 2215 819 2259 hujusmodi
849 2229 969 2250 coram
995 2224 1136 2250 rectore
1163 2217 1294 2249 dilecte
1315 2216 1389 2249 filie
1415 2222 1539 2249 nostre
1561 2216 1817 2249 Universitatis
1849 2215 1959 2247 studii
1989 2215 2099 2248 Paris.

234 2280 312 2312 fieri
335 2281 526 2325 postulata,
550 2282 727 2315 mediante
749 2295 812 2316 sua
834 2284 1056 2316 desistencia
1083 2290 1143 2316 aut
1175 2296 1248 2316 non
1275 2283 1538 2328 comparitione
1565 2289 1600 2314 et
1632 2282 1854 2314 contumacia
1884 2281 2045 2325 repulso,
2069 2288 2101 2313 ct

233 2347 476 2380 consideratis
497 2349 776 2382 considerandis
797 2350 916 2383 dictus
937 2350 1081 2383 auditor
1102 2362 1166 2395 per
1187 2362 1287 2383 suam
1309 2349 1524 2382 sententiam
1546 2350 1607 2393 vjta
1624 2349 1681 2381 die
1703 2348 1820 2380 Martii
1843 2359 1935 2380 auno
1959 2348 2102 2379 Domini

235 2415 284 2446 Μυ
297 2414 544 2447 CCCC⁰X111⁰
569 2415 671 2448 latam
695 2417 941 2461 supradictum
971 2417 1164 2450 Mai-tinum
1191 2417 1235 2449 ad
1266 2416 1492 2449 reddendum
1518 2415 1806 2459 tradendumque
1835 2421 1869 2446 et
1898 2413 2103 2446 deliberan-

235 2480 318 2512 dum
341 2488 399 2513 aut
422 2481 525 2514 reddi
548 2482 712 2527 tradique
739 2490 773 2515 et
799 2483 994 2516 deliberari
1022 2484 1227 2516 faciendum
1258 2484 1396 2528 prefato
1418 2482 1615 2515 Guillelmo
1644 2481 1872 2513 medietatem
1904 2480 2100 2524 predictam

234 2547 494 2580 antedictarum
513 2560 642 2581 novem
666 2562 842 2582 ramarum
864 2551 992 2595 papiri,
1011 2550 1189 2583 solvendo
1209 2557 1324 2582 tamen
1342 2561 1406 2594 per
1422 2549 1540 2593 ipsum
1559 2547 1793 2581 Guillelmum
1812 2547 1928 2579 cidem
1948 2547 2102 2579 Martino

234 2613 364 2646 dictam
387 2626 561 2647 summam
584 2615 630 2659 lvj
654 2616 721 2648 sol.
746 2617 853 2660 paris.
877 2617 910 2650 ei
933 2624 1080 2662 propter
1100 2617 1181 2658 1106,
1204 2623 1243 2649 ut
1262 2616 1456 2661 prefertur,
1480 2614 1647 2655 oblatam,
1671 2625 1756 2646 casu
1779 2625 1849 2657 quo
1872 2613 1966 2645 dicta
1988 2613 2102 2658 papiri

235 2681 414 2724 quantitas
436 2689 534 2714 esset
554 2682 670 2714 adhuc
692 2683 728 2714 in
750 2695 868 2715 rerum
891 2690 1029 2724 natura,
1049 2683 1240 2727 dictusque
1262 2682 1439 2715 Martinus
1461 2681 1496 2713 id
1517 2680 1673 2713 faciendi
1695 2679 1972 2724 possibilitatem
1995 2679 2103 2711 habc-

236 2753 307 2787 161,
330 2747 386 2779 5111
408 2754 524 2780 autem
548 2749 584 2780 in
608 2749 739 2781 talibus
761 2750 926 2794 dampnis
943 2762 982 2782 ac
1004 2750 1182 2782 interesse
1204 2750 1240 2781 in
1262 2748 1395 2793 quibus
1416 2760 1495 2780 eum
1520 2747 1782 2792 premissorum
1801 2746 1992 2778 occasione
2014 2746 2104 2778 inci-

236 2813 334 2845 disse
366 2814 520 2858 probare
549 2822 674 2860 posset
701 2827 810 2860 supra
840 2816 949 2861 petita
978 2828 1041 2861 per
1063 2816 1217 2848 eundem
1245 2815 1438 2848 Martinum
1460 2825 1567 2846 cause
1595 2813 1805 2857 hujusmodi.
1832 2813 2048 2845 remissione
2070 2819 2102 2844 et

236 2879 317 2912 aliis
339 2893 402 2925 per
424 2881 543 2925 ipsum
566 2882 765 2926 propositis
786 2894 824 2915 ac
847 2883 1079 2923 manutentis7
1098 2895 1115 2915 a
1133 2882 1266 2927 quibus
1287 2882 1381 2914 idem
1402 2880 1544 2913 auditor
1560 2880 1678 2924 ipsum
1698 2879 1888 2911 Martinam
1908 2879 2102 2923 repulerat,
