<?xml version="1.0" encoding="UTF-8"?>
<!DOCTYPE html PUBLIC "-//W3C//DTD XHTML 1.0 Transitional//EN"
    "http://www.w3.org/TR/xhtml1/DTD/xhtml1-transitional.dtd">
<html xmlns="http://www.w3.org/1999/xhtml" xml:lang="en" lang="en">
 <head>
  <title>
</title>
<meta http-equiv="Content-Type" content="text/html;charset=utf-8" />
  <meta name='ocr-system' content='tesseract 3.04.00' />
  <meta name='ocr-capabilities' content='ocr_page ocr_carea ocr_par ocr_line ocrx_word'/>
</head>
<body>
  <div class='ocr_page' id='page_1' title='image "./chartulariumuniv04univuoft_0571.png"; bbox 0 0 2502 3418; ppageno 0'>
   <div class='ocr_carea' id='block_1_1' title="bbox 241 314 2105 354">
    <p class='ocr_par' dir='ltr' id='par_1_1' title="bbox 241 314 2105 354">
     <span class='ocr_line' id='line_1_1' title="bbox 241 314 2105 354; baseline 0.001 -4"><span class='ocrx_word' id='word_1_1' title='bbox 241 314 337 351; x_wconf 81' lang='lat'><strong>1431]</strong></span> <span class='ocrx_word' id='word_1_2' title='bbox 586 327 632 349; x_wconf 66' lang='lat' dir='ltr'><em>AB</em></span> <span class='ocrx_word' id='word_1_3' title='bbox 666 327 771 350; x_wconf 69' lang='grc' dir='ltr'><strong>ΑΝΝο</strong></span> <span class='ocrx_word' id='word_1_4' title='bbox 806 325 1093 349; x_wconf 74' lang='lat' dir='ltr'><em>mcchxxxxw</em></span> <span class='ocrx_word' id='word_1_5' title='bbox 1126 326 1258 354; x_wconf 79' lang='lat' dir='ltr'><strong>USQUE</strong></span> <span class='ocrx_word' id='word_1_6' title='bbox 1293 326 1340 347; x_wconf 73' lang='lat' dir='ltr'><em>AD</em></span> <span class='ocrx_word' id='word_1_7' title='bbox 1375 326 1513 348; x_wconf 70' lang='lat' dir='ltr'><strong>ANNUM</strong></span> <span class='ocrx_word' id='word_1_8' title='bbox 1547 327 1752 349; x_wconf 74' lang='lat' dir='ltr'><em>mccccml.</em></span> <span class='ocrx_word' id='word_1_9' title='bbox 2044 319 2105 352; x_wconf 88' lang='lat'><em>527</em></span> 
     </span>
    </p>
   </div>
   <div class='ocr_carea' id='block_1_2' title="bbox 238 439 2107 826">
    <p class='ocr_par' dir='ltr' id='par_1_2' title="bbox 238 439 2107 826">
     <span class='ocr_line' id='line_1_2' title="bbox 238 439 2106 485; baseline 0 -9"><span class='ocrx_word' id='word_1_10' title='bbox 238 439 383 476; x_wconf 80' lang='grc'><strong>2386.</strong></span> <span class='ocrx_word' id='word_1_11' title='bbox 412 449 589 475; x_wconf 77' lang='lat' dir='ltr'><em>Universitas</em></span> <span class='ocrx_word' id='word_1_12' title='bbox 602 449 696 475; x_wconf 83' lang='lat' dir='ltr'><em>Paris.</em></span> <span class='ocrx_word' id='word_1_13' title='bbox 710 448 832 474; x_wconf 87' lang='lat' dir='ltr'><em>Henrico</em></span> <span class='ocrx_word' id='word_1_14' title='bbox 841 449 882 481; x_wconf 86' lang='lat' dir='ltr'><em>Vl,</em></span> <span class='ocrx_word' id='word_1_15' title='bbox 899 447 960 482; x_wconf 78' lang='lat' dir='ltr'><em>regi</em></span> <span class='ocrx_word' id='word_1_16' title='bbox 975 447 1117 473; x_wconf 79' lang='lat' dir='ltr'><em>Franciae</em></span> <span class='ocrx_word' id='word_1_17' title='bbox 1134 450 1161 472; x_wconf 89' lang='lat' dir='ltr'><em>et</em></span> <span class='ocrx_word' id='word_1_18' title='bbox 1173 446 1306 481; x_wconf 76' lang='lat' dir='ltr'><em>Angliae,</em></span> <span class='ocrx_word' id='word_1_19' title='bbox 1322 446 1430 479; x_wconf 83' lang='lat' dir='ltr'><em>scribit,</em></span> <span class='ocrx_word' id='word_1_20' title='bbox 1450 455 1512 472; x_wconf 85' lang='lat' dir='ltr'><em>eum</em></span> <span class='ocrx_word' id='word_1_21' title='bbox 1527 446 1653 472; x_wconf 84' lang='lat' dir='ltr'><em>laudans</em></span> <span class='ocrx_word' id='word_1_22' title='bbox 1670 447 1753 482; x_wconf 79' lang='lat' dir='ltr'><em>eique</em></span> <span class='ocrx_word' id='word_1_23' title='bbox 1767 448 1880 482; x_wconf 77' lang='lat' dir='ltr'><strong><em>gratias</em></strong></span> <span class='ocrx_word' id='word_1_24' title='bbox 1892 457 1980 482; x_wconf 78' lang='lat' dir='ltr'><em>agens</em></span> <span class='ocrx_word' id='word_1_25' title='bbox 1990 449 2026 475; x_wconf 86' lang='lat' dir='ltr'><em>de</em></span> <span class='ocrx_word' id='word_1_26' title='bbox 2036 459 2106 485; x_wconf 87' lang='lat' dir='ltr'><em>pro·-</em></span> 
     </span>
     <span class='ocr_line' id='line_1_3' title="bbox 326 494 2105 533; baseline 0 -9"><span class='ocrx_word' id='word_1_27' title='bbox 326 506 408 523; x_wconf 81' lang='lat' dir='ltr'><em>cessu</em></span> <span class='ocrx_word' id='word_1_28' title='bbox 430 497 499 524; x_wconf 87' lang='lat' dir='ltr'><em>bene</em></span> <span class='ocrx_word' id='word_1_29' title='bbox 515 501 543 524; x_wconf 89' lang='lat' dir='ltr'><em>et</em></span> <span class='ocrx_word' id='word_1_30' title='bbox 559 507 620 523; x_wconf 89' lang='lat' dir='ltr'><em>cum</em></span> <span class='ocrx_word' id='word_1_31' title='bbox 630 497 749 533; x_wconf 86' lang='lat' dir='ltr'><em>justitia</em></span> <span class='ocrx_word' id='word_1_32' title='bbox 766 497 850 522; x_wconf 87' lang='lat' dir='ltr'><em>ducto</em></span> <span class='ocrx_word' id='word_1_33' title='bbox 871 500 970 522; x_wconf 88' lang='lat' dir='ltr'><em>contra</em></span> <span class='ocrx_word' id='word_1_34' title='bbox 990 495 1151 521; x_wconf 77' lang='lat' dir='ltr'><em>loliannam</em></span> <span class='ocrx_word' id='word_1_35' title='bbox 1172 494 1266 521; x_wconf 83' lang='lat' dir='ltr'><em>d¹Arc.</em></span> <span class='ocrx_word' id='word_1_36' title='bbox 1285 497 1447 529; x_wconf 83' lang='lat' dir='ltr'><em>Informata</em></span> <span class='ocrx_word' id='word_1_37' title='bbox 1467 499 1510 521; x_wconf 86' lang='lat' dir='ltr'><em>est</em></span> <span class='ocrx_word' id='word_1_38' title='bbox 1527 504 1580 531; x_wconf 86' lang='lat' dir='ltr'><em>per</em></span> <span class='ocrx_word' id='word_1_39' title='bbox 1604 495 1716 521; x_wconf 87' lang='lat' dir='ltr'><em>litteras</em></span> <span class='ocrx_word' id='word_1_40' title='bbox 1740 496 1815 529; x_wconf 80' lang='lat' dir='ltr'><em>regis</em></span> <span class='ocrx_word' id='word_1_41' title='bbox 1836 500 1863 522; x_wconf 85' lang='lat' dir='ltr'><em>et</em></span> <span class='ocrx_word' id='word_1_42' title='bbox 1880 506 1934 532; x_wconf 84' lang='lat' dir='ltr'><em>per</em></span> <span class='ocrx_word' id='word_1_43' title='bbox 1953 499 2105 532; x_wconf 81' lang='lat' dir='ltr'><em>magistros</em></span> 
     </span>
     <span class='ocr_line' id='line_1_4' title="bbox 329 544 2107 582; baseline 0.001 -10"><span class='ocrx_word' id='word_1_44' title='bbox 329 546 486 572; x_wconf 76' lang='lat' dir='ltr'><em>Iohannem</em></span> <span class='ocrx_word' id='word_1_45' title='bbox 501 546 723 582; x_wconf 76' lang='lat' dir='ltr'><em>Pulcliripatris‚</em></span> <span class='ocrx_word' id='word_1_46' title='bbox 739 545 875 571; x_wconf 80' lang='lat' dir='ltr'><em>Jacobum</em></span> <span class='ocrx_word' id='word_1_47' title='bbox 889 545 924 571; x_wconf 89' lang='lat' dir='ltr'><em>de</em></span> <span class='ocrx_word' id='word_1_48' title='bbox 938 545 1062 571; x_wconf 87' lang='lat' dir='ltr'><em>Turonia</em></span> <span class='ocrx_word' id='word_1_49' title='bbox 1078 548 1105 570; x_wconf 86' lang='lat' dir='ltr'><em>et</em></span> <span class='ocrx_word' id='word_1_50' title='bbox 1119 544 1269 570; x_wconf 84' lang='lat' dir='ltr'><em>Nicolaum</em></span> <span class='ocrx_word' id='word_1_51' title='bbox 1283 544 1370 579; x_wconf 78' lang='lat' dir='ltr'><em>Midy,</em></span> <span class='ocrx_word' id='word_1_52' title='bbox 1387 544 1436 579; x_wconf 86' lang='lat' dir='ltr'><em>qui</em></span> <span class='ocrx_word' id='word_1_53' title='bbox 1452 544 1582 569; x_wconf 85' lang='lat' dir='ltr'><em>omnibus</em></span> <span class='ocrx_word' id='word_1_54' title='bbox 1597 544 1864 579; x_wconf 75' lang='lat' dir='ltr'><em>deliberationibus,</em></span> <span class='ocrx_word' id='word_1_55' title='bbox 1883 555 1900 570; x_wconf 86' lang='grc' dir='ltr'><em>α</em></span> <span class='ocrx_word' id='word_1_56' title='bbox 1917 555 1981 580; x_wconf 75' lang='lat' dir='ltr'><em>rege</em></span> <span class='ocrx_word' id='word_1_57' title='bbox 1995 547 2107 573; x_wconf 88' lang='lat' dir='ltr'><em>deside-</em></span> 
     </span>
     <span class='ocr_line' id='line_1_5' title="bbox 323 593 2103 630; baseline 0.001 -10"><span class='ocrx_word' id='word_1_58' title='bbox 323 596 403 630; x_wconf 74' lang='lat' dir='ltr'><em>ratis,</em></span> <span class='ocrx_word' id='word_1_59' title='bbox 421 595 601 621; x_wconf 81' lang='lat' dir='ltr'><em>assistebant</em></span> <span class='ocrx_word' id='word_1_60' title='bbox 614 598 641 621; x_wconf 83' lang='lat' dir='ltr'><em>et</em></span> <span class='ocrx_word' id='word_1_61' title='bbox 657 604 688 620; x_wconf 88' lang='lat' dir='ltr'><em>se</em></span> <span class='ocrx_word' id='word_1_62' title='bbox 701 597 841 629; x_wconf 73' lang='lat' dir='ltr'><em>ferventer</em></span> <span class='ocrx_word' id='word_1_63' title='bbox 855 594 1002 628; x_wconf 77' lang='lat' dir='ltr'><em>gerebant,</em></span> <span class='ocrx_word' id='word_1_64' title='bbox 1023 593 1243 628; x_wconf 88' lang='lat' dir='ltr'><em>deliberataque</em></span> <span class='ocrx_word' id='word_1_65' title='bbox 1264 593 1463 619; x_wconf 73' lang='lat' dir='ltr'><em>Universitatis</em></span> <span class='ocrx_word' id='word_1_66' title='bbox 1482 593 1543 627; x_wconf 75' lang='lat' dir='ltr'><em>regi</em></span> <span class='ocrx_word' id='word_1_67' title='bbox 1562 593 1703 629; x_wconf 82' lang='lat' dir='ltr'><em>aperient.</em></span> <span class='ocrx_word' id='word_1_68' title='bbox 1724 593 1911 628; x_wconf 78' lang='lat' dir='ltr'><em>Diligentiam</em></span> <span class='ocrx_word' id='word_1_69' title='bbox 1930 595 2024 628; x_wconf 85' lang='lat' dir='ltr'><em>faeiat</em></span> <span class='ocrx_word' id='word_1_70' title='bbox 2044 604 2103 630; x_wconf 68' lang='lat' dir='ltr'><em>reas,</em></span> 
     </span>
     <span class='ocr_line' id='line_1_6' title="bbox 326 641 2106 679; baseline 0 -9"><span class='ocrx_word' id='word_1_71' title='bbox 326 647 357 669; x_wconf 79' lang='lat' dir='ltr'><em>ut</em></span> <span class='ocrx_word' id='word_1_72' title='bbox 370 653 523 679; x_wconf 83' lang='lat' dir='ltr'><strong><em>processus</em></strong></span> <span class='ocrx_word' id='word_1_73' title='bbox 540 645 568 670; x_wconf 84' lang='lat' dir='ltr'><em>in</em></span> <span class='ocrx_word' id='word_1_74' title='bbox 589 644 664 670; x_wconf 75' lang='lat' dir='ltr'><em>brevi</em></span> <span class='ocrx_word' id='word_1_75' title='bbox 678 643 833 669; x_wconf 85' lang='lat' dir='ltr'><em>secundum</em></span> <span class='ocrx_word' id='word_1_76' title='bbox 849 643 996 678; x_wconf 85' lang='lat' dir='ltr'><em>justitiam</em></span> <span class='ocrx_word' id='word_1_77' title='bbox 1010 642 1134 677; x_wconf 83' lang='lat' dir='ltr'><em>finiatur</em></span> <span class='ocrx_word' id='word_1_78' title='bbox 1153 646 1180 668; x_wconf 90' lang='lat' dir='ltr'><em>et</em></span> <span class='ocrx_word' id='word_1_79' title='bbox 1200 643 1349 677; x_wconf 83' lang='lat' dir='ltr'><em>reparatio</em></span> <span class='ocrx_word' id='word_1_80' title='bbox 1369 641 1508 667; x_wconf 81' lang='lat' dir='ltr'><em>notabilis</em></span> <span class='ocrx_word' id='word_1_81' title='bbox 1527 644 1591 676; x_wconf 83' lang='lat' dir='ltr'><em>fiat,</em></span> <span class='ocrx_word' id='word_1_82' title='bbox 1613 651 1679 667; x_wconf 90' lang='lat' dir='ltr'><em>nam</em></span> <span class='ocrx_word' id='word_1_83' title='bbox 1701 642 1839 678; x_wconf 86' lang='lat' dir='ltr'><em>populum</em></span> <span class='ocrx_word' id='word_1_84' title='bbox 1859 643 1896 668; x_wconf 93' lang='lat' dir='ltr'><em>ab</em></span> <span class='ocrx_word' id='word_1_85' title='bbox 1915 643 1968 669; x_wconf 87' lang='lat' dir='ltr'><em>illa</em></span> <span class='ocrx_word' id='word_1_86' title='bbox 1988 644 2106 670; x_wconf 88' lang='lat' dir='ltr'><em>muliere</em></span> 
     </span>
     <span class='ocr_line' id='line_1_7' title="bbox 326 689 2105 725; baseline 0 -7"><span class='ocrx_word' id='word_1_87' title='bbox 326 692 557 718; x_wconf 79' lang='lat' dir='ltr'><em>scandalizatum</em></span> <span class='ocrx_word' id='word_1_88' title='bbox 573 692 614 718; x_wconf 89' lang='lat' dir='ltr'><em>ad</em></span> <span class='ocrx_word' id='word_1_89' title='bbox 629 693 730 718; x_wconf 84' lang='lat' dir='ltr'><em>bonam</em></span> <span class='ocrx_word' id='word_1_90' title='bbox 749 691 907 718; x_wconf 83' lang='lat' dir='ltr'><em>doctrinam</em></span> <span class='ocrx_word' id='word_1_91' title='bbox 928 691 1064 717; x_wconf 82' lang='lat' dir='ltr'><strong><em>reducere</em></strong></span> <span class='ocrx_word' id='word_1_92' title='bbox 1079 699 1194 716; x_wconf 87' lang='lat' dir='ltr'><em>necesse</em></span> <span class='ocrx_word' id='word_1_93' title='bbox 1212 694 1262 717; x_wconf 85' lang='lat' dir='ltr'><em>est.</em></span> <span class='ocrx_word' id='word_1_94' title='bbox 1282 691 1393 724; x_wconf 87' lang='lat' dir='ltr'><em>Escript</em></span> <span class='ocrx_word' id='word_1_95' title='bbox 1408 689 1423 716; x_wconf 73' lang='lat'><em>31</em></span> <span class='ocrx_word' id='word_1_96' title='bbox 1441 691 1518 717; x_wconf 86' lang='lat' dir='ltr'><em>Paris</em></span> <span class='ocrx_word' id='word_1_97' title='bbox 1577 690 1592 717; x_wconf 74' lang='grc' dir='ltr'><em>Ξι</em></span> <span class='ocrx_word' id='word_1_98' title='bbox 1611 691 1691 716; x_wconf 88' lang='lat' dir='ltr'><em>Saint</em></span> <span class='ocrx_word' id='word_1_99' title='bbox 1706 691 1845 720; x_wconf 84' lang='lat' dir='ltr'><em>Bernard,</em></span> <span class='ocrx_word' id='word_1_100' title='bbox 1860 692 1886 718; x_wconf 90' lang='lat' dir='ltr'><em>le</em></span> <span class='ocrx_word' id='word_1_101' title='bbox 1901 692 1972 725; x_wconf 63' lang='lat' dir='ltr'><em>xiiij-²</em></span> <span class='ocrx_word' id='word_1_102' title='bbox 1982 693 2051 725; x_wconf 88' lang='lat' dir='ltr'><em>j0ur</em></span> <span class='ocrx_word' id='word_1_103' title='bbox 2065 693 2105 719; x_wconf 92' lang='lat' dir='ltr'><em>du</em></span> 
     </span>
     <span class='ocr_line' id='line_1_8' title="bbox 325 739 2106 776; baseline 0 -9"><span class='ocrx_word' id='word_1_104' title='bbox 325 742 398 768; x_wconf 86' lang='lat' dir='ltr'><em>mois</em></span> <span class='ocrx_word' id='word_1_105' title='bbox 417 742 453 768; x_wconf 84' lang='lat' dir='ltr'><em>de</em></span> <span class='ocrx_word' id='word_1_106' title='bbox 472 742 536 770; x_wconf 72' lang='lat' dir='ltr'><em>Mai,</em></span> <span class='ocrx_word' id='word_1_107' title='bbox 558 742 615 767; x_wconf 87' lang='lat' dir='ltr'><em>l&#39;an</em></span> <span class='ocrx_word' id='word_1_108' title='bbox 631 742 684 767; x_wconf 88' lang='lat' dir='ltr'><em>mil</em></span> <span class='ocrx_word' id='word_1_109' title='bbox 702 741 792 767; x_wconf 89' lang='lat' dir='ltr'>CCCC</span> <span class='ocrx_word' id='word_1_110' title='bbox 807 743 836 767; x_wconf 82' lang='lat' dir='ltr'><em>et</em></span> <span class='ocrx_word' id='word_1_111' title='bbox 851 741 949 767; x_wconf 86' lang='lat' dir='ltr'>XXXI.</span> <span class='ocrx_word' id='word_1_112' title='bbox 970 751 984 764; x_wconf 74' lang='grc' dir='ltr'>α</span> <span class='ocrx_word' id='word_1_113' title='bbox 1007 739 1073 766; x_wconf 77' lang='lat' dir='ltr'><em>Tres</em></span> <span class='ocrx_word' id='word_1_114' title='bbox 1091 740 1231 766; x_wconf 87' lang='lat' dir='ltr'><em>excellent</em></span> <span class='ocrx_word' id='word_1_115' title='bbox 1250 740 1382 773; x_wconf 90' lang='lat' dir='ltr'><em>prince...</em></span> <span class='ocrx_word' id='word_1_116' title='bbox 1405 740 1506 766; x_wconf 88' lang='lat' dir='ltr'><em>Vostre</em></span> <span class='ocrx_word' id='word_1_117' title='bbox 1523 740 1622 766; x_wconf 84' lang='lat' dir='ltr'><em>roialle</em></span> <span class='ocrx_word' id='word_1_118' title='bbox 1638 740 1797 767; x_wconf 81' lang='lat' dir='ltr'><strong>excellence</strong></span> <span class='ocrx_word' id='word_1_119' title='bbox 1813 750 1838 767; x_wconf 64' lang='lat' dir='ltr'><em>n.</em></span> <span class='ocrx_word' id='word_1_120' title='bbox 1859 740 2021 776; x_wconf 88' lang='lat' dir='ltr'><em>Epistolam</em></span> <span class='ocrx_word' id='word_1_121' title='bbox 2040 741 2106 767; x_wconf 85' lang='lat' dir='ltr'><em>sub-</em></span> 
     </span>
     <span class='ocr_line' id='line_1_9' title="bbox 325 788 1490 826; baseline -0.001 -11"><span class='ocrx_word' id='word_1_122' title='bbox 325 790 463 826; x_wconf 85' lang='lat' dir='ltr'><em>scripsit:</em></span> <span class='ocrx_word' id='word_1_123' title='bbox 478 791 578 817; x_wconf 88' lang='lat' dir='ltr'><em>Vostre</em></span> <span class='ocrx_word' id='word_1_124' title='bbox 591 789 648 817; x_wconf 75' lang='lat' dir='ltr'><em>tres</em></span> <span class='ocrx_word' id='word_1_125' title='bbox 663 790 787 816; x_wconf 86' lang='lat' dir='ltr'><em>humble</em></span> <span class='ocrx_word' id='word_1_126' title='bbox 801 790 861 816; x_wconf 88' lang='lat' dir='ltr'><em>fille</em></span> <span class='ocrx_word' id='word_1_127' title='bbox 875 788 1055 816; x_wconf 76' lang='lat' dir='ltr'><em>l’Universite</em></span> <span class='ocrx_word' id='word_1_128' title='bbox 1070 789 1106 815; x_wconf 87' lang='lat' dir='ltr'><em>de</em></span> <span class='ocrx_word' id='word_1_129' title='bbox 1121 789 1206 815; x_wconf 84' lang='lat' dir='ltr'><em>Paris.</em></span> <span class='ocrx_word' id='word_1_130' title='bbox 1224 788 1324 814; x_wconf 83' lang='lat' dir='ltr'><em>Scriba</em></span> <span class='ocrx_word' id='word_1_131' title='bbox 1341 799 1349 814; x_wconf 90' lang='lat'><em>:</em></span> <span class='ocrx_word' id='word_1_132' title='bbox 1363 789 1490 815; x_wconf 78' lang='lat' dir='ltr'><strong>HEBERT.</strong></span> 
     </span>
    </p>
   </div>
   <div class='ocr_carea' id='block_1_3' title="bbox 1490 878 1817 907">
    <p class='ocr_par' dir='ltr' id='par_1_3' title="bbox 1490 878 1817 907">
     <span class='ocr_line' id='line_1_10' title="bbox 1490 878 1817 907; baseline 0.003 -4"><span class='ocrx_word' id='word_1_133' title='bbox 1490 878 1561 907; x_wconf 80' lang='grc'><em>1431,</em></span> <span class='ocrx_word' id='word_1_134' title='bbox 1577 878 1636 903; x_wconf 75' lang='lat' dir='ltr'><em>Maii</em></span> <span class='ocrx_word' id='word_1_135' title='bbox 1652 878 1687 907; x_wconf 76' lang='grc'><em>14,</em></span> <span class='ocrx_word' id='word_1_136' title='bbox 1703 878 1817 904; x_wconf 74' lang='lat' dir='ltr'><em>Parisiis.</em></span> 
     </span>
    </p>
   </div>
   <div class='ocr_carea' id='block_1_4' title="bbox 327 965 1619 996">
    <p class='ocr_par' dir='ltr' id='par_1_4' title="bbox 327 965 1619 996">
     <span class='ocr_line' id='line_1_11' title="bbox 327 965 1619 996; baseline -0.001 -7"><span class='ocrx_word' id='word_1_137' title='bbox 327 966 462 995; x_wconf 72' lang='lat' dir='ltr'><em>BULAEus,</em></span> <span class='ocrx_word' id='word_1_138' title='bbox 479 966 507 996; x_wconf 81' lang='lat' dir='ltr'><em>V,</em></span> <span class='ocrx_word' id='word_1_139' title='bbox 525 966 580 989; x_wconf 79' lang='lat'><strong>402.</strong></span> <span class='ocrx_word' id='word_1_140' title='bbox 597 966 766 994; x_wconf 74' lang='lat' dir='ltr'><em>chnERAT,</em></span> <span class='ocrx_word' id='word_1_141' title='bbox 783 966 894 996; x_wconf 50' lang='lat' dir='ltr'><em>Procas,</em></span> <span class='ocrx_word' id='word_1_142' title='bbox 910 966 930 994; x_wconf 74' lang='grc' dir='ltr'><em>Ι,</em></span> <span class='ocrx_word' id='word_1_143' title='bbox 946 966 1001 988; x_wconf 89' lang='grc'>407.</span> <span class='ocrx_word' id='word_1_144' title='bbox 1018 979 1045 983; x_wconf 89' lang='lat'>—</span> <span class='ocrx_word' id='word_1_145' title='bbox 1063 966 1168 989; x_wconf 77' lang='lat' dir='ltr'>VALLET</span> <span class='ocrx_word' id='word_1_146' title='bbox 1184 973 1218 989; x_wconf 77' lang='lat' dir='ltr'><em>m:</em></span> <span class='ocrx_word' id='word_1_147' title='bbox 1234 966 1383 993; x_wconf 72' lang='lat' dir='ltr'><em>V1n1v1LLE,</em></span> <span class='ocrx_word' id='word_1_148' title='bbox 1398 965 1508 994; x_wconf 70' lang='lat' dir='ltr'><em>Proces&#39;,</em></span> <span class='ocrx_word' id='word_1_149' title='bbox 1521 973 1548 996; x_wconf 93' lang='lat' dir='ltr'><em>p.</em></span> <span class='ocrx_word' id='word_1_150' title='bbox 1565 966 1619 989; x_wconf 78' lang='lat'><strong>206.</strong></span> 
     </span>
    </p>
   </div>
   <div class='ocr_carea' id='block_1_5' title="bbox 232 1137 2101 1278">
    <p class='ocr_par' dir='ltr' id='par_1_5' title="bbox 232 1137 2101 1278">
     <span class='ocr_line' id='line_1_12' title="bbox 232 1137 2101 1179; baseline 0 -9"><span class='ocrx_word' id='word_1_151' title='bbox 232 1137 376 1173; x_wconf 84' lang='grc'>2387,</span> <span class='ocrx_word' id='word_1_152' title='bbox 407 1145 581 1171; x_wconf 74' lang='grc' dir='ltr'><em>Πηίνενείίαε</em></span> <span class='ocrx_word' id='word_1_153' title='bbox 594 1144 688 1170; x_wconf 88' lang='lat' dir='ltr'><em>Paris.</em></span> <span class='ocrx_word' id='word_1_154' title='bbox 710 1143 807 1170; x_wconf 85' lang='lat' dir='ltr'><em>eodem</em></span> <span class='ocrx_word' id='word_1_155' title='bbox 822 1145 884 1177; x_wconf 82' lang='lat' dir='ltr'><em>fere</em></span> <span class='ocrx_word' id='word_1_156' title='bbox 899 1143 981 1169; x_wconf 87' lang='lat' dir='ltr'><em>modo</em></span> <span class='ocrx_word' id='word_1_157' title='bbox 1001 1143 1102 1169; x_wconf 85' lang='lat' dir='ltr'><em>scribit</em></span> <span class='ocrx_word' id='word_1_158' title='bbox 1122 1144 1254 1179; x_wconf 84' lang='lat' dir='ltr'><em>episcopo</em></span> <span class='ocrx_word' id='word_1_159' title='bbox 1277 1143 1453 1169; x_wconf 76' lang='lat' dir='ltr'><em>Belvacensi.</em></span> <span class='ocrx_word' id='word_1_160' title='bbox 1476 1144 1623 1177; x_wconf 79' lang='lat' dir='ltr'><em>Scriptum</em></span> <span class='ocrx_word' id='word_1_161' title='bbox 1645 1144 1767 1170; x_wconf 82' lang='lat' dir='ltr'><em>Parisius</em></span> <span class='ocrx_word' id='word_1_162' title='bbox 1781 1144 1812 1170; x_wconf 91' lang='lat' dir='ltr'><em>in</em></span> <span class='ocrx_word' id='word_1_163' title='bbox 1828 1145 1926 1170; x_wconf 85' lang='lat' dir='ltr'><em>nostra</em></span> <span class='ocrx_word' id='word_1_164' title='bbox 1941 1151 2101 1177; x_wconf 86' lang='lat' dir='ltr'><em>congrega-</em></span> 
     </span>
     <span class='ocr_line' id='line_1_13' title="bbox 319 1192 2099 1228; baseline -0.001 -7"><span class='ocrx_word' id='word_1_165' title='bbox 319 1196 399 1221; x_wconf 83' lang='lat' dir='ltr'><em>tione</em></span> <span class='ocrx_word' id='word_1_166' title='bbox 411 1194 537 1228; x_wconf 82' lang='lat' dir='ltr'><em>generali</em></span> <span class='ocrx_word' id='word_1_167' title='bbox 550 1194 629 1228; x_wconf 82' lang='lat' dir='ltr'><em>apud</em></span> <span class='ocrx_word' id='word_1_168' title='bbox 640 1194 666 1220; x_wconf 91' lang='lat' dir='ltr'><em>S.</em></span> <span class='ocrx_word' id='word_1_169' title='bbox 682 1193 865 1220; x_wconf 86' lang='lat' dir='ltr'><em>Bernardum</em></span> <span class='ocrx_word' id='word_1_170' title='bbox 876 1193 1044 1219; x_wconf 86' lang='lat' dir='ltr'><em>solemniter</em></span> <span class='ocrx_word' id='word_1_171' title='bbox 1053 1193 1195 1219; x_wconf 83' lang='lat' dir='ltr'><em>celebrata</em></span> <span class='ocrx_word' id='word_1_172' title='bbox 1205 1193 1251 1219; x_wconf 89' lang='lat' dir='ltr'><em>die</em></span> <span class='ocrx_word' id='word_1_173' title='bbox 1264 1193 1322 1227; x_wconf 85' lang='lat' dir='ltr'><em>xiiij</em></span> <span class='ocrx_word' id='word_1_174' title='bbox 1335 1193 1442 1219; x_wconf 82' lang='lat' dir='ltr'><em>mensis</em></span> <span class='ocrx_word' id='word_1_175' title='bbox 1452 1193 1528 1222; x_wconf 78' lang='lat' dir='ltr'><em>Maii,</em></span> <span class='ocrx_word' id='word_1_176' title='bbox 1542 1201 1621 1219; x_wconf 84' lang='lat' dir='ltr'><em>anno</em></span> <span class='ocrx_word' id='word_1_177' title='bbox 1634 1194 1719 1219; x_wconf 92' lang='lat' dir='ltr'><em>Dom.</em></span> <span class='ocrx_word' id='word_1_178' title='bbox 1736 1193 1891 1219; x_wconf 85' lang='lat' dir='ltr'><em>millesimo</em></span> <span class='ocrx_word' id='word_1_179' title='bbox 1901 1192 1990 1219; x_wconf 91' lang='lat' dir='ltr'>CCCC</span> <span class='ocrx_word' id='word_1_180' title='bbox 2000 1193 2099 1219; x_wconf 78' lang='lat' dir='ltr'>XXXI.</span> 
     </span>
     <span class='ocr_line' id='line_1_14' title="bbox 321 1241 2083 1278; baseline -0.001 -8"><span class='ocrx_word' id='word_1_181' title='bbox 321 1254 334 1268; x_wconf 93' lang='lat'>«</span> <span class='ocrx_word' id='word_1_182' title='bbox 348 1244 499 1270; x_wconf 82' lang='lat' dir='ltr'><em>Pastoralis</em></span> <span class='ocrx_word' id='word_1_183' title='bbox 514 1243 661 1276; x_wconf 82' lang='lat' dir='ltr'><em>vigilantie</em></span> <span class='ocrx_word' id='word_1_184' title='bbox 678 1252 702 1268; x_wconf 85' lang='lat'><em>».</em></span> <span class='ocrx_word' id='word_1_185' title='bbox 718 1241 880 1278; x_wconf 86' lang='lat' dir='ltr'><em>Epistolam</em></span> <span class='ocrx_word' id='word_1_186' title='bbox 895 1242 1067 1277; x_wconf 83' lang='lat' dir='ltr'><em>subscripsit</em></span> <span class='ocrx_word' id='word_1_187' title='bbox 1080 1251 1088 1267; x_wconf 90' lang='lat'><em>:</em></span> <span class='ocrx_word' id='word_1_188' title='bbox 1106 1252 1119 1265; x_wconf 84' lang='lat'><em>‹&lt;</em></span> <span class='ocrx_word' id='word_1_189' title='bbox 1136 1242 1228 1268; x_wconf 88' lang='lat' dir='ltr'><em>Vestri</em></span> <span class='ocrx_word' id='word_1_190' title='bbox 1241 1244 1334 1268; x_wconf 87' lang='lat' dir='ltr'><em>rector</em></span> <span class='ocrx_word' id='word_1_191' title='bbox 1348 1244 1377 1269; x_wconf 88' lang='lat' dir='ltr'><em>et</em></span> <span class='ocrx_word' id='word_1_192' title='bbox 1387 1242 1562 1269; x_wconf 86' lang='lat' dir='ltr'><em>Universitas</em></span> <span class='ocrx_word' id='word_1_193' title='bbox 1577 1242 1665 1268; x_wconf 85' lang='lat' dir='ltr'><em>studii</em></span> <span class='ocrx_word' id='word_1_194' title='bbox 1679 1242 1764 1268; x_wconf 85' lang='lat' dir='ltr'><em>Paris.</em></span> <span class='ocrx_word' id='word_1_195' title='bbox 1781 1252 1806 1268; x_wconf 65' lang='grc' dir='ltr'><em>υ.</em></span> <span class='ocrx_word' id='word_1_196' title='bbox 1821 1242 1921 1267; x_wconf 88' lang='lat' dir='ltr'><em>Scriba</em></span> <span class='ocrx_word' id='word_1_197' title='bbox 1933 1251 1941 1267; x_wconf 87' lang='grc'><em>.-</em></span> <span class='ocrx_word' id='word_1_198' title='bbox 1954 1242 2083 1269; x_wconf 76' lang='lat' dir='ltr'><strong>HEBERT.</strong></span> 
     </span>
    </p>
   </div>
   <div class='ocr_carea' id='block_1_6' title="bbox 325 1331 1816 1398">
    <p class='ocr_par' dir='ltr' id='par_1_6' title="bbox 325 1331 1816 1398">
     <span class='ocr_line' id='line_1_15' title="bbox 1485 1331 1816 1361; baseline 0 -5"><span class='ocrx_word' id='word_1_199' title='bbox 1485 1331 1555 1360; x_wconf 79' lang='lat'><em>7437,</em></span> <span class='ocrx_word' id='word_1_200' title='bbox 1571 1331 1631 1356; x_wconf 75' lang='lat' dir='ltr'><em>nasi</em></span> <span class='ocrx_word' id='word_1_201' title='bbox 1646 1332 1685 1361; x_wconf 80' lang='grc'><em>14,</em></span> <span class='ocrx_word' id='word_1_202' title='bbox 1703 1331 1816 1356; x_wconf 77' lang='lat' dir='ltr'><em>Parisiis.</em></span> 
     </span>
     <span class='ocr_line' id='line_1_16' title="bbox 325 1367 1103 1398; baseline -0.003 -7"><span class='ocrx_word' id='word_1_203' title='bbox 325 1368 460 1396; x_wconf 62' lang='lat' dir='ltr'><em>Boin-ms,</em></span> <span class='ocrx_word' id='word_1_204' title='bbox 476 1368 506 1396; x_wconf 86' lang='lat' dir='ltr'><em>V,</em></span> <span class='ocrx_word' id='word_1_205' title='bbox 522 1368 578 1391; x_wconf 86' lang='lat'><strong>403.</strong></span> <span class='ocrx_word' id='word_1_206' title='bbox 593 1381 621 1384; x_wconf 97' lang='lat'><strong>—</strong></span> <span class='ocrx_word' id='word_1_207' title='bbox 637 1367 806 1395; x_wconf 62' lang='lat' dir='ltr'><em>chnmnw,</em></span> <span class='ocrx_word' id='word_1_208' title='bbox 822 1367 932 1395; x_wconf 73' lang='lat' dir='ltr'><em>proces,</em></span> <span class='ocrx_word' id='word_1_209' title='bbox 949 1367 969 1396; x_wconf 76' lang='grc' dir='ltr'><em>Ι,</em></span> <span class='ocrx_word' id='word_1_210' title='bbox 985 1367 1031 1390; x_wconf 86' lang='grc'>408</span> <span class='ocrx_word' id='word_1_211' title='bbox 1046 1375 1103 1398; x_wconf 88' lang='lat' dir='ltr'><em>sqq.</em></span> 
     </span>
    </p>
   </div>
   <div class='ocr_carea' id='block_1_7' title="bbox 231 1538 2099 1730">
    <p class='ocr_par' dir='ltr' id='par_1_7' title="bbox 231 1538 2099 1730">
     <span class='ocr_line' id='line_1_17' title="bbox 231 1538 2099 1583; baseline -0.002 -8"><span class='ocrx_word' id='word_1_212' title='bbox 231 1538 375 1576; x_wconf 82' lang='grc'><strong>2388.</strong></span> <span class='ocrx_word' id='word_1_213' title='bbox 399 1548 472 1574; x_wconf 84' lang='grc' dir='ltr'><em>Μαίί</em></span> <span class='ocrx_word' id='word_1_214' title='bbox 487 1549 521 1575; x_wconf 87' lang='lat'><em>19</em></span> <span class='ocrx_word' id='word_1_215' title='bbox 535 1547 699 1573; x_wconf 88' lang='lat' dir='ltr'><em>deliberata</em></span> <span class='ocrx_word' id='word_1_216' title='bbox 713 1551 739 1573; x_wconf 86' lang='lat' dir='ltr'><em>et</em></span> <span class='ocrx_word' id='word_1_217' title='bbox 752 1547 895 1573; x_wconf 85' lang='lat' dir='ltr'><em>sententia</em></span> <span class='ocrx_word' id='word_1_218' title='bbox 916 1547 1113 1573; x_wconf 70' lang='lat' dir='ltr'><em>Universitatis</em></span> <span class='ocrx_word' id='word_1_219' title='bbox 1127 1547 1223 1573; x_wconf 86' lang='lat' dir='ltr'><em>Paris.</em></span> <span class='ocrx_word' id='word_1_220' title='bbox 1242 1547 1270 1573; x_wconf 90' lang='lat' dir='ltr'><em>in</em></span> <span class='ocrx_word' id='word_1_221' title='bbox 1285 1546 1399 1583; x_wconf 83' lang='lat' dir='ltr'><em>capella</em></span> <span class='ocrx_word' id='word_1_222' title='bbox 1415 1546 1659 1582; x_wconf 79' lang='lat' dir='ltr'><em>archiepiscopali</em></span> <span class='ocrx_word' id='word_1_223' title='bbox 1673 1547 1877 1581; x_wconf 79' lang='lat' dir='ltr'><em>Rotomagensi</em></span> <span class='ocrx_word' id='word_1_224' title='bbox 1894 1546 2099 1572; x_wconf 83' lang='lat' dir='ltr'><em>assistentibus</em></span> 
     </span>
     <span class='ocr_line' id='line_1_18' title="bbox 318 1595 2097 1633; baseline -0.001 -10"><span class='ocrx_word' id='word_1_225' title='bbox 318 1597 430 1623; x_wconf 80' lang='lat' dir='ltr'><em>duobus</em></span> <span class='ocrx_word' id='word_1_226' title='bbox 440 1597 590 1633; x_wconf 86' lang='lat' dir='ltr'><em>judicibus</em></span> <span class='ocrx_word' id='word_1_227' title='bbox 605 1596 729 1632; x_wconf 87' lang='lat' dir='ltr'><em>aliisque</em></span> <span class='ocrx_word' id='word_1_228' title='bbox 748 1597 823 1622; x_wconf 82' lang='lat' dir='ltr'><em>lecta</em></span> <span class='ocrx_word' id='word_1_229' title='bbox 839 1601 920 1630; x_wconf 81' lang='lat' dir='ltr'><em>sunt,·</em></span> <span class='ocrx_word' id='word_1_230' title='bbox 941 1597 975 1623; x_wconf 85' lang='grc'>48</span> <span class='ocrx_word' id='word_1_231' title='bbox 990 1596 1122 1631; x_wconf 74' lang='lat' dir='ltr'><em>magistri</em></span> <span class='ocrx_word' id='word_1_232' title='bbox 1140 1596 1250 1631; x_wconf 83' lang='lat' dir='ltr'><em>aliique</em></span> <span class='ocrx_word' id='word_1_233' title='bbox 1265 1600 1433 1632; x_wconf 79' lang='lat' dir='ltr'><em>praesentes</em></span> <span class='ocrx_word' id='word_1_234' title='bbox 1446 1595 1514 1632; x_wconf 84' lang='lat' dir='ltr'><em>plus</em></span> <span class='ocrx_word' id='word_1_235' title='bbox 1535 1596 1660 1621; x_wconf 74' lang='lat' dir='ltr'><em>minusve</em></span> <span class='ocrx_word' id='word_1_236' title='bbox 1673 1595 1877 1621; x_wconf 82' lang='lat' dir='ltr'><em>deliberationi</em></span> <span class='ocrx_word' id='word_1_237' title='bbox 1896 1596 2097 1621; x_wconf 74' lang='lat' dir='ltr'><em>Universitatis</em></span> 
     </span>
     <span class='ocr_line' id='line_1_19' title="bbox 316 1644 2099 1680; baseline -0.001 -8"><span class='ocrx_word' id='word_1_238' title='bbox 316 1646 528 1677; x_wconf 76' lang='lat' dir='ltr'><em>adlzaeserunt,·</em></span> <span class='ocrx_word' id='word_1_239' title='bbox 555 1645 634 1671; x_wconf 87' lang='lat' dir='ltr'><em>dicta</em></span> <span class='ocrx_word' id='word_1_240' title='bbox 657 1646 732 1680; x_wconf 76' lang='lat' dir='ltr'><em>virgo</em></span> <span class='ocrx_word' id='word_1_241' title='bbox 757 1645 852 1671; x_wconf 81' lang='lat' dir='ltr'><em>adhuc</em></span> <span class='ocrx_word' id='word_1_242' title='bbox 875 1649 1038 1679; x_wconf 85' lang='lat' dir='ltr'><em>monealur;</em></span> <span class='ocrx_word' id='word_1_243' title='bbox 1053 1645 1079 1671; x_wconf 84' lang='lat' dir='ltr'><em>si</em></span> <span class='ocrx_word' id='word_1_244' title='bbox 1099 1645 1170 1671; x_wconf 87' lang='lat' dir='ltr'><em>nolit</em></span> <span class='ocrx_word' id='word_1_245' title='bbox 1193 1654 1332 1678; x_wconf 78' lang='lat' dir='ltr'><em>revocare,</em></span> <span class='ocrx_word' id='word_1_246' title='bbox 1361 1645 1505 1671; x_wconf 83' lang='lat' dir='ltr'><em>censenda</em></span> <span class='ocrx_word' id='word_1_247' title='bbox 1525 1649 1568 1670; x_wconf 88' lang='lat' dir='ltr'><em>est</em></span> <span class='ocrx_word' id='word_1_248' title='bbox 1588 1644 1734 1670; x_wconf 82' lang='lat' dir='ltr'><em>haeretica</em></span> <span class='ocrx_word' id='word_1_249' title='bbox 1751 1649 1777 1670; x_wconf 91' lang='lat' dir='ltr'><em>et</em></span> <span class='ocrx_word' id='word_1_250' title='bbox 1790 1645 1927 1679; x_wconf 85' lang='lat' dir='ltr'><em>justitiae</em></span> <span class='ocrx_word' id='word_1_251' title='bbox 1950 1644 2099 1670; x_wconf 84' lang='lat' dir='ltr'><em>saeculari</em></span> 
     </span>
     <span class='ocr_line' id='line_1_20' title="bbox 317 1693 2098 1730; baseline -0.001 -10"><span class='ocrx_word' id='word_1_252' title='bbox 317 1694 518 1730; x_wconf 85' lang='lat' dir='ltr'><em>relinquenda.</em></span> <span class='ocrx_word' id='word_1_253' title='bbox 535 1695 609 1720; x_wconf 88' lang='lat' dir='ltr'><em>Maii</em></span> <span class='ocrx_word' id='word_1_254' title='bbox 624 1695 657 1721; x_wconf 74' lang='lat'><em>23</em></span> <span class='ocrx_word' id='word_1_255' title='bbox 671 1703 744 1729; x_wconf 75' lang='lat' dir='ltr'><em>mag.</em></span> <span class='ocrx_word' id='word_1_256' title='bbox 765 1695 868 1720; x_wconf 85' lang='lat' dir='ltr'><em>Petrus</em></span> <span class='ocrx_word' id='word_1_257' title='bbox 889 1694 1026 1719; x_wconf 71' lang='lat' dir='ltr'><em>Mam-icit</em></span> <span class='ocrx_word' id='word_1_258' title='bbox 1044 1693 1193 1720; x_wconf 82' lang='lat' dir='ltr'><em>Jolzannae</em></span> <span class='ocrx_word' id='word_1_259' title='bbox 1207 1694 1334 1729; x_wconf 80' lang='lat' dir='ltr'><em>perlegit</em></span> <span class='ocrx_word' id='word_1_260' title='bbox 1348 1693 1498 1719; x_wconf 79' lang='lat' dir='ltr'><em>duodecim</em></span> <span class='ocrx_word' id='word_1_261' title='bbox 1516 1693 1663 1727; x_wconf 81' lang='lat' dir='ltr'><em>articulos,</em></span> <span class='ocrx_word' id='word_1_262' title='bbox 1683 1693 1735 1719; x_wconf 88' lang='lat' dir='ltr'><em>sed</em></span> <span class='ocrx_word' id='word_1_263' title='bbox 1754 1693 1902 1727; x_wconf 69' lang='lat' dir='ltr'><em>breviatos,</em></span> <span class='ocrx_word' id='word_1_264' title='bbox 1926 1693 2098 1728; x_wconf 81' lang='lat' dir='ltr'><em>quandoque</em></span> 
     </span>
    </p>
   </div>
   <div class='ocr_carea' id='block_1_8' title="bbox 316 1742 1535 1778">
    <p class='ocr_par' dir='ltr' id='par_1_8' title="bbox 316 1742 1535 1778">
     <span class='ocr_line' id='line_1_21' title="bbox 316 1742 1535 1778; baseline -0.001 -9"><span class='ocrx_word' id='word_1_265' title='bbox 316 1748 449 1778; x_wconf 80' lang='lat' dir='ltr'><em>mutatos,</em></span> <span class='ocrx_word' id='word_1_266' title='bbox 468 1743 592 1778; x_wconf 83' lang='lat' dir='ltr'><em>singulis</em></span> <span class='ocrx_word' id='word_1_267' title='bbox 606 1752 701 1769; x_wconf 87' lang='lat' dir='ltr'><em>eorum</em></span> <span class='ocrx_word' id='word_1_268' title='bbox 715 1743 826 1769; x_wconf 87' lang='lat' dir='ltr'><em>addens</em></span> <span class='ocrx_word' id='word_1_269' title='bbox 839 1743 1011 1769; x_wconf 88' lang='lat' dir='ltr'><em>sententiam</em></span> <span class='ocrx_word' id='word_1_270' title='bbox 1027 1752 1045 1768; x_wconf 91' lang='lat' dir='ltr'><em>a</em></span> <span class='ocrx_word' id='word_1_271' title='bbox 1058 1742 1201 1777; x_wconf 85' lang='lat' dir='ltr'><em>facultate</em></span> <span class='ocrx_word' id='word_1_272' title='bbox 1218 1743 1303 1769; x_wconf 81' lang='lat' dir='ltr'><em>tlzeol.</em></span> <span class='ocrx_word' id='word_1_273' title='bbox 1321 1743 1415 1769; x_wconf 87' lang='lat' dir='ltr'><em>Paris.</em></span> <span class='ocrx_word' id='word_1_274' title='bbox 1433 1742 1535 1768; x_wconf 84' lang='lat' dir='ltr'><em>latam.</em></span> 
     </span>
    </p>
   </div>
   <div class='ocr_carea' id='block_1_9' title="bbox 319 1831 2092 1943">
    <p class='ocr_par' dir='ltr' id='par_1_9' title="bbox 319 1831 2092 1943">
     <span class='ocr_line' id='line_1_22' title="bbox 1399 1831 1809 1864; baseline 0 -7"><span class='ocrx_word' id='word_1_275' title='bbox 1399 1831 1466 1861; x_wconf 78' lang='lat'><strong><em>1431,</em></strong></span> <span class='ocrx_word' id='word_1_276' title='bbox 1483 1832 1543 1857; x_wconf 77' lang='lat' dir='ltr'><em>Maii</em></span> <span class='ocrx_word' id='word_1_277' title='bbox 1558 1833 1596 1860; x_wconf 87' lang='grc'><em>19,</em></span> <span class='ocrx_word' id='word_1_278' title='bbox 1611 1832 1654 1860; x_wconf 81' lang='grc'><em>23,</em></span> <span class='ocrx_word' id='word_1_279' title='bbox 1670 1832 1809 1864; x_wconf 71' lang='lat' dir='ltr'><em>Rotomagi.</em></span> 
     </span>
     <span class='ocr_line' id='line_1_23' title="bbox 319 1867 995 1900; baseline -0.003 -9"><span class='ocrx_word' id='word_1_280' title='bbox 319 1867 489 1900; x_wconf 72' lang='lat' dir='ltr'><strong>QUICHERAT,</strong></span> <span class='ocrx_word' id='word_1_281' title='bbox 505 1868 615 1897; x_wconf 78' lang='lat' dir='ltr'><em>Proces,</em></span> <span class='ocrx_word' id='word_1_282' title='bbox 630 1868 649 1895; x_wconf 94' lang='grc' dir='ltr'><em>Ι,</em></span> <span class='ocrx_word' id='word_1_283' title='bbox 666 1868 720 1895; x_wconf 84' lang='grc'>404,</span> <span class='ocrx_word' id='word_1_284' title='bbox 734 1868 789 1896; x_wconf 76' lang='grc'>422,</span> <span class='ocrx_word' id='word_1_285' title='bbox 806 1868 861 1896; x_wconf 75' lang='lat'><em>429,</em></span> <span class='ocrx_word' id='word_1_286' title='bbox 878 1867 995 1890; x_wconf 84' lang='grc'>430-441.</span> 
     </span>
     <span class='ocr_line' id='line_1_24' title="bbox 320 1911 2092 1943; baseline 0 -8"><span class='ocrx_word' id='word_1_287' title='bbox 320 1912 454 1935; x_wconf 77' lang='lat' dir='ltr'><em>Sententia</em></span> <span class='ocrx_word' id='word_1_288' title='bbox 470 1911 658 1935; x_wconf 78' lang='lat' dir='ltr'><em>Universitatis</em></span> <span class='ocrx_word' id='word_1_289' title='bbox 674 1912 759 1935; x_wconf 69' lang='lat' dir='ltr'><em>Paris.</em></span> <span class='ocrx_word' id='word_1_290' title='bbox 773 1912 848 1943; x_wconf 78' lang='lat' dir='ltr'><em>quasi</em></span> <span class='ocrx_word' id='word_1_291' title='bbox 865 1911 1003 1935; x_wconf 77' lang='lat' dir='ltr'><em>decidebat</em></span> <span class='ocrx_word' id='word_1_292' title='bbox 1015 1920 1132 1940; x_wconf 83' lang='lat' dir='ltr'><em>causam,</em></span> <span class='ocrx_word' id='word_1_293' title='bbox 1150 1919 1229 1942; x_wconf 84' lang='lat' dir='ltr'><em>quam</em></span> <span class='ocrx_word' id='word_1_294' title='bbox 1244 1911 1352 1934; x_wconf 89' lang='lat' dir='ltr'><em>nuncin</em></span> <span class='ocrx_word' id='word_1_295' title='bbox 1368 1919 1418 1934; x_wconf 91' lang='lat' dir='ltr'><em>uno</em></span> <span class='ocrx_word' id='word_1_296' title='bbox 1434 1911 1577 1942; x_wconf 81' lang='lat' dir='ltr'><em>eodemque</em></span> <span class='ocrx_word' id='word_1_297' title='bbox 1591 1911 1632 1934; x_wconf 89' lang='lat' dir='ltr'><em>die</em></span> <span class='ocrx_word' id='word_1_298' title='bbox 1647 1911 1768 1934; x_wconf 82' lang='lat' dir='ltr'><em>concludi</em></span> <span class='ocrx_word' id='word_1_299' title='bbox 1781 1914 1806 1934; x_wconf 82' lang='lat' dir='ltr'><em>et</em></span> <span class='ocrx_word' id='word_1_300' title='bbox 1816 1911 1920 1934; x_wconf 79' lang='lat' dir='ltr'><em>definiri</em></span> <span class='ocrx_word' id='word_1_301' title='bbox 1933 1919 2011 1942; x_wconf 81' lang='lat' dir='ltr'><em>posse</em></span> <span class='ocrx_word' id='word_1_302' title='bbox 2023 1919 2092 1942; x_wconf 85' lang='lat' dir='ltr'><em>mag.</em></span> 
     </span>
    </p>
   </div>
   <div class='ocr_carea' id='block_1_10' title="bbox 226 1955 2095 1987">
    <p class='ocr_par' dir='ltr' id='par_1_10' title="bbox 226 1955 2095 1987">
     <span class='ocr_line' id='line_1_25' title="bbox 226 1955 2095 1987; baseline -0.001 -8"><span class='ocrx_word' id='word_1_303' title='bbox 226 1957 347 1980; x_wconf 78' lang='lat' dir='ltr'><em>Nicolaus</em></span> <span class='ocrx_word' id='word_1_304' title='bbox 363 1957 394 1980; x_wconf 88' lang='lat' dir='ltr'><em>de</em></span> <span class='ocrx_word' id='word_1_305' title='bbox 411 1957 543 1980; x_wconf 77' lang='lat' dir='ltr'><em>Venderes</em></span> <span class='ocrx_word' id='word_1_306' title='bbox 559 1956 700 1979; x_wconf 81' lang='lat' dir='ltr'><em>affirmavit</em></span> <span class='ocrx_word' id='word_1_307' title='bbox 717 1958 752 1987; x_wconf 88' lang='lat' dir='ltr'><em>(p.</em></span> <span class='ocrx_word' id='word_1_308' title='bbox 766 1957 832 1986; x_wconf 74' lang='grc'>423).</span> <span class='ocrx_word' id='word_1_309' title='bbox 850 1956 884 1979; x_wconf 82' lang='lat' dir='ltr'><em>lis</em></span> <span class='ocrx_word' id='word_1_310' title='bbox 900 1956 945 1987; x_wconf 87' lang='lat' dir='ltr'><em>qui</em></span> <span class='ocrx_word' id='word_1_311' title='bbox 961 1957 1076 1979; x_wconf 85' lang='lat' dir='ltr'><em>nondum</em></span> <span class='ocrx_word' id='word_1_312' title='bbox 1092 1956 1171 1987; x_wconf 79' lang='lat' dir='ltr'><em>plane</em></span> <span class='ocrx_word' id='word_1_313' title='bbox 1187 1956 1411 1985; x_wconf 74' lang='lat' dir='ltr'><em>deliberaverant,</em></span> <span class='ocrx_word' id='word_1_314' title='bbox 1426 1955 1571 1985; x_wconf 76' lang='lat' dir='ltr'><em>dicebatur,</em></span> <span class='ocrx_word' id='word_1_315' title='bbox 1589 1965 1599 1979; x_wconf 69' lang='lat'><em>(⁴</em></span> <span class='ocrx_word' id='word_1_316' title='bbox 1617 1956 1686 1987; x_wconf 88' lang='lat' dir='ltr'><em>quod</em></span> <span class='ocrx_word' id='word_1_317' title='bbox 1702 1959 1823 1978; x_wconf 83' lang='lat' dir='ltr'><em>tenentur</em></span> <span class='ocrx_word' id='word_1_318' title='bbox 1840 1956 1986 1979; x_wconf 77' lang='lat' dir='ltr'><em>deliberare</em></span> <span class='ocrx_word' id='word_1_319' title='bbox 2001 1964 2095 1979; x_wconf 82' lang='lat' dir='ltr'><em>secun-</em></span> 
     </span>
    </p>
   </div>
   <div class='ocr_carea' id='block_1_11' title="bbox 220 2000 2094 2210">
    <p class='ocr_par' dir='ltr' id='par_1_11' title="bbox 225 2000 961 2032">
     <span class='ocr_line' id='line_1_26' title="bbox 225 2000 961 2032; baseline 0 -8"><span class='ocrx_word' id='word_1_320' title='bbox 225 2001 288 2024; x_wconf 87' lang='lat' dir='ltr'><em>dum</em></span> <span class='ocrx_word' id='word_1_321' title='bbox 303 2001 521 2024; x_wconf 79' lang='lat' dir='ltr'><em>deliberationem</em></span> <span class='ocrx_word' id='word_1_322' title='bbox 536 2001 724 2024; x_wconf 77' lang='lat' dir='ltr'><em>Universitatis</em></span> <span class='ocrx_word' id='word_1_323' title='bbox 740 2000 823 2024; x_wconf 77' lang='lat' dir='ltr'><em>Paris.</em></span> <span class='ocrx_word' id='word_1_324' title='bbox 840 2010 853 2022; x_wconf 63' lang='grc' dir='ltr'>ν</span> <span class='ocrx_word' id='word_1_325' title='bbox 866 2001 961 2032; x_wconf 86' lang='lat' dir='ltr'><em>(ibid.).</em></span> 
     </span>
    </p>

    <p class='ocr_par' dir='ltr' id='par_1_12' title="bbox 220 2044 2094 2210">
     <span class='ocr_line' id='line_1_27' title="bbox 318 2044 2093 2076; baseline -0.001 -8"><span class='ocrx_word' id='word_1_326' title='bbox 318 2045 390 2073; x_wconf 91' lang='lat' dir='ltr'><em>Quae</em></span> <span class='ocrx_word' id='word_1_327' title='bbox 402 2048 495 2076; x_wconf 84' lang='lat' dir='ltr'><em>postea</em></span> <span class='ocrx_word' id='word_1_328' title='bbox 511 2048 663 2074; x_wconf 78' lang='lat' dir='ltr'><em>evenerunt,</em></span> <span class='ocrx_word' id='word_1_329' title='bbox 675 2048 737 2068; x_wconf 77' lang='lat' dir='ltr'><em>nota</em></span> <span class='ocrx_word' id='word_1_330' title='bbox 752 2048 814 2068; x_wconf 83' lang='lat' dir='ltr'><em>sunt</em></span> <span class='ocrx_word' id='word_1_331' title='bbox 829 2049 854 2068; x_wconf 82' lang='lat' dir='ltr'><em>et</em></span> <span class='ocrx_word' id='word_1_332' title='bbox 869 2045 902 2067; x_wconf 89' lang='lat' dir='ltr'><em>ad</em></span> <span class='ocrx_word' id='word_1_333' title='bbox 915 2045 1134 2069; x_wconf 79' lang='lat' dir='ltr'><em>Chartularium</em></span> <span class='ocrx_word' id='word_1_334' title='bbox 1150 2044 1192 2067; x_wconf 82' lang='lat' dir='ltr'><em>vix</em></span> <span class='ocrx_word' id='word_1_335' title='bbox 1206 2044 1348 2075; x_wconf 80' lang='lat' dir='ltr'><em>pertinent.</em></span> <span class='ocrx_word' id='word_1_336' title='bbox 1364 2044 1545 2075; x_wconf 77' lang='lat' dir='ltr'><em>Adjungamus</em></span> <span class='ocrx_word' id='word_1_337' title='bbox 1561 2047 1673 2073; x_wconf 81' lang='lat' dir='ltr'><em>tantum,</em></span> <span class='ocrx_word' id='word_1_338' title='bbox 1689 2044 1750 2067; x_wconf 79' lang='lat' dir='ltr'><em>Maii</em></span> <span class='ocrx_word' id='word_1_339' title='bbox 1764 2045 1793 2067; x_wconf 63' lang='lat'><em>24</em></span> <span class='ocrx_word' id='word_1_340' title='bbox 1808 2044 1921 2075; x_wconf 83' lang='lat' dir='ltr'><em>primam</em></span> <span class='ocrx_word' id='word_1_341' title='bbox 1937 2044 2093 2067; x_wconf 84' lang='lat' dir='ltr'><em>sententiam</em></span> 
     </span>
     <span class='ocr_line' id='line_1_28' title="bbox 220 2088 2094 2121; baseline -0.001 -8"><span class='ocrx_word' id='word_1_342' title='bbox 220 2090 339 2121; x_wconf 85' lang='lat' dir='ltr'><em>judicum</em></span> <span class='ocrx_word' id='word_1_343' title='bbox 354 2090 436 2113; x_wconf 76' lang='lat' dir='ltr'><em>latam</em></span> <span class='ocrx_word' id='word_1_344' title='bbox 452 2090 543 2118; x_wconf 78' lang='lat' dir='ltr'><em>fuisse,</em></span> <span class='ocrx_word' id='word_1_345' title='bbox 561 2090 732 2114; x_wconf 83' lang='lat' dir='ltr'><em>Guillelmum</em></span> <span class='ocrx_word' id='word_1_346' title='bbox 747 2090 841 2113; x_wconf 85' lang='lat' dir='ltr'><em>Erardi</em></span> <span class='ocrx_word' id='word_1_347' title='bbox 857 2091 943 2121; x_wconf 82' lang='lat' dir='ltr'><em>(quem</em></span> <span class='ocrx_word' id='word_1_348' title='bbox 959 2089 1007 2112; x_wconf 80' lang='lat' dir='ltr'><em>hac</em></span> <span class='ocrx_word' id='word_1_349' title='bbox 1027 2090 1164 2112; x_wconf 78' lang='lat' dir='ltr'><em>occasione</em></span> <span class='ocrx_word' id='word_1_350' title='bbox 1182 2089 1357 2118; x_wconf 72' lang='lat' dir='ltr'>BEAUGOURT,</span> <span class='ocrx_word' id='word_1_351' title='bbox 1374 2088 1447 2113; x_wconf 79' lang='lat' dir='ltr'><em>Hist.</em></span> <span class='ocrx_word' id='word_1_352' title='bbox 1465 2090 1498 2112; x_wconf 78' lang='lat' dir='ltr'><em>de</em></span> <span class='ocrx_word' id='word_1_353' title='bbox 1517 2089 1632 2114; x_wconf 82' lang='lat' dir='ltr'><em>charles</em></span> <span class='ocrx_word' id='word_1_354' title='bbox 1653 2089 1714 2117; x_wconf 80' lang='lat' dir='ltr'><strong><em>VII,</em></strong></span> <span class='ocrx_word' id='word_1_355' title='bbox 1731 2092 1748 2112; x_wconf 88' lang='lat' dir='ltr'><em>t.</em></span> <span class='ocrx_word' id='word_1_356' title='bbox 1771 2090 1803 2119; x_wconf 81' lang='grc' dir='ltr'><em>ΙΙ,</em></span> <span class='ocrx_word' id='word_1_357' title='bbox 1819 2097 1845 2120; x_wconf 91' lang='lat' dir='ltr'><em>p.</em></span> <span class='ocrx_word' id='word_1_358' title='bbox 1862 2090 1916 2118; x_wconf 75' lang='grc'>248,</span> <span class='ocrx_word' id='word_1_359' title='bbox 1934 2092 1961 2112; x_wconf 83' lang='lat' dir='ltr'><em>ut</em></span> <span class='ocrx_word' id='word_1_360' title='bbox 1978 2098 1989 2112; x_wconf 85' lang='lat'>«</span> <span class='ocrx_word' id='word_1_361' title='bbox 2010 2089 2094 2112; x_wconf 84' lang='lat' dir='ltr'><em>domi-</em></span> 
     </span>
     <span class='ocr_line' id='line_1_29' title="bbox 225 2133 2092 2166; baseline -0.001 -9"><span class='ocrx_word' id='word_1_362' title='bbox 225 2134 311 2157; x_wconf 81' lang='lat' dir='ltr'><em>nicain</em></span> <span class='ocrx_word' id='word_1_363' title='bbox 327 2142 339 2157; x_wconf 76' lang='lat'><em>&gt;2</em></span> <span class='ocrx_word' id='word_1_364' title='bbox 361 2134 506 2165; x_wconf 82' lang='lat' dir='ltr'><em>designat!)</em></span> <span class='ocrx_word' id='word_1_365' title='bbox 527 2134 634 2165; x_wconf 83' lang='lat' dir='ltr'><em>publice</em></span> <span class='ocrx_word' id='word_1_366' title='bbox 652 2142 740 2157; x_wconf 82' lang='lat' dir='ltr'><em>coram</em></span> <span class='ocrx_word' id='word_1_367' title='bbox 760 2134 882 2157; x_wconf 81' lang='lat' dir='ltr'><em>Johannu</em></span> <span class='ocrx_word' id='word_1_368' title='bbox 902 2134 1014 2166; x_wconf 81' lang='lat' dir='ltr'><em>aliisque</em></span> <span class='ocrx_word' id='word_1_369' title='bbox 1034 2134 1242 2165; x_wconf 73' lang='lat' dir='ltr'><em>praedicavisse,</em></span> <span class='ocrx_word' id='word_1_370' title='bbox 1262 2136 1287 2156; x_wconf 83' lang='lat' dir='ltr'><em>et</em></span> <span class='ocrx_word' id='word_1_371' title='bbox 1307 2133 1457 2156; x_wconf 81' lang='lat' dir='ltr'><em>Johannam</em></span> <span class='ocrx_word' id='word_1_372' title='bbox 1479 2133 1654 2164; x_wconf 77' lang='lat' dir='ltr'><em>abjuravissc,</em></span> <span class='ocrx_word' id='word_1_373' title='bbox 1673 2137 1735 2165; x_wconf 84' lang='lat' dir='ltr'><em>post</em></span> <span class='ocrx_word' id='word_1_374' title='bbox 1754 2142 1830 2165; x_wconf 84' lang='lat' dir='ltr'><em>quem</em></span> <span class='ocrx_word' id='word_1_375' title='bbox 1851 2137 1938 2156; x_wconf 82' lang='lat' dir='ltr'><em>actum</em></span> <span class='ocrx_word' id='word_1_376' title='bbox 1960 2133 2092 2157; x_wconf 84' lang='lat' dir='ltr'><em>Johunnes</em></span> 
     </span>
     <span class='ocr_line' id='line_1_30' title="bbox 225 2177 2092 2210; baseline 0 -9"><span class='ocrx_word' id='word_1_377' title='bbox 225 2178 417 2210; x_wconf 81' lang='lat' dir='ltr'><em>Pulchripatris</em></span> <span class='ocrx_word' id='word_1_378' title='bbox 433 2179 466 2202; x_wconf 89' lang='lat' dir='ltr'><em>ad</em></span> <span class='ocrx_word' id='word_1_379' title='bbox 483 2179 629 2202; x_wconf 81' lang='lat' dir='ltr'><em>Concilium</em></span> <span class='ocrx_word' id='word_1_380' title='bbox 645 2179 727 2202; x_wconf 81' lang='lat' dir='ltr'><em>Basil.</em></span> <span class='ocrx_word' id='word_1_381' title='bbox 743 2180 879 2210; x_wconf 80' lang='lat' dir='ltr'><em>profectus</em></span> <span class='ocrx_word' id='word_1_382' title='bbox 898 2182 953 2207; x_wconf 76' lang='lat' dir='ltr'><em>est;</em></span> <span class='ocrx_word' id='word_1_383' title='bbox 969 2179 1030 2202; x_wconf 83' lang='lat' dir='ltr'><em>Maii</em></span> <span class='ocrx_word' id='word_1_384' title='bbox 1046 2180 1075 2202; x_wconf 89' lang='lat'><em>30</em></span> <span class='ocrx_word' id='word_1_385' title='bbox 1095 2178 1252 2202; x_wconf 69' lang='lat' dir='ltr'><em>sententiam</em></span> <span class='ocrx_word' id='word_1_386' title='bbox 1272 2177 1436 2201; x_wconf 76' lang='lat' dir='ltr'><em>definitivam</em></span> <span class='ocrx_word' id='word_1_387' title='bbox 1452 2177 1478 2200; x_wconf 87' lang='lat' dir='ltr'><em>in</em></span> <span class='ocrx_word' id='word_1_388' title='bbox 1499 2186 1509 2200; x_wconf 72' lang='grc' dir='ltr'><em>(ι</em></span> <span class='ocrx_word' id='word_1_389' title='bbox 1527 2178 1661 2209; x_wconf 75' lang='lat' dir='ltr'><em>relapsam</em></span> <span class='ocrx_word' id='word_1_390' title='bbox 1677 2187 1688 2201; x_wconf 88' lang='grc'><em>))</em></span> <span class='ocrx_word' id='word_1_391' title='bbox 1703 2181 1819 2201; x_wconf 76' lang='lat' dir='ltr'><em>secutam</em></span> <span class='ocrx_word' id='word_1_392' title='bbox 1833 2186 1899 2208; x_wconf 77' lang='lat' dir='ltr'><em>esse,</em></span> <span class='ocrx_word' id='word_1_393' title='bbox 1916 2181 1940 2201; x_wconf 77' lang='lat' dir='ltr'><em>et</em></span> <span class='ocrx_word' id='word_1_394' title='bbox 1956 2178 2092 2201; x_wconf 81' lang='lat' dir='ltr'><em>Nicolaum</em></span> 
     </span>
    </p>
   </div>
   <div class='ocr_carea' id='block_1_12' title="bbox 225 2223 1222 2254">
    <p class='ocr_par' dir='ltr' id='par_1_13' title="bbox 225 2223 1222 2254">
     <span class='ocr_line' id='line_1_31' title="bbox 225 2223 1222 2254; baseline 0 -8"><span class='ocrx_word' id='word_1_395' title='bbox 225 2223 304 2254; x_wconf 76' lang='lat' dir='ltr'><em>Midy,</em></span> <span class='ocrx_word' id='word_1_396' title='bbox 321 2226 462 2254; x_wconf 86' lang='lat' dir='ltr'><em>antequam</em></span> <span class='ocrx_word' id='word_1_397' title='bbox 478 2224 600 2247; x_wconf 83' lang='lat' dir='ltr'><em>Johannn</em></span> <span class='ocrx_word' id='word_1_398' title='bbox 615 2224 729 2246; x_wconf 84' lang='lat' dir='ltr'><em>flammis</em></span> <span class='ocrx_word' id='word_1_399' title='bbox 745 2224 938 2251; x_wconf 82' lang='lat' dir='ltr'><em>absumeretur,</em></span> <span class='ocrx_word' id='word_1_400' title='bbox 957 2232 1104 2246; x_wconf 86' lang='lat' dir='ltr'><em>sermonem</em></span> <span class='ocrx_word' id='word_1_401' title='bbox 1120 2223 1222 2247; x_wconf 78' lang='lat' dir='ltr'><em>secisse.</em></span> 
     </span>
    </p>
   </div>
   <div class='ocr_carea' id='block_1_13' title="bbox 225 2393 2089 2732">
    <p class='ocr_par' dir='ltr' id='par_1_14' title="bbox 225 2393 2089 2586">
     <span class='ocr_line' id='line_1_32' title="bbox 225 2393 2089 2441; baseline -0.001 -12"><span class='ocrx_word' id='word_1_402' title='bbox 225 2393 369 2430; x_wconf 78' lang='lat'><strong>2389.</strong></span> <span class='ocrx_word' id='word_1_403' title='bbox 392 2403 534 2429; x_wconf 79' lang='lat' dir='ltr'><em>Henricus</em></span> <span class='ocrx_word' id='word_1_404' title='bbox 553 2404 595 2438; x_wconf 62' lang='grc' dir='ltr'><em>ΙΙΙ,</em></span> <span class='ocrx_word' id='word_1_405' title='bbox 623 2405 764 2430; x_wconf 85' lang='lat' dir='ltr'><em>Franciae</em></span> <span class='ocrx_word' id='word_1_406' title='bbox 779 2404 960 2440; x_wconf 75' lang='lat' dir='ltr'><em>Angliaeque</em></span> <span class='ocrx_word' id='word_1_407' title='bbox 982 2414 1041 2439; x_wconf 56' lang='lat' dir='ltr'><em>rex&gt;</em></span> <span class='ocrx_word' id='word_1_408' title='bbox 1066 2406 1184 2441; x_wconf 79' lang='lat' dir='ltr'><em>exponit</em></span> <span class='ocrx_word' id='word_1_409' title='bbox 1200 2405 1338 2440; x_wconf 80' lang='lat' dir='ltr'><em>quomodo</em></span> <span class='ocrx_word' id='word_1_410' title='bbox 1353 2405 1486 2431; x_wconf 75' lang='lat' dir='ltr'><em>Johamza</em></span> <span class='ocrx_word' id='word_1_411' title='bbox 1508 2405 1547 2430; x_wconf 88' lang='lat' dir='ltr'><em>sit</em></span> <span class='ocrx_word' id='word_1_412' title='bbox 1562 2408 1657 2440; x_wconf 71' lang='lat' dir='ltr'><em>capta,</em></span> <span class='ocrx_word' id='word_1_413' title='bbox 1682 2403 1863 2439; x_wconf 85' lang='lat' dir='ltr'><em>inquisitioni</em></span> <span class='ocrx_word' id='word_1_414' title='bbox 1882 2403 2003 2437; x_wconf 80' lang='lat' dir='ltr'><em>tradita,</em></span> <span class='ocrx_word' id='word_1_415' title='bbox 2026 2405 2089 2437; x_wconf 86' lang='lat' dir='ltr'><em>foco</em></span> 
     </span>
     <span class='ocr_line' id='line_1_33' title="bbox 313 2451 2089 2490; baseline 0 -13"><span class='ocrx_word' id='word_1_416' title='bbox 313 2451 454 2478; x_wconf 85' lang='lat' dir='ltr'><em>damnata</em></span> <span class='ocrx_word' id='word_1_417' title='bbox 470 2456 497 2478; x_wconf 86' lang='lat' dir='ltr'><em>et</em></span> <span class='ocrx_word' id='word_1_418' title='bbox 510 2457 687 2488; x_wconf 84' lang='lat' dir='ltr'><em>consumpta,</em></span> <span class='ocrx_word' id='word_1_419' title='bbox 703 2462 738 2479; x_wconf 88' lang='lat' dir='ltr'><em>ne</em></span> <span class='ocrx_word' id='word_1_420' title='bbox 754 2453 819 2488; x_wconf 85' lang='lat' dir='ltr'><em>quis</em></span> <span class='ocrx_word' id='word_1_421' title='bbox 833 2462 943 2479; x_wconf 84' lang='lat' dir='ltr'><em>errores</em></span> <span class='ocrx_word' id='word_1_422' title='bbox 958 2458 985 2479; x_wconf 91' lang='lat' dir='ltr'><em>et</em></span> <span class='ocrx_word' id='word_1_423' title='bbox 999 2454 1145 2489; x_wconf 79' lang='lat' dir='ltr'><em>maleficia</em></span> <span class='ocrx_word' id='word_1_424' title='bbox 1160 2454 1309 2480; x_wconf 84' lang='lat' dir='ltr'><em>Johannae</em></span> <span class='ocrx_word' id='word_1_425' title='bbox 1322 2454 1468 2488; x_wconf 71' lang='lat' dir='ltr'><em>imitetur5</em></span> <span class='ocrx_word' id='word_1_426' title='bbox 1485 2454 1684 2490; x_wconf 80' lang='lat' dir='ltr'><em>promittitque</em></span> <span class='ocrx_word' id='word_1_427' title='bbox 1704 2462 1734 2478; x_wconf 88' lang='lat' dir='ltr'><em>se</em></span> <span class='ocrx_word' id='word_1_428' title='bbox 1748 2456 1941 2488; x_wconf 86' lang='lat' dir='ltr'><em>protecturum</em></span> <span class='ocrx_word' id='word_1_429' title='bbox 1959 2451 2089 2478; x_wconf 84' lang='lat' dir='ltr'><em>doctores</em></span> 
     </span>
     <span class='ocr_line' id='line_1_34' title="bbox 311 2501 2089 2538; baseline 0.001 -13"><span class='ocrx_word' id='word_1_430' title='bbox 311 2509 346 2526; x_wconf 80' lang='lat' dir='ltr'><em>ac</em></span> <span class='ocrx_word' id='word_1_431' title='bbox 361 2501 515 2535; x_wconf 78' lang='lat' dir='ltr'><em>magistros</em></span> <span class='ocrx_word' id='word_1_432' title='bbox 535 2501 734 2527; x_wconf 72' lang='lat' dir='ltr'><em>Universitatis</em></span> <span class='ocrx_word' id='word_1_433' title='bbox 749 2502 845 2529; x_wconf 86' lang='lat' dir='ltr'><em>Paris.</em></span> <span class='ocrx_word' id='word_1_434' title='bbox 862 2511 957 2528; x_wconf 86' lang='lat' dir='ltr'><em>coram</em></span> <span class='ocrx_word' id='word_1_435' title='bbox 968 2512 1050 2538; x_wconf 86' lang='lat' dir='ltr'><em>papa</em></span> <span class='ocrx_word' id='word_1_436' title='bbox 1068 2503 1108 2528; x_wconf 81' lang='lat' dir='ltr'><em>vel</em></span> <span class='ocrx_word' id='word_1_437' title='bbox 1126 2503 1258 2538; x_wconf 72' lang='lat' dir='ltr'><em>Concilio,</em></span> <span class='ocrx_word' id='word_1_438' title='bbox 1275 2503 1300 2528; x_wconf 88' lang='lat' dir='ltr'><em>si</em></span> <span class='ocrx_word' id='word_1_439' title='bbox 1314 2503 1430 2538; x_wconf 84' lang='lat' dir='ltr'><em>quando</em></span> <span class='ocrx_word' id='word_1_440' title='bbox 1444 2506 1565 2538; x_wconf 85' lang='lat' dir='ltr'><em>propter</em></span> <span class='ocrx_word' id='word_1_441' title='bbox 1579 2502 1652 2527; x_wconf 87' lang='lat' dir='ltr'><em>illud</em></span> <span class='ocrx_word' id='word_1_442' title='bbox 1661 2501 1804 2536; x_wconf 83' lang='lat' dir='ltr'><em>judicium</em></span> <span class='ocrx_word' id='word_1_443' title='bbox 1815 2502 1893 2536; x_wconf 84' lang='lat' dir='ltr'><em>juste</em></span> <span class='ocrx_word' id='word_1_444' title='bbox 1909 2505 1936 2526; x_wconf 89' lang='lat' dir='ltr'><em>et</em></span> <span class='ocrx_word' id='word_1_445' title='bbox 1953 2501 2089 2527; x_wconf 87' lang='lat' dir='ltr'><em>canonice</em></span> 
     </span>
     <span class='ocr_line' id='line_1_35' title="bbox 312 2549 2085 2586; baseline 0.001 -12"><span class='ocrx_word' id='word_1_446' title='bbox 312 2549 402 2575; x_wconf 87' lang='lat' dir='ltr'><em>latum</em></span> <span class='ocrx_word' id='word_1_447' title='bbox 416 2549 611 2575; x_wconf 84' lang='lat' dir='ltr'><em>turbarentur.</em></span> <span class='ocrx_word' id='word_1_448' title='bbox 627 2549 731 2577; x_wconf 78' lang='lat' dir='ltr'><em>Donne</em></span> <span class='ocrx_word' id='word_1_449' title='bbox 745 2550 760 2577; x_wconf 71' lang='grc' dir='ltr'><em>ἐι</em></span> <span class='ocrx_word' id='word_1_450' title='bbox 776 2552 878 2578; x_wconf 83' lang='lat' dir='ltr'><em>Rouen</em></span> <span class='ocrx_word' id='word_1_451' title='bbox 892 2552 919 2578; x_wconf 90' lang='lat' dir='ltr'><em>le</em></span> <span class='ocrx_word' id='word_1_452' title='bbox 928 2552 979 2585; x_wconf 76' lang='lat' dir='ltr'><em>xij⁰</em></span> <span class='ocrx_word' id='word_1_453' title='bbox 990 2553 1059 2585; x_wconf 87' lang='lat' dir='ltr'><em>jour</em></span> <span class='ocrx_word' id='word_1_454' title='bbox 1074 2553 1109 2578; x_wconf 85' lang='lat' dir='ltr'><em>de</em></span> <span class='ocrx_word' id='word_1_455' title='bbox 1124 2552 1214 2585; x_wconf 82' lang='lat' dir='ltr'><em>Juing</em></span> <span class='ocrx_word' id='word_1_456' title='bbox 1229 2552 1286 2578; x_wconf 80' lang='lat' dir='ltr'><em>l&#39;an</em></span> <span class='ocrx_word' id='word_1_457' title='bbox 1301 2552 1337 2578; x_wconf 86' lang='lat' dir='ltr'><em>de</em></span> <span class='ocrx_word' id='word_1_458' title='bbox 1352 2560 1435 2586; x_wconf 83' lang='lat' dir='ltr'><em>grace</em></span> <span class='ocrx_word' id='word_1_459' title='bbox 1449 2552 1476 2577; x_wconf 84' lang='lat' dir='ltr'><strong>M</strong></span> <span class='ocrx_word' id='word_1_460' title='bbox 1487 2551 1577 2578; x_wconf 92' lang='lat' dir='ltr'>CCCC</span> <span class='ocrx_word' id='word_1_461' title='bbox 1589 2552 1677 2577; x_wconf 82' lang='lat' dir='ltr'>XXXI</span> <span class='ocrx_word' id='word_1_462' title='bbox 1692 2553 1720 2577; x_wconf 81' lang='lat' dir='ltr'><em>et</em></span> <span class='ocrx_word' id='word_1_463' title='bbox 1734 2551 1760 2577; x_wconf 93' lang='lat' dir='ltr'><em>le</em></span> <span class='ocrx_word' id='word_1_464' title='bbox 1775 2551 1816 2576; x_wconf 73' lang='lat' dir='ltr'><em>ix⁰</em></span> <span class='ocrx_word' id='word_1_465' title='bbox 1829 2551 1864 2578; x_wconf 84' lang='lat' dir='ltr'><em>de</em></span> <span class='ocrx_word' id='word_1_466' title='bbox 1879 2552 1976 2576; x_wconf 90' lang='lat' dir='ltr'><em>nostre</em></span> <span class='ocrx_word' id='word_1_467' title='bbox 1988 2558 2085 2583; x_wconf 85' lang='lat' dir='ltr'><em>regne.</em></span> 
     </span>
    </p>

    <p class='ocr_par' dir='ltr' id='par_1_15' title="bbox 307 2598 2089 2732">
     <span class='ocr_line' id='line_1_36' title="bbox 346 2598 2089 2634; baseline 0.001 -10"><span class='ocrx_word' id='word_1_468' title='bbox 346 2599 399 2624; x_wconf 83' lang='lat' dir='ltr'><em>Par</em></span> <span class='ocrx_word' id='word_1_469' title='bbox 411 2599 438 2625; x_wconf 84' lang='lat' dir='ltr'><em>le</em></span> <span class='ocrx_word' id='word_1_470' title='bbox 451 2607 510 2633; x_wconf 82' lang='lat' dir='ltr'><em>roy,</em></span> <span class='ocrx_word' id='word_1_471' title='bbox 528 2598 544 2625; x_wconf 72' lang='lat' dir='ltr'><em>a</em></span> <span class='ocrx_word' id='word_1_472' title='bbox 559 2600 586 2625; x_wconf 85' lang='lat' dir='ltr'><em>la</em></span> <span class='ocrx_word' id='word_1_473' title='bbox 601 2600 724 2625; x_wconf 83' lang='lat' dir='ltr'><em>relation</em></span> <span class='ocrx_word' id='word_1_474' title='bbox 739 2600 779 2626; x_wconf 94' lang='lat' dir='ltr'><em>du</em></span> <span class='ocrx_word' id='word_1_475' title='bbox 795 2602 881 2633; x_wconf 83' lang='lat' dir='ltr'><em>grant</em></span> <span class='ocrx_word' id='word_1_476' title='bbox 899 2601 1005 2627; x_wconf 84' lang='lat' dir='ltr'><em>conseil</em></span> <span class='ocrx_word' id='word_1_477' title='bbox 1019 2603 1113 2627; x_wconf 83' lang='lat' dir='ltr'><em>estant</em></span> <span class='ocrx_word' id='word_1_478' title='bbox 1132 2601 1230 2627; x_wconf 85' lang='lat' dir='ltr'><em>devers</em></span> <span class='ocrx_word' id='word_1_479' title='bbox 1244 2601 1305 2634; x_wconf 82' lang='lat' dir='ltr'><em>luy,</em></span> <span class='ocrx_word' id='word_1_480' title='bbox 1322 2601 1432 2634; x_wconf 89' lang='lat' dir='ltr'><em>ouquel</em></span> <span class='ocrx_word' id='word_1_481' title='bbox 1449 2601 1571 2627; x_wconf 85' lang='lat' dir='ltr'><em>estoient</em></span> <span class='ocrx_word' id='word_1_482' title='bbox 1588 2600 1795 2633; x_wconf 85' lang='lat' dir='ltr'><em>monseigneur</em></span> <span class='ocrx_word' id='word_1_483' title='bbox 1810 2600 1836 2625; x_wconf 89' lang='lat' dir='ltr'><em>le</em></span> <span class='ocrx_word' id='word_1_484' title='bbox 1855 2599 1983 2625; x_wconf 82' lang='lat' dir='ltr'><em>cardinal</em></span> <span class='ocrx_word' id='word_1_485' title='bbox 1997 2599 2089 2625; x_wconf 82' lang='lat' dir='ltr'><em>d’An-</em></span> 
     </span>
     <span class='ocr_line' id='line_1_37' title="bbox 307 2647 2089 2682; baseline 0.001 -9"><span class='ocrx_word' id='word_1_486' title='bbox 307 2648 441 2681; x_wconf 83' lang='lat' dir='ltr'><em>gleterre,</em></span> <span class='ocrx_word' id='word_1_487' title='bbox 458 2647 557 2677; x_wconf 75' lang='lat' dir='ltr'><em>vous&#39;,</em></span> <span class='ocrx_word' id='word_1_488' title='bbox 574 2648 613 2674; x_wconf 85' lang='lat' dir='ltr'><em>les</em></span> <span class='ocrx_word' id='word_1_489' title='bbox 628 2656 764 2682; x_wconf 85' lang='lat' dir='ltr'><em>evesques</em></span> <span class='ocrx_word' id='word_1_490' title='bbox 778 2649 813 2675; x_wconf 92' lang='lat' dir='ltr'><em>de</em></span> <span class='ocrx_word' id='word_1_491' title='bbox 830 2650 974 2679; x_wconf 82' lang='lat' dir='ltr'><em>Beauvais,</em></span> <span class='ocrx_word' id='word_1_492' title='bbox 992 2650 1027 2676; x_wconf 88' lang='lat' dir='ltr'><em>de</em></span> <span class='ocrx_word' id='word_1_493' title='bbox 1042 2650 1132 2675; x_wconf 82' lang='lat' dir='ltr'><em>Nolon</em></span> <span class='ocrx_word' id='word_1_494' title='bbox 1147 2651 1175 2676; x_wconf 83' lang='lat' dir='ltr'><em>et</em></span> <span class='ocrx_word' id='word_1_495' title='bbox 1190 2650 1226 2676; x_wconf 88' lang='lat' dir='ltr'><em>de</em></span> <span class='ocrx_word' id='word_1_496' title='bbox 1242 2650 1387 2679; x_wconf 83' lang='lat' dir='ltr'><em>Norwich;</em></span> <span class='ocrx_word' id='word_1_497' title='bbox 1407 2650 1446 2675; x_wconf 84' lang='lat' dir='ltr'><em>les</em></span> <span class='ocrx_word' id='word_1_498' title='bbox 1463 2651 1561 2675; x_wconf 81' lang='lat' dir='ltr'><em>contos</em></span> <span class='ocrx_word' id='word_1_499' title='bbox 1578 2649 1613 2674; x_wconf 85' lang='lat' dir='ltr'><em>de</em></span> <span class='ocrx_word' id='word_1_500' title='bbox 1628 2649 1760 2675; x_wconf 84' lang='lat' dir='ltr'><em>Warvick</em></span> <span class='ocrx_word' id='word_1_501' title='bbox 1780 2650 1809 2675; x_wconf 81' lang='lat' dir='ltr'><em>et</em></span> <span class='ocrx_word' id='word_1_502' title='bbox 1823 2649 1858 2674; x_wconf 88' lang='lat' dir='ltr'><em>de</em></span> <span class='ocrx_word' id='word_1_503' title='bbox 1879 2648 2032 2677; x_wconf 75' lang='lat' dir='ltr'><em>Staufsort3</em></span> <span class='ocrx_word' id='word_1_504' title='bbox 2050 2649 2089 2675; x_wconf 87' lang='lat' dir='ltr'><em>les</em></span> 
     </span>
     <span class='ocr_line' id='line_1_38' title="bbox 310 2695 2089 2732; baseline 0.001 -10"><span class='ocrx_word' id='word_1_505' title='bbox 310 2695 396 2723; x_wconf 75' lang='lat' dir='ltr'><em>abbes</em></span> <span class='ocrx_word' id='word_1_506' title='bbox 410 2697 446 2723; x_wconf 87' lang='lat' dir='ltr'><em>de</em></span> <span class='ocrx_word' id='word_1_507' title='bbox 462 2697 598 2730; x_wconf 85' lang='lat' dir='ltr'><em>Fescamp</em></span> <span class='ocrx_word' id='word_1_508' title='bbox 614 2699 642 2723; x_wconf 89' lang='lat' dir='ltr'><em>et</em></span> <span class='ocrx_word' id='word_1_509' title='bbox 658 2698 699 2723; x_wconf 92' lang='lat' dir='ltr'><em>du</em></span> <span class='ocrx_word' id='word_1_510' title='bbox 712 2698 793 2723; x_wconf 88' lang='lat' dir='ltr'><em>Mont</em></span> <span class='ocrx_word' id='word_1_511' title='bbox 809 2698 1023 2728; x_wconf 79' lang='lat' dir='ltr'><em>Saint-Michel;</em></span> <span class='ocrx_word' id='word_1_512' title='bbox 1040 2699 1079 2724; x_wconf 80' lang='lat' dir='ltr'><em>les</em></span> <span class='ocrx_word' id='word_1_513' title='bbox 1094 2699 1242 2732; x_wconf 79' lang='lat' dir='ltr'><em>seigneurs</em></span> <span class='ocrx_word' id='word_1_514' title='bbox 1256 2699 1291 2725; x_wconf 91' lang='lat' dir='ltr'><em>de</em></span> <span class='ocrx_word' id='word_1_515' title='bbox 1304 2698 1474 2724; x_wconf 88' lang='lat' dir='ltr'><em>Cromwelle</em></span> <span class='ocrx_word' id='word_1_516' title='bbox 1484 2698 1558 2724; x_wconf 84' lang='lat' dir='ltr'><em>etde</em></span> <span class='ocrx_word' id='word_1_517' title='bbox 1570 2698 1693 2731; x_wconf 84' lang='lat' dir='ltr'><em>Tipetot,</em></span> <span class='ocrx_word' id='word_1_518' title='bbox 1707 2698 1743 2723; x_wconf 85' lang='lat' dir='ltr'><em>de</em></span> <span class='ocrx_word' id='word_1_519' title='bbox 1757 2696 1925 2724; x_wconf 79' lang='lat' dir='ltr'><em>Saint—Pere</em></span> <span class='ocrx_word' id='word_1_520' title='bbox 1939 2699 1967 2723; x_wconf 89' lang='lat' dir='ltr'><em>et</em></span> <span class='ocrx_word' id='word_1_521' title='bbox 1981 2697 2089 2724; x_wconf 82' lang='lat' dir='ltr'><em>aultres</em></span> 
     </span>
    </p>
   </div>
   <div class='ocr_carea' id='block_1_14' title="bbox 310 2746 1802 2824">
    <p class='ocr_par' dir='ltr' id='par_1_16' title="bbox 310 2746 1802 2824">
     <span class='ocr_line' id='line_1_39' title="bbox 310 2746 1173 2780; baseline 0.002 -9"><span class='ocrx_word' id='word_1_522' title='bbox 310 2746 453 2779; x_wconf 85' lang='lat' dir='ltr'><em>pluseurs.</em></span> <span class='ocrx_word' id='word_1_523' title='bbox 472 2760 505 2765; x_wconf 92' lang='lat'>—</span> <span class='ocrx_word' id='word_1_524' title='bbox 522 2755 535 2770; x_wconf 68' lang='grc' dir='ltr'><em>(ι</em></span> <span class='ocrx_word' id='word_1_525' title='bbox 552 2746 675 2773; x_wconf 90' lang='lat' dir='ltr'><em>Comme</em></span> <span class='ocrx_word' id='word_1_526' title='bbox 689 2747 791 2779; x_wconf 86' lang='lat' dir='ltr'><em>depuis</em></span> <span class='ocrx_word' id='word_1_527' title='bbox 806 2754 903 2773; x_wconf 85' lang='lat' dir='ltr'><em>aucun</em></span> <span class='ocrx_word' id='word_1_528' title='bbox 919 2749 1013 2780; x_wconf 85' lang='lat' dir='ltr'><em>temps</em></span> <span class='ocrx_word' id='word_1_529' title='bbox 1030 2759 1053 2773; x_wconf 72' lang='lat' dir='ltr'><em>n.</em></span> <span class='ocrx_word' id='word_1_530' title='bbox 1071 2748 1173 2773; x_wconf 70' lang='lat' dir='ltr'><em>CALor.</em></span> 
     </span>
     <span class='ocr_line' id='line_1_40' title="bbox 1446 2792 1802 2824; baseline 0 -7"><span class='ocrx_word' id='word_1_531' title='bbox 1446 2792 1513 2821; x_wconf 75' lang='lat'><strong><em>7437,</em></strong></span> <span class='ocrx_word' id='word_1_532' title='bbox 1528 2792 1598 2817; x_wconf 75' lang='lat' dir='ltr'><em>duni!</em></span> <span class='ocrx_word' id='word_1_533' title='bbox 1610 2792 1648 2821; x_wconf 83' lang='grc'><em>12,</em></span> <span class='ocrx_word' id='word_1_534' title='bbox 1663 2792 1802 2824; x_wconf 65' lang='lat' dir='ltr'><em>Rotomagi.</em></span> 
     </span>
    </p>
   </div>
   <div class='ocr_carea' id='block_1_15' title="bbox 288 2878 2087 2912">
    <p class='ocr_par' dir='ltr' id='par_1_17' title="bbox 288 2878 2087 2912">
     <span class='ocr_line' id='line_1_41' title="bbox 288 2878 2087 2912; baseline 0.001 -10"><span class='ocrx_word' id='word_1_535' title='bbox 288 2883 291 2886; x_wconf 95' lang='grc'><em>“</em></span> <span class='ocrx_word' id='word_1_536' title='bbox 317 2878 450 2907; x_wconf 65' lang='lat' dir='ltr'><em>Summus,</em></span> <span class='ocrx_word' id='word_1_537' title='bbox 472 2879 500 2907; x_wconf 79' lang='lat' dir='ltr'><em>V,</em></span> <span class='ocrx_word' id='word_1_538' title='bbox 520 2880 575 2902; x_wconf 86' lang='grc'>404.</span> <span class='ocrx_word' id='word_1_539' title='bbox 597 2879 766 2906; x_wconf 64' lang='lat' dir='ltr'><em>Quoniam-T,</em></span> <span class='ocrx_word' id='word_1_540' title='bbox 789 2880 898 2907; x_wconf 54' lang='lat' dir='ltr'><em>Procas,</em></span> <span class='ocrx_word' id='word_1_541' title='bbox 921 2880 966 2905; x_wconf 88' lang='lat'>111.</span> <span class='ocrx_word' id='word_1_542' title='bbox 990 2881 1106 2902; x_wconf 75' lang='grc'>240-243.</span> <span class='ocrx_word' id='word_1_543' title='bbox 1124 2893 1151 2897; x_wconf 90' lang='lat'>—</span> <span class='ocrx_word' id='word_1_544' title='bbox 1172 2880 1216 2903; x_wconf 81' lang='lat' dir='ltr'><em>Pie</em></span> <span class='ocrx_word' id='word_1_545' title='bbox 1238 2887 1272 2903; x_wconf 82' lang='lat' dir='ltr'><em>Dr.</em></span> <span class='ocrx_word' id='word_1_546' title='bbox 1296 2880 1444 2903; x_wconf 73' lang='lat' dir='ltr'><strong>LANGOGNE</strong></span> <span class='ocrx_word' id='word_1_547' title='bbox 1465 2879 1538 2909; x_wconf 85' lang='lat' dir='ltr'><em>(Ord.</em></span> <span class='ocrx_word' id='word_1_548' title='bbox 1562 2880 1681 2912; x_wconf 61' lang='lat' dir='ltr'><em>capum),</em></span> <span class='ocrx_word' id='word_1_549' title='bbox 1702 2880 1850 2903; x_wconf 87' lang='lat' dir='ltr'><em>membrum</em></span> <span class='ocrx_word' id='word_1_550' title='bbox 1873 2880 2087 2912; x_wconf 77' lang='lat' dir='ltr'><em>congregationis</em></span> 
     </span>
    </p>
   </div>
  </div>
 </body>
</html>
