2502 3418
382 342 446 374 610
962 345 1282 369 cimai-nmmum
1314 344 1506 366 UNIVERS.
1544 344 1673 366 Pinus.
2151 328 2250 365 [1439

383 426 538 459 eundem
559 425 759 458 Johannem
783 424 827 457 de
850 435 943 457 novo
966 422 1091 455 eadem
1113 420 1324 454 auctoritate
1345 419 1543 465 apostolica
1560 419 1597 452 in
1614 418 1769 452 scribam
1792 425 1827 451 et
1843 417 2022 451 notarium
2039 415 2249 461 hujusmodi

383 494 575 526 instituere
597 499 632 525 et
653 491 822 524 ordinare
851 489 1053 535 dignemini
1134 508 1178 512 ——
1198 487 1424 520 Concessum
1446 493 1486 519 ut
1507 486 1653 531 petitur,
1676 485 1706 519 si
1727 485 1918 519 consuevit
1933 495 2015 517 esse
2037 489 2248 528 perpetuuS,

383 561 420 593 in
442 559 625 605 presentia
647 559 784 592 domini
810 556 926 590 nostri
948 568 1051 601 pape.
1075 556 1115 589 C.
1143 555 1358 587 Anmmms.
1379 574 1423 579 —-
1452 555 1531 587 Dat.
1555 553 1738 586 Florentie
1760 552 1867 586 nonis
1888 550 2130 597 Septembris,
2157 562 2250 583 anno

384 640 494 661 nono.

475 718 538 748 Reg.
555 716 649 747 Suppl.
664 714 775 746 Eugenii
792 714 833 742 lv,
850 717 878 736 u⁰
893 714 947 741 355,
967 713 1012 735 sol.
1029 711 1096 735 28111.

475 793 499 818 1.
515 793 649 816 Johnnnes
662 790 799 814 Juvenalis
815 790 861 813 des
878 789 982 813 Ursins.
997 788 1055 812 Vid.
1075 796 1155 819 supra
1172 791 1200 810 11⁰
1216 788 1286 815 2480,
1302 795 1344 810 an.
1362 787 1431 810 1436.
1451 801 1477 804 —
1495 787 1520 812 2.
1536 787 1583 810 Ms.
1599 795 1605 811 2
1623 796 1634 810 «
1651 787 1741 818 Bigier
1759 795 1781 810 ».
1799 786 1849 810 Sed
1870 786 2039 810 scribendum
2056 788 2085 808 ut
2103 793 2192 816 supra,
2209 784 2250 808 vel

381 847 393 862 «
409 839 432 862 le
444 838 527 870 Buglc
541 846 563 862 n.
580 837 637 860 Vid.
653 836 723 860 infra
738 835 771 858 „is
784 835 853 864 2584,
869 835 939 858 2597.

382 952 525 989 2534.
553 959 713 995 Capitulum
734 957 920 984 cisterciense
933 956 1044 991 definit,
1063 955 1128 982 illos
1143 955 1265 981 abbates
1284 955 1334 991 qui
1349 965 1367 981 a
1383 955 1519 981 decennio
1536 956 1564 981 in
1579 955 1675 981 studio
1690 955 1852 981 Parisiensi
1869 954 1977 980 nullum
1995 953 2155 980 scholarem
2171 956 2251 979 tenu-

469 1013 558 1043 erunt,
577 1013 603 1035 et
619 1007 803 1034 nihilominus
817 1006 914 1032 divina
928 1005 1117 1040 celebrarunt,
1135 1014 1196 1031 cum
1212 1009 1307 1031 tamen
1323 1004 1499 1039 irregulares
1514 1005 1583 1039 sint,
1596 1005 1633 1030 ab
1645 1005 1722 1031 omni
1731 1013 1846 1030 suorum
1861 1003 2098 1030 monasteriorum
2113 1002 2250 1037 regimine

467 1057 617 1095 spirituali
632 1061 659 1084 et
675 1056 828 1093 temporali
842 1055 1061 1091 suspendendos
1077 1063 1149 1082 esse.

1513 1090 1589 1121 7439.
1607 1090 1767 1123 Septembris
1785 1091 1822 1119 12,
1838 1089 1963 1116 cistercii.

472 1174 582 1198 Constit.
599 1177 624 1197 et
639 1173 723 1204 Capp.
740 1180 829 1204 gener.
844 1172 953 1196 Cisterc.
970 1171 996 1195 in
1012 1171 1089 1195 Areh.
1106 1174 1191 1194 status
1206 1171 1374 1199 Luzernens„
1393 1175 1421 1193 n⁰
1437 1171 1491 1201 5411,
1506 1179 1534 1202 p.
1549 1171 1604 1194 657.

378 1341 521 1378 2535.
550 1349 725 1376 Πηίιένείἰαε
741 1348 836 1374 Paris.
851 1348 987 1384 proponit
1002 1347 1157 1384 deputatos
1171 1347 1242 1382 eligi
1254 1347 1294 1373 ad
1310 1347 1465 1374 Concilium
1479 1347 1563 1373 trium
1579 1350 1707 1373 statuum
1722 1346 1885 1374 mittendos

1528 1435 1602 1464 1439.
1618 1434 1778 1468 SeptembrIs
1793 1435 1832 1465 18,
1846 1434 1960 1461 Parisiis.

465 1526 572 1558 Anno
612 1526 715 1558 Dom.
753 1526 787 1557 M
805 1524 927 1558 CCCC
941 1525 1109 1565 XXXIX,
1150 1524 1208 1556 die
1240 1536 1327 1557 vero
1367 1524 1450 1568 xviij
1491 1522 1758 1568 Septembris..
1801 1523 1927 1566 Quoad
1968 1522 2243 1567 requisitionem

376 1593 513 1627 domini
534 1592 741 1625 cancellarii
763 1591 926 1632 Francie,
950 1603 1054 1636 quam
1077 1591 1162 1623 fecit
1190 1590 1338 1623 domino
1364 1591 1498 1624 rectori
1526 1603 1591 1636 pro
1619 1590 1791 1635 eligendo
1822 1589 2102 1623 ambassiatores
2130 1596 2246 1623 trans-

377 1660 573 1694 mittendos
590 1660 633 1692 ad
652 1659 855 1693 Concilium
875 1659 980 1691 trium
1000 1658 1189 1700 statuum⁴,
1209 1665 1240 1691 et
1263 1658 1307 1691 ad
1328 1658 1532 1692 Concilium
1555 1657 1773 1703 gallicanum
1795 1657 1931 1690 Bituris
1953 1656 2244 1698 celebrandum',

376 1728 472 1761 natio
494 1726 738 1769 [Normannie]
759 1726 837 1759 vult
858 1725 996 1770 eligere
1022 1737 1127 1758 suum
1149 1725 1440 1766 ambasiatorem,
1464 1731 1499 1758 et
1523 1725 1601 1759 vult
1626 1725 1724 1770 quod
1751 1725 1934 1770 eligantur
1964 1736 2029 1770 per
2057 1724 2245 1758 facultates

377 1802 412 1828 et
432 1795 610 1828 nationes.
637 1795 680 1827 Et
701 1793 929 1827 Universitas
951 1793 1052 1825 dedit
1072 1793 1265 1838 deputatos
1286 1793 1329 1825 ad
1350 1792 1548 1826 videndum
1570 1799 1605 1825 et
1630 1792 1888 1837 reperiendum
1912 1792 2059 1825 modum
2083 1791 2244 1837 eligendi

377 1869 408 1895 et
427 1861 638 1895 nominandi
657 1873 722 1906 per
742 1860 930 1893 facultates
952 1866 987 1893 et
1007 1860 1186 1901 nationes,
1210 1867 1243 1892 et
1265 1860 1307 1893 ad
1335 1860 1591 1905 reperiendum
1620 1860 1766 1892 modum
1792 1859 1950 1892 habendi
1978 1859 2152 1904 pecunias
2177 1871 2243 1904 pro

377 1929 483 1962 dictis
505 1927 811 1962 ambasiatoribus
832 1927 967 1960 ibidem
991 1927 1293 1960 transmittendis.

1627 1974 1657 2005 J.
1681 1973 1884 2004 Bouann'r.

467 2063 564 2088 Partic
576 2064 621 2088 des
631 2063 720 2094 picces
733 2067 757 2087 ec
772 2066 843 2087 actes
856 2062 907 2093 qui
919 2066 1088 2087 concernent
1104 2061 1192 2087 l'estat
1207 2064 1240 2086 de
1257 2062 1433 2087 l'Unz'versizc'
1446 2064 1477 2087 de
1492 2062 1587 2091 Paris,
1606 2070 1658 2086 rec.
1679 2062 1747 2091 vm,
1766 2062 1832 2085 alins
1849 2062 1903 2090 VII,
1922 2070 1947 2092 p.
1969 2062 2006 2090 33,
2028 2069 2041 2084 e
2059 2061 2115 2085 Lib.
2136 2068 2243 2092 procur.

375 2112 429 2132 nat.
446 2109 589 2132 Normann.

467 2184 492 2209 1.
508 2185 581 2216 Sept.
595 2185 624 2207 25
637 2183 747 2207 Parisiis
761 2184 948 2207 celebrandum
967 2183 1030 2213 (vid.
1046 2191 1080 2207 DE
1096 2184 1272 2214 BEAUCOURT,
1289 2187 1307 2207 t.
1323 2184 1368 2213 111,
1385 2192 1412 2215 p.
1429 2185 1493 2214 527),
1511 2184 1556 2207 sed
1574 2193 1585 2206 (ι
1604 2185 1618 2207 ἰι
1634 2192 1682 2215 cop
1696 2192 1719 2216 »‚
1736 2186 1764 2206 ut
1778 2183 1838 2206 Joh.
1854 2182 1991 2206 Juvenatis
2006 2182 2107 2212 scribit,
2125 2182 2242 2206 Aurelia—

373 2238 420 2253 nos
444 2230 611 2252 translatum.
634 2229 692 2252 Vid.
713 2234 741 2251 n⁰
761 2230 830 2252 2536.
846 2228 911 2253 —2.
934 2229 954 2251 A
974 2229 1068 2252 Carolo
1094 2229 1138 2251 Vll
1165 2228 1291 2251 indictum
1312 2232 1351 2251 est
1366 2229 1458 2252 Octob.
1476 2229 1505 2252 15
1528 2228 1656 2260 Biturigis
1681 2228 1881 2256 celeb1·anduni;
1901 2227 1994 2251 deinde
2014 2230 2186 2259 prorogatum
2208 2227 2241 2250 ad

373 2275 497 2298 Novemb.
516 2275 545 2297 20
564 2274 626 2304 (vid.
643 2273 720 2305 epist.
737 2273 825 2297 Caroli
840 2274 885 2297 VII
901 2273 1027 2297 Novemb.
1045 2274 1073 2296 18
1088 2273 1114 2296 in
1132 2273 1210 2297 Arch.
1229 2277 1293 2302 nat„
1308 2274 1327 2296 Y
1342 2274 1365 2303 1¹,
1382 2274 1427 2296 sol.
1448 2273 1509 2303 42¹²),
1530 2274 1637 2297 tandem
1655 2273 1766 2296 dilatum
1786 2273 1873 2296 estad
1891 2281 1988 2296 annum
2008 2272 2078 2303 1440,
2095 2274 2159 2303 Aug.
2177 2271 2240 2302 (vid.

373 2322 502 2348 Auctar„
518 2320 550 2348 ΙΙ,
563 2328 591 2350 p.
607 2319 660 2346 518,
678 2322 731 2342 not.
744 2320 777 2348 8).

374 2432 517 2469 2536.
540 2449 555 2466 «
579 2440 784 2466 Instructiones
808 2440 1043 2466 ambaxiatorum
1067 2440 1268 2467 Universieatis
1292 2441 1577 2468 transmittendorum
1597 2441 1638 2467 ad
1659 2441 1871 2467 convencionem
1894 2441 1979 2466 trium
2002 2443 2130 2466 statuum
2155 2439 2239 2475 hujus

462 2490 541 2524 regni
553 2498 606 2525 pro
619 2498 692 2525 pace
707 2489 847 2524 generali.
863 2499 878 2516 »

1493 2527 1569 2557 7439,
1585 2526 1822 2559 Septemb.-00tob.,
1841 2526 1954 2552 Parisiis.

460 2613 592 2654 Primo,
616 2611 877 2657 significabunt
897 2613 1011 2658 ipsam
1034 2615 1319 2648 convencionem
1341 2615 1455 2648 fuisse
1477 2615 1674 2648 intimatam
1696 2615 1791 2647 dicte
1817 2613 2053 2648 Universitati
2074 2626 2116 2646 ex
2138 2619 2238 2659 parte

373 2679 508 2711 domini
539 2679 654 2711 nostri
691 2679 802 2724 regis,
844 2681 948 2724 cujus
985 2680 1271 2726 obtemperando
1304 2682 1495 2724 mandatis,
1529 2682 1606 2727 ipsa
1642 2682 1868 2715 Universitas
1903 2682 2004 2726 ipsos
2039 2681 2241 2714 transmisit

371 2745 630 2778 ambaxiatores
646 2758 710 2790 pro
733 2748 1020 2790 representando
1042 2749 1157 2793 ipsam
1176 2749 1471 2791 Universitatem,
1493 2761 1573 2782 cum
1596 2749 1851 2794 procuratione
1873 2747 2067 2782 sufficienti
2087 2747 2131 2780 ad
2153 2747 2237 2780 deli-

370 2812 582 2854 berandum,
605 2825 670 2857 pro
688 2820 722 2845 et
738 2814 884 2846 nomine
909 2815 1003 2848 dicte
1026 2816 1298 2860 Universssatis,
1316 2823 1351 2850 et
1367 2823 1485 2850 cetera
1507 2817 1613 2850 solita
1629 2817 1848 2858 faciendum,
1866 2815 2066 2849 secundum
2087 2815 2236 2848 formam

371 2891 515 2911 suarum
537 2879 830 2913 instructionum.

495 2937 533 2961 77.
