2502 3418
256 323 350 358 1410]
600 337 644 357 AB
680 336 785 357 ANNO
822 336 1111 357 MCCCLXXXXIV
1144 337 1275 364 USQUE
1312 338 1358 358 Αυ
1394 338 1531 359 ,xix-Nini
1567 339 1771 362 Mceccmi.
2060 335 2118 366 185

254 421 352 442 more
375 409 533 454 benigne
562 410 724 454 recipere
752 417 787 442 et
807 410 971 442 defectus
998 417 1065 442 tam
1088 411 1184 454 juris
1211 422 1315 455 quam
1342 411 1423 443 facti
1449 418 1508 444 aut
1534 412 1738 456 ignorantie
1765 416 1947 459 supplere.
1974 438 2017 442 -—
2045 419 2114 450 Fiat

253 477 349 520 quod
368 477 403 508 in
425 477 652 509 confectione
675 476 874 509 litterarum
897 476 1123 521 suppleatur.
1148 478 1186 508 B.

342 545 428 576 Item
451 543 622 588 dignetur
645 545 682 575 F..
707 544 741 576 S.
763 545 802 577 V.
826 543 1114 588 supplicationes
1140 555 1205 576 seu
1236 545 1370 589 gratias
1392 545 1547 578 inferius
1571 547 1724 591 scriptas
1748 560 1811 591 pro
1835 561 1932 581 more
1962 550 2020 581 l'‹=l.
2045 563 2114 583 rer.

253 610 446 642 Alexandri
470 622 559 655 pape
581 611 697 655 quinti
720 611 996 655 predecessoris
1018 611 1129 644 vestri
1156 623 1235 643 cum
1259 612 1486 656 prerogativa
1509 613 1588 644 date
1611 620 1645 645 et
1670 626 1748 645 rum
1775 614 1855 647 aliis
1878 618 2117 659 prerogativis

252 677 405 709 inferius
424 677 546 722 petitis
562 684 643 710 ante
661 689 788 710 omncs
805 678 893 710 alias
906 678 1170 711 Universitates
1188 691 1490 723 quorumcunque
1509 680 1711 712 studiorum
1730 682 1953 725 generalium
1973 683 2116 727 signare

251 750 286 776 et
306 744 469 788 expediri
492 744 674 777 mandare.
692 764 735 769 ——
756 745 944 777 Provisum
968 752 1024 778 est
1045 752 1079 778 et
1100 746 1247 790 optime.
1270 747 1308 778 Β.

340 812 425 843 Item
438 811 447 828 ¹
465 823 545 843 cuin
565 818 726 856 tempore
743 818 938 853 retroacto,
956 824 1020 857 pro
1039 812 1156 854 dolor,
1176 813 1257 857 plus
1274 813 1382 845 suerit
1401 815 1569 858 personis
1587 826 1690 858 quam
1710 814 1898 847 beneficiis
1917 817 2115 860 provisum,

249 878 339 910 adeo
361 878 458 922 quod
487 878 577 923 ipsis
606 878 797 912 beneficiis
826 879 870 911 de
901 880 1070 924 personis
1099 880 1224 924 paucis
1251 880 1420 913 litteratis
1451 887 1483 913 et
1514 882 1700 925 graduatis
1729 882 1838 914 fuerit
1869 884 2052 927 provisum
2081 885 2115 916 in

249 957 358 989 grave
379 945 540 989 ipsorum
564 945 827 978 beneficiorum
849 946 1042 991 dampnum
1066 953 1101 979 et
1125 947 1253 979 salutis
1275 947 1472 980 animarum
1498 948 1710 992 periculum,
1730 949 1826 993 quod
1848 950 1934 982 dicti
1954 951 2115 995 magistri

249 1012 284 1043 in
306 1011 375 1044 isto
398 1011 516 1044 rotulo
538 1013 699 1045 contenti
721 1012 913 1057 quibusvis
935 1013 1015 1045 aliis
1037 1014 1171 1058 gratias
1193 1014 1434 1058 expectativas
1457 1014 1675 1047 habentibus
1697 1016 1799 1048 etiam
1826 1016 1861 1048 in
1881 1017 1999 1048 rotulo
2022 1018 2117 1061 prin-

248 1078 354 1123 cipali
381 1079 609 1111 familiarium
632 1086 850 1121 vestrorum,
874 1081 1187 1121 commensalium,
1211 1081 1495 1113 domesticorum
1523 1083 1777 1115 continuorum
1809 1096 1847 1115 ac
1878 1084 2114 1128 imposterum

247 1146 381 1190 gratias
411 1145 589 1179 rotulares
617 1153 676 1179 aut
707 1147 943 1191 particulares
975 1147 1240 1189 habiturorum,
1263 1149 1515 1193 cujuscunque
1540 1156 1666 1190 status,
1699 1150 1847 1194 gradus,
1879 1152 2115 1192 auctoritatis,

246 1212 445 1246 nobilitatis
466 1225 505 1245 ac
526 1212 792 1251 familiaritatis,
820 1214 961 1247 etiamsi
983 1215 1183 1259 imperialis
1204 1222 1263 1248 aut
1285 1215 1418 1260 regalis
1441 1216 1608 1257 existant,
1636 1217 1672 1249 in
1694 1218 1924 1250 assecutione
1946 1219 2117 1251 ecelesia-

247 1280 419 1312 sticorum
450 1280 710 1313 beneficiorum
739 1281 946 1314 cadentium
979 1282 1046 1314 sul)
1078 1282 1240 1326 ipsorum
1265 1283 1392 1326 gratiis
1424 1284 1664 1327 preferantur,
1688 1284 1847 1328 aliasque
1870 1286 2117 1329 prerogativas

246 1346 412 1385 habeant,
431 1359 469 1379 ac
494 1348 524 1380 si
545 1347 582 1380 in
603 1348 699 1380 dicto
721 1348 841 1381 rotulo
862 1348 1091 1381 familiarium
1110 1356 1313 1382 vestrorum
1337 1357 1371 1382 et
1392 1349 1460 1382 sul)
1481 1350 1597 1394 ipsius
1615 1351 1692 1383 data
1711 1352 1844 1395 gratias
1867 1364 1950 1384 suas
1971 1352 2118 1385 habuis-

247 1420 340 1454 sent,
357 1413 586 1446 dominorum
608 1415 844 1447 cardinalium
858 1416 955 1448 veris
973 1416 1211 1449 familiaribus
1229 1417 1441 1449 domesticis
1458 1423 1493 1449 et
1510 1423 1587 1449 actu
1606 1418 1778 1450 continue
1795 1419 2114 1459 commensalibus,

247 1480 362 1525 magis
387 1480 444 1513 vel
472 1481 649 1525 equaliter
670 1482 856 1527 graduatis
884 1483 1064 1516 dumtaxat
1096 1484 1269 1528 exceptis.
1296 1504 1340 1507 —
1370 1484 1557 1516 Provisum
1589 1491 1642 1516 est
1674 1485 1716 1516 de
1746 1485 1879 1529 optima
1905 1486 1983 1518 data
2012 1499 2114 1531 quain

247 1547 457 1592 paucissimi
481 1549 693 1593 precedunt.
718 1550 756 1582 Β.

339 1615 423 1647 [tem
446 1615 476 1647 si
499 1616 533 1647 S·
552 1617 594 1648 V.
618 1616 801 1660 aliquibus
823 1617 945 1649 forsan
968 1618 1149 1661 personis,
1173 1619 1424 1662 cujuscunque
1446 1618 1582 1662 gradus
1603 1625 1660 1651 aut
1684 1619 1925 1660 condicionis,
1949 1627 2016 1653 etc.
2043 1623 2117 1653 exi-

246 1687 353 1720 stant,
372 1681 547 1715 hactenus
568 1684 795 1715 concesserit
817 1684 874 1716 vel
895 1685 1067 1716 concedat
1091 1685 1125 1716 in
1148 1685 1321 1725 futurum,
1345 1685 1441 1729 quod
1464 1685 1499 1716 in
1521 1686 1648 1729 gratiis
1671 1686 1723 1718 cis
1744 1687 1932 1719 concessis
1954 1688 2009 1719 vel
2032 1700 2117 1720 cou-

246 1748 420 1781 cedendis
438 1749 505 1781 sub
521 1761 736 1794 quacunque
752 1750 830 1783 data
847 1751 1089 1796 prerogativis
1106 1751 1333 1784 familiarium
1347 1759 1551 1785 vestrorum
1569 1759 1629 1785 aut
1644 1752 1796 1785 aliorum
1815 1765 2116 1799 (piorumcunquo

246 1815 427 1859 gaudeant
447 1828 486 1848 ac
509 1817 539 1849 si
561 1817 597 1849 in
618 1817 697 1862 ipso
720 1818 838 1850 rotulo
857 1825 979 1851 vestro
1001 1831 1039 1851 ac
1060 1818 1210 1851 aliorum
1235 1819 1399 1863 inscripti
1422 1819 1589 1859 fuissent,
1616 1820 1696 1852 talis
1717 1821 1909 1853 concessio
1932 1822 2116 1865 magistris

245 1882 281 1914 in
305 1884 465 1926 presenti
488 1883 608 1916 rotulo
625 1885 807 1917 contentis
829 1885 865 1917 in
883 1885 983 1918 nullo
1002 1893 1140 1926 noceat,
1158 1898 1277 1930 ymmo
1295 1886 1364 1931 ipsi
1382 1886 1547 1931 magistri
1570 1886 1658 1919 tales
1677 1888 1924 1931 prerogativas
1941 1888 2115 1921 habentes

245 1949 281 1981 in
302 1950 532 1983 assecutione
556 1951 818 1984 beneficiorum
842 1952 909 1984 sub
932 1953 1009 1984 suis
1031 1953 1158 1997 gratiis
1175 1953 1379 1985 cadentium
1405 1954 1644 1998 preferantur.
1663 1975 1705 1978 —
1726 1954 1844 1986 Nullis
1866 1955 2115 1999 disposuimus

245 2016 329 2049 dare
352 2019 601 2062 prerogativas
624 2018 726 2059 tales,
745 2026 780 2051 et
801 2020 831 2051 si
853 2020 1033 2059 daremus,
1053 2020 1221 2053 daremus
1238 2020 1355 2053 vobis.

337 2085 423 2116 Item
448 2085 478 2117 si
507 2086 545 2116 E.
569 2086 603 2118 S.
622 2087 666 2119 V.
688 2086 886 2130 aliquibus,
909 2088 1161 2132 cujuscunque
1182 2094 1309 2127 status,
1331 2087 1467 2132 gradus
1488 2094 1521 2120 et
1544 2088 1765 2121 conditionis
1787 2089 1954 2130 existant,
1981 2091 2114 2134 gratias

245 2151 487 2195 expectativas
509 2151 727 2185 habentibus
751 2153 805 2186 vel
832 2153 1009 2186 habituris
1032 2153 1099 2186 sub
1121 2166 1336 2199 quacunque
1359 2154 1438 2187 data
1464 2155 1689 2187 concesserit
1716 2162 1774 2187 aut
1800 2156 1986 2197 concedat,
2017 2158 2110 2200 quod

244 2218 358 2262 gratie
388 2219 609 2262 expectative
639 2226 762 2264 postea
794 2232 857 2265 per
884 2222 922 2252 Ε.
953 2222 986 2253 S.
1005 2223 1046 2254 Y.
1075 2221 1311 2253 concedende
1339 2221 1408 2253 hiis
1440 2233 1512 2253 non
1540 2229 1704 2262 noceant,
1733 2222 1797 2254 scd
1826 2223 1921 2266 quod
1954 2223 2005 2254 cis
2034 2236 2112 2267 pre-

244 2285 417 2325 ferantur,
450 2285 529 2317 talis
557 2287 784 2331 prerogativa
808 2288 992 2332 magistris
1023 2288 1058 2320 in
1088 2288 1157 2320 isto
1186 2288 1305 2321 rotulo
1334 2289 1516 2320 contentis
1538 2288 1748 2320 nullomodo
1771 2296 1894 2321 noceat
1918 2290 2111 2333 quominus

246 2351 392 2391 talibus,
414 2353 666 2397 cujuscunque
688 2354 837 2398 gradus,
862 2355 1050 2400 dignitatis
1073 2362 1107 2388 ct
1127 2362 1242 2388 status
1263 2356 1410 2393 suerint,
1434 2356 1470 2387 in
1492 2356 1735 2396 assecutione,
1759 2363 1840 2395 ete,
1872 2357 2110 2400 preferantur,

245 2418 525 2463 quibuscunque
555 2420 693 2465 regulis
722 2427 755 2453 et
785 2422 1109 2454 constitutionibus
1139 2422 1354 2455 cancellarie
1383 2434 1444 2466 per
1469 2424 1504 2454 l⁴].
1528 2423 1562 2455 S.
1581 2424 1622 2455 V.
1648 2423 1748 2454 factis
1776 2429 1810 2454 et
1838 2423 2012 2455 faciendis
2040 2436 2110 2456 non

246 2484 488 2526 obstantibus,
513 2487 673 2531 exceptis
695 2487 876 2521 dumtaxat
896 2488 966 2521 hiis
989 2489 1049 2533 qui
1071 2489 1107 2521 in
1128 2490 1250 2534 quinto
1266 2489 1423 2522 articulo
1440 2489 1681 2533 excipiuntur.
1699 2509 1742 2512 —-
1760 2489 1857 2520 ldcm
1880 2496 1918 2521 ut
1938 2502 2057 2533 supra.

335 2554 420 2585 ltem
444 2553 541 2597 quod
573 2554 737 2597 magistri
767 2555 938 2588 antedicti
969 2563 1003 2588 et
1033 2568 1156 2588 eorum
1189 2556 1343 2600 quilibet
1374 2556 1513 2600 possint
1548 2556 1597 2587 uti
1629 2555 1769 2587 duabus
1796 2556 1935 2599 gratiis,
1960 2557 2015 2588 vel
2044 2569 2110 2589 una

244 2619 357 2663 gratia
379 2631 459 2651 cum
482 2632 551 2652 una
573 2621 820 2653 nominatione
842 2634 1016 2655 concessa
1034 2622 1091 2655 vel
1112 2623 1358 2662 concedenda,
1383 2623 1487 2654 ctiam
1511 2622 1630 2666 quoad
1652 2621 2008 2666 incompatibilia....2

337 2687 420 2718 ltcm
445 2687 542 2731 quod
573 2687 609 2719 in
636 2688 794 2731 singulis
825 2689 1040 2721 nacionibus
1069 2696 1100 2721 et
1133 2689 1364 2722 facultatibus
1386 2690 1475 2721 ordo
1499 2689 1604 2721 rotuli
1629 2695 1659 2720 et
1688 2688 1963 2721 inrotulatorum
1987 2691 2112 2722 obser-

248 2759 347 2785 vetur
363 2754 495 2785 ceteris
518 2754 677 2798 paribus.
696 2775 738 2778 —
760 2755 834 2787 Fiat
855 2763 891 2788 ut
915 2757 1058 2800 petitur.
1086 2758 1121 2788 13.

337 2821 420 2851 ltcm
445 2833 523 2852 cum
549 2833 698 2865 regnum
726 2823 871 2853 Francie
894 2823 988 2854 inter
1004 2830 1122 2855 cetera
1146 2835 1254 2866 regua
1279 2823 1401 2866 plures
1423 2822 1683 2854 l'niversitates
1706 2821 1829 2854 habeat
1849 2829 1878 2854 et
1903 2823 2111 2868 solempnes

245 2892 351 2930 atque
381 2887 495 2931 magis
525 2888 728 2932 populatas,
756 2888 889 2932 quibus
911 2890 1030 2921 minus
1054 2890 1238 2934 provisum
1261 2896 1330 2924 cst,
1357 2889 1695 2932 videreturjustum
1719 2895 1753 2920 ct
1782 2889 1992 2922 rationabile
2015 2892 2109 2935 quod

370 2948 430 2964 *m*
450 2946 545 2969 Chai-t.
569 2947 648 2970 Univ.
668 2947 762 2970 Puris,
783 2947 823 2969 [Υ.
1958 2949 1984 2970 Ἠ
