2502 3418
258 676 337 704 1408.

258 739 336 766 1409.

259 916 338 944 1410.

257 1094 336 1121 1411.

257 1271 337 1299 1412.

257 1450 338 1478 1413.

257 1629 336 1656 1414.

257 1807 337 1835 1415.

257 1987 337 2014 1416.

257 2166 336 2194 1417.

257 2344 334 2373 1418.

257 2523 337 2551 1419.

257 2701 335 2729 1420.

400 675 467 702 Dec.

400 739 487 764 Mart.

400 783 415 809 J
417 790 470 808 un.

400 827 462 853 Oct.

402 871 470 898 Dec.

400 917 482 942 Mart.

401 961 470 986 Jun.

401 1004 463 1031 Oct.

348 1060 349 1063 ¹
400 1049 467 1075 Dec.

399 1094 482 1119 Mart.

402 1138 471 1165 Jun.

400 1183 463 1209 Oct.

401 1227 469 1254 Dec.

399 1273 482 1298 Mart.

398 1316 413 1342 J
416 1324 468 1343 un.

399 1361 463 1388 Oct.

401 1406 468 1432 Dec.

400 1451 483 1476 Mart.

400 1496 470 1521 Jun.

399 1540 463 1566 Oct.

400 1585 467 1611 Dec.

398 1631 481 1655 Mart⁴

400 1675 415 1700 J
418 1682 469 1700 un.

403 1719 465 1745 Oct.

400 1763 467 1789 Dec.

398 1808 480 1834 Mart.

397 1852 468 1878 Jun.

400 1898 463 1924 Oct.

401 1944 468 1970 Dec.

400 1989 482 2014 Mart.

398 2033 466 2059 Jun.

400 2078 463 2104 Oct.

398 2123 466 2149 Dec.

397 2168 480 2193 Mart.

398 2212 468 2238 Jun.

399 2257 463 2283 Oct.

398 2302 456 2328 Dec

396 2324 479 2372 Mar.t.

400 2391 470 2417 Jun.

398 2435 461 2461 Oct.

399 2480 465 2506 Dec.

398 2525 481 2550 Mart.

398 2569 469 2597 Jun.

398 2613 461 2639 Oct.

400 2657 466 2684 Dec.

397 2702 479 2728 Mart.

397 2746 412 2772 J
415 2755 467 2773 un.

397 2791 460 2818 Oct.

399 2835 466 2862 Dec.

951 322 1162 345 ELENCHUS
1198 322 1429 344 RECTORUM.

929 449 1169 487 ELENCHUS
1202 449 1452 485 RECTORUM

749 518 866 550 [Numeri
891 517 1032 548 designant
1054 516 1167 548 paginas
1192 524 1251 539 cum
1276 516 1344 540 notis
1369 516 1511 546 Auctarii,
1536 519 1555 540 t.
1584 516 1628 548 IL]

652 604 673 629 Ε
693 611 919 630 NOMENCLATURA
940 603 1056 628 BULAEI.

553 675 619 701 Joh.
636 675 737 701 Warin
747 693 1170 700 ...............

554 738 618 764 Joh.
635 738 668 763 de
683 738 749 764 Bria
755 757 1170 764 ...............

553 783 689 809 Martinus
704 783 737 809 de
751 782 919 817 Arragonia.

554 827 713 853 Guillelmus
728 827 859 853 Bardelli.

554 873 640 905 Hugo
655 871 754 898 Fabri.
779 892 783 897 .
809 892 813 895 .
839 891 843 895 .
868 894 872 898 .
899 889 1171 895 ..........

553 917 679 943 Andreas
694 916 727 942 de
745 916 858 942 Wesalia
867 933 1170 941 ...........

554 960 695 986 Henricus
711 960 842 986 Stacther
847 977 1170 984 ............

554 1004 702 1030 Rolandus
716 1004 832 1030 Ramier
839 1021 1171 1029 ............

552 1050 683 1076 Nicolaus
698 1049 839 1075 Amantis.

553 1095 679 1120 Andreas
694 1094 727 1120 de
741 1093 873 1120 Bavaria.

554 1139 725 1165 Dominicus
740 1138 873 1164 Chaillon
879 1156 1171 1163 ...........

554 1184 618 1210 Joh.
635 1184 668 1209 de
680 1184 796 1210 Camera
809 1201 1171 1209 .............

553 1228 728 1254 Guillelmus
742 1228 882 1254 Rousselli
899 1246 1171 1254 ..........

552 1273 676 1299 Jacobus
688 1273 723 1299 de
737 1273 853 1299 Harlem
870 1291 1170 1297 ...........

552 1318 615 1343 Joh.
634 1317 718 1343 Fabri
722 1335 1170 1343 ................

552 1362 616 1388 Joh.
633 1362 833 1395 Pulchripalris
837 1381 1170 1386 ............

552 1408 675 1433 Andreas
690 1407 723 1432 de
737 1406 851 1433 Prussia
869 1426 1170 1432 ...........

552 1452 616 1478 Joh.
636 1451 670 1477 de
684 1452 845 1478 Courcelles.

551 1496 685 1522 Heni-icus
700 1497 810 1523 Gorlsan
816 1515 1169 1522 .............

552 1541 616 1568 Joh.
637 1541 772 1567 Thevroti.

551 1586 719 1612 Philibertus
734 1588 838 1620 Aqasse
842 1605 1168 1611 ............

552 1631 709 1657 Guillelmus
725 1631 839 1657 Lochem
844 1650 1168 1657 ............

551 1676 618 1701 Joh.
636 1675 776 1708 Campani
782 1695 1168 1701 ..............

553 1721 616 1746 Joh.
632 1721 665 1746 de
679 1721 805 1753 Templis.

552 1765 710 1790 Guillelmus
725 1765 807 1790 Bloch
812 1783 1167 1790 .............

552 1811 649 1835 Petrus
662 1810 695 1835 de
709 1810 846 1836 Credulio.

552 1854 717 1889 Reqinaldus
731 1855 767 1880 du
782 1855 901 1887 Boulay.
924 1875 930 1880 .
957 1877 961 1881 ,
984 1874 989 1880 .
1015 1875 1018 1878 .
1046 1875 1050 1880 ,
1074 1876 1078 1880 .
1104 1875 1109 1879 .
1133 1875 1137 1879 .
1163 1876 1167 1880 .

552 1901 613 1925 Jac.
630 1899 663 1925 de
678 1899 772 1925 Gouola
776 1919 1167 1925 ..............

552 1946 615 1970 Joa.
632 1945 744 1970 Hocliel.

553 1988 645 2014 Simon
660 1989 693 2014 de
708 1987 846 2022 Beryeriis
851 2005 1166 2014 ............

551 2034 610 2059 Pet.
627 2033 720 2059 Roodh
733 2033 766 2059 de
780 2033 838 2059 Abo
844 2052 1140 2059 ...........

552 2077 681 2111 Gansrid.
698 2077 818 2102 Henrici.

551 2121 1146 2148 Joau.Pr0bi..............

551 2167 689 2192 Francisc.
707 2167 740 2192 de
754 2165 857 2194 Brund.
875 2166 930 2192 Pie.

551 2211 680 2246 Aeyidius
696 2211 827 2238 Caniveli,

551 2257 692 2282 Malhaeus
707 2256 834 2290 Menayii.

553 2301 653 2327 Petrus
669 2301 782 2334 Forgeti
787 2321 1077 2328 ...........
1104 2325 1107 2328 .
1132 2322 1137 2327 .
1162 2321 1166 2326 .

551 2346 672 2371 Joannes
685 2345 812 2371 Hervaei.

552 2390 681 2415 Laurent.
696 2390 729 2415 de
746 2390 876 2415 Ulmonle.

552 2434 681 2460 Nicolaus
695 2434 778 2467 Midy.

552 2479 692 2504 lohannes
705 2478 739 2504 de
754 2480 879 2505 Camera.

552 2523 679 2550 Nicolaus
694 2524 798 2557 Amicy.
814 2524 871 2550 Pie.

552 2569 635 2594 Joan.
652 2569 782 2595 Archerii
786 2588 1166 2595 ..............

552 2613 696 2646 Dionysias
709 2614 742 2639 de
755 2614 911 2639 Sabevrois.

551 2658 686 2684 Henricus
701 2658 840 2684 Thiboust.

551 2704 648 2728 Petras
664 2702 697 2728 de
711 2703 872 2729 Mediolano.

551 2748 596 2773 Jo.
612 2747 645 2772 de
658 2748 797 2773 Gomonte.

550 2792 661 2817 Martin.
678 2793 827 2825 Berruyer.

550 2837 609 2862 Nic.
627 2836 660 2862 de
674 2836 802 2862 Bellismo
807 2857 1164 2863 ............

1363 601 1384 627 E
1404 610 1519 628 NOSTRIS
1539 609 1685 627 FONTIBUS.

1220 673 1368 699 Johannes
1383 672 1503 698 Warini.

1221 735 1309 771 [Inter
1319 736 1384 765 1405
1391 736 1459 765 et14
1466 736 1651 762 10Rolandus
1658 735 1842 770 Ba1·guencl.]

1221 868 1306 901 Hugo
1322 867 1415 893 Fabri.

1220 913 1368 939 „Iohannes
1383 913 1418 938 de
1433 913 1624 938 Bellomonte.

1220 957 1361 983 Henricus
1377 957 1492 983 Statter.

1220 1002 1368 1028 Rolandus
1383 1002 1419 1028 de
1433 1002 1582 1028 Rameriis.

1220 1047 1350 1073 Nicolaus
1364 1046 1507 1073 Amantis.

1221 1137 1393 1163 Dominicus
1408 1136 1552 1162 Chaillon.

1220 1181 1368 1208 Johannes
1383 1181 1601 1215 Pu1chripatris.

1221 1227 1396 1252 Guillelmus
1410 1226 1560 1252 Rousselli.

1220 1271 1344 1297 Jacobus
1358 1271 1394 1297 de
1407 1271 1550 1297 Haerlem.

1220 1316 1396 1342 Guillelmus
1411 1316 1488 1342 Bloc.

1220 1360 1392 1386 Dominicus
1405 1360 1554 1386 Francisci.

1219 1405 1366 1430 Johannes
1381 1405 1466 1433 Bont,
1482 1403 1591 1431 Picard.

1218 1493 1366 1520 ,Iohannes
1379 1494 1414 1519 dc
1429 1492 1627 1526 Monteleonis,
1646 1492 1719 1518 Gall.

1218 1582 1365 1608 Johannes
1380 1582 1416 1608 de
1430 1581 1567 1615 Templis.

1217 1628 1365 1654 Johannes
1378 1628 1414 1653 de
1429 1628 1535 1653 Landa.

1218 1673 1364 1699 Johannes
1378 1673 1529 1706 Campani.

1217 1762 1364 1788 ,Iohannes
1378 1762 1520 1788 Cranach.

1217 1851 1357 1877 Martinus
1372 1852 1517 1884 Talayero.

1217 1897 1364 1922 Johannes
1377 1897 1511 1923 Chusshrt
1523 1897 1567 1931 (9).

1215 1986 1390 2013 Guillelmus
1404 1987 1440 2013 de
1454 1987 1543 2014 Valle.

1216 2031 1388 2065 Radulphus
1403 2033 1568 2059 Recuchon.

1215 2121 1281 2147 Joh.
1299 2121 1393 2147 Probi.

1217 2300 1317 2326 Petrus
1332 2300 1444 2332 Forget.

1215 2566 1362 2592 Johannes
1377 2565 1514 2592 l'Archer.

1214 2834 1389 2860 Guillelmus
1403 2832 1513 2859 Erardi⁴

2026 325 2120 346 XXVl!

1878 671 1922 700 (15,
1942 680 1969 701 1;
1986 673 2079 698 Charl.

1878 734 1971 760 Chart.

1878 866 1922 901 67,
1940 875 1970 894 n.
1988 877 2010 893 1.

1879 921 1922 945 71,
1940 911 1988 942 [ilfi
2004 912 2098 939 Chat-l.

1879 965 1922 990 79,
1940 964 1969 981 n.
1994 965 2016 982 1.

1878 1001 1922 1031 86,
1941 1002 1983 1028 23.

1878 1046 1972 1073 Charl.

1877 1136 1973 1163 Chart.

1904 1178 1942 1208 id.

1880 1236 1938 1256 112.
1958 1235 2006 1262 29:
2027 1228 2123 1254 Chart-

1880 1272 1938 1301 118‚
1956 1271 2003 1301 43;
2051 1272 2091 1298 id.

1879 1311 1939 1345 12'6,
1956 1316 1999 1351 37.

1879 1361 1937 1390 132.
1955 1370 1984 1388 n.
2002 1372 2027 1397 7.

1879 1405 1937 1435 136,
1953 1414 1983 1432 n.
2001 1407 2026 1433 8.

1878 1495 1938 1524 153,
1954 1504 1984 1521 n.
2002 1496 2027 1525 [ι.

1878 1584 1936 1613 161,
1954 1593 1983 1611 n.
2004 1594 2026 1610 1.

1878 1638 1934 1663 170,
1956 1638 1979 1655 1.

1874 1673 1968 1700 Charl.

1877 1763 1935 1793 185,
1951 1772 1980 1789 n.
1997 1773 2022 1790 2.

1873 1853 1967 1880 Chart.

1874 1996 1935 2016 210,
1953 1996 1981 2013 11.
1999 1988 2025 2013 3.

1874 2041 1935 2061 212,
1952 2040 1981 2058 n.
1999 2032 2024 2057 3.

1872 2121 1966 2147 Charl.

1873 2299 1932 2334 237,
1950 2308 1980 2326 n.
2000 2309 2008 2325 1

1871 2566 1931 2599 269,
1949 2574 1978 2591 11.
1999 2574 2008 2591 1
