2502 3418
233 327 328 365 1414]
575 341 621 362 AB
658 340 763 362 ANNO
797 340 1085 361 Mcccmcxxxw
1120 340 1252 368 USQUE
1287 340 1335 361 AD
1370 340 1507 362 ANNUM
1543 341 1747 363 MCCCCLtt.
2032 333 2095 364 293

230 415 326 447 tione
348 414 458 447 totius
476 414 730 447 Universitatis
747 413 783 446 in
801 414 930 446 Sancto
948 413 1132 446 Bernardo
1151 413 1208 445 (lie
1225 413 1323 457 jovis
1343 414 1385 446 28
1406 414 1543 445 mensis
1564 414 1732 458 Augusti,
1752 416 1910 458 prefatus
1927 416 2095 448 dominus

229 480 422 513 cardinalis
444 481 634 513 Barrensis
656 492 694 513 se
717 486 850 513 tantum
872 479 1063 512 humiliare
1085 480 1255 524 dignatus
1278 486 1343 520 est„
1368 486 1406 512 ut
1425 480 1566 512 venerit
1592 480 1627 511 in
1656 481 1799 524 propria
1821 481 1863 513 ad
1886 482 1997 525 ipsam
2025 494 2096 514 ma-

229 554 318 580 trem
348 554 505 580 nostram
537 547 828 587 Universitatem,
858 546 1058 579 associatus
1090 545 1205 578 tribus
1241 546 1438 591 episcopis,
1467 546 1634 579 videlicet
1664 547 1810 579 domino
1839 548 2034 580 parisiensi
2063 555 2095 580 et

228 614 308 647 aliis
329 614 473 647 duobus
495 614 652 646 dominis
674 613 835 658 prelatis,
858 612 1035 645 militibus
1057 613 1161 645 etiam
1184 619 1218 645 et
1239 613 1386 645 domino
1414 613 1625 645 consessore
1652 613 1804 657 predicti
1831 614 1967 645 domini
1993 615 2096 646 ducis

228 680 366 713 Biturie
392 687 426 713 et
451 680 531 713 aliis
562 680 819 713 ecclesiasticis
848 686 883 712 et
907 679 1094 711 nobilibus
1120 679 1289 723 personis
1316 679 1353 711 in
1381 679 1612 712 multitudine
1643 679 1801 724 copiosa„
1833 680 2031 724 deprecans
2063 687 2093 712 et

226 747 421 779 affectuose
443 746 653 791 supplicans
675 758 717 779 ex
738 753 837 791 parte
859 746 996 779 domini
1018 746 1121 778 ducis
1142 746 1280 778 Biturie
1307 752 1342 778 et
1367 758 1443 786 sua,
1467 752 1644 790 quatenus
1666 746 1810 778 attentis
1832 746 2004 790 periculis
2026 758 2094 790 que

226 826 269 846 ex
289 813 349 846 tali
372 813 575 846 turbatione
596 819 748 858 possent
768 813 868 854 oriri⁷
892 819 925 845 et
946 812 1003 845 his
1025 824 1095 857 que
1116 812 1316 857 agebantur
1336 813 1373 844 in
1395 825 1521 857 regno,
1546 819 1694 857 propter
1715 813 1952 846 reverentiam
1975 813 2040 844 Dei
2063 819 2094 845 et

225 880 359 912 bonum
382 892 420 913 ac
442 879 618 912 honorem
640 873 738 925 regis
760 886 793 912 et
820 879 936 924 regni,
960 891 1026 912 nec
1052 891 1125 911 non
1152 879 1445 924 tranquillitatem
1473 886 1505 911 et
1534 891 1655 924 parem
1679 879 1947 922 Universitatis,
1971 886 2002 911 et
2026 880 2094 911 sin-

225 946 400 991 gulariter
420 946 466 979 01)
493 946 832 991 contemplationem
860 946 998 978 domini
1025 946 1129 978 ducis
1155 946 1293 978 Biturie
1320 952 1355 978 et
1380 946 1448 986 sui,
1472 946 1642 978 dominus
1669 952 1798 986 rector,
1824 946 1919 978 natio
1946 946 2094 978 Francie

225 1020 260 1045 et
281 1019 351 1046 tota
374 1013 600 1046 Universitas
620 1012 728 1045 vellet
751 1012 820 1045 sibi
842 1019 877 1045 et
897 1024 962 1045 sue
984 1012 1240 1057 supplicationi
1262 1019 1297 1045 et
1318 1012 1559 1045 humiliationi
1582 1013 1751 1057 prefatam
1774 1013 1941 1057 injuriam
1964 1013 2094 1045 condo-

225 1092 310 1112 nare
333 1086 368 1112 et
389 1080 572 1112 remittere
594 1091 721 1112 omnes
747 1079 899 1123 injurias
920 1078 1003 1111 hinc
1029 1079 1113 1111 inde
1139 1079 1289 1111 factas...
1318 1078 1459 1121 Quibus
1480 1079 1582 1111 sactis
1606 1079 1843 1115 Universitas,
1867 1079 2094 1112 consentien-

224 1146 321 1179 tibus
350 1146 497 1178 domino
526 1153 666 1178 rectore
688 1153 723 1178 et
747 1145 946 1178 venerabili
972 1146 1117 1178 natione
1144 1146 1305 1186 Franeie7
1329 1145 1544 1178 deliberavit
1569 1146 1810 1186 concorditer,
1834 1146 1986 1190 quod...
2011 1146 2093 1178 Uni-

223 1213 375 1246 versitas
393 1213 628 1246 conformiter
643 1213 686 1245 ad
704 1212 1004 1257 supplicationem
1026 1213 1150 1245 factam
1169 1213 1386 1245 condonavit
1403 1212 1635 1257 dispositioni
1652 1213 1829 1245 dictorum
1848 1213 2091 1250 dominorum,

223 1279 393 1313 videlicet
412 1280 549 1312 domini
572 1280 699 1320 [ducis]
722 1280 858 1312 Biturie
880 1286 915 1312 et
935 1279 1070 1312 domini
1094 1279 1286 1312 cardinalis
1309 1280 1499 1312 Barrensis
1522 1280 1716 1324 predictam
1739 1280 1963 1324 injuriam....
1987 1279 2092 1312 Unde

221 1347 330 1387 [natio
348 1347 508 1387 Francie]
526 1353 560 1379 et
576 1347 765 1379 consensit
781 1346 1003 1391 expeditioni
1026 1347 1344 1387 incarceratorum7
1363 1353 1398 1379 et
1414 1347 1609 1379 cessationi
1627 1359 1643 1378 a
1661 1347 1826 1391 captione
1844 1358 2019 1379 novorum
2028 1372 2091 1378 .....

315 1444 392 1473 Bur„
409 1444 438 1473 V,
453 1444 497 1466 271
516 1452 565 1476 sq.‚
583 1452 596 1466 e
611 1443 672 1468 libr.
686 1452 759 1475 proc.
774 1447 827 1467 nat.
841 1444 935 1467 Gallie.

314 1527 337 1552 1.
351 1528 410 1550 Jam
426 1527 508 1558 April.
527 1528 540 1550 2
555 1527 687 1550 Johnnnes
703 1527 734 1550 de
750 1527 841 1556 Marla,
856 1536 913 1550 can.
926 1528 989 1550 ecel.
1006 1528 1153 1559 anocens.⁷
1165 1528 1191 1550 in
1205 1531 1254 1551 art.
1272 1536 1342 1558 mag.
1356 1531 1381 1551 et.
1396 1528 1422 1551 in
1439 1531 1548 1559 utroque
1561 1528 1620 1559 jure
1636 1515 1733 1556 licent.,
1753 1528 1823 1550 filius
1841 1528 1944 1551 Heni-ici
1965 1529 1995 1551 de
2012 1529 2094 1551 Mau-la

219 1572 369 1595 cancellarii
385 1572 519 1599 Francius,
534 1580 548 1594 a
561 1572 620 1595 Joh.
636 1572 715 1595 xxm
728 1572 825 1595 electus
840 1575 879 1594 est
895 1572 920 1594 in
933 1572 1015 1603 episc.
1030 1572 1223 1597 Constantiens.
1236 1573 1308 1603 (Reg.
1324 1573 1388 1602 Lat„
1401 1577 1429 1595 n⁰
1443 1574 1495 1599 174,
1512 1573 1555 1596 sol.
1571 1573 1635 1602 214).
1648 1586 1678 1590 —-
1691 1572 1715 1596 2.
1730 1573 1787 1596 Vid.
1802 1577 1831 1595 11ο
1846 1573 1914 1596 1965.
1926 1587 1956 1590 -
1969 1573 1993 1598 3.
2009 1574 2073 1596 BUL.
2087 1581 2091 1595 z

221 1624 232 1639 α
250 1619 360 1647 propter
375 1625 397 1639 n.

220 1733 364 1771 2028.
387 1743 531 1769 lohannes
548 1744 647 1768 XXIII
659 1743 797 1778 antiquas
813 1743 1011 1768 ordinationes
1028 1752 1165 1768 armorum
1180 1744 1250 1770 1319
1266 1747 1292 1769 et
1308 1744 1378 1770 1320
1392 1752 1444 1779 pro
1463 1743 1586 1777 Collegio
1602 1743 1776 1769 scholarium
1792 1743 1892 1769 domus
1911 1744 2090 1770 Cluniacens.

311 1792 426 1817 Ordinis
439 1792 564 1817 Parisiis
577 1792 752 1817 studentium
766 1792 812 1823 [in
827 1793 958 1818 Chai-tul.
975 1797 1007 1818 11ο
1019 1793 1066 1827 781
1084 1792 1197 1826 editas]
1210 1792 1379 1818 transcribit
1394 1796 1421 1818 et
1436 1794 1596 1826 confirmat.
1614 1793 1678 1819 Dat.
1696 1793 1825 1819 Bononio
1841 1794 1888 1827 xiij
1903 1794 1959 1819 kal.
1975 1793 2089 1822 Octob.,

306 1842 412 1874 pontis.
428 1841 520 1867 nostri
533 1849 612 1867 anno
627 1842 743 1874 quinto.
762 1851 775 1865 «
792 1842 868 1867 Cum
882 1842 1023 1867 universis
1037 1842 1152 1868 ecclesie
1167 1844 1264 1868 sancte
1277 1842 1343 1867 filiis
1359 1852 1384 1868 ».

1407 1913 1475 1943 1414,
1492 1913 1619 1945 septemb.
1639 1914 1670 1943 11,
1686 1914 1803 1939 Parisiis.

310 2000 445 2031 Originale
462 2000 487 2023 in
501 2001 579 2023 Arch.
593 2004 646 2024 nat.
662 2001 757 2031 Paris.⁷
774 2001 791 2024 L
802 2002 855 2031 318,
872 2006 900 2024 η’)
916 2002 938 2024 8,
957 2001 1033 2024 Deest
1049 2001 1175 2031 sigillum.
1194 2001 1265 2023 Infra
1280 2009 1284 2023 ι
1305 2001 1332 2024 Ρ,
1351 2001 1381 2024 de
1397 2001 1493 2024 Aretio.
1511 2001 1595 2031 Super
1613 2001 1682 2032 plica
1697 2009 1701 2024 z
1720 2002 1768 2024 Pro
1784 2002 1811 2024 P.
1828 2002 1859 2024 de
1876 2002 1952 2030 Loco,
1970 2002 1998 2024 A.
2017 2001 2088 2024 Fido-

216 2045 259 2068 lis.
277 2046 295 2068 A
310 2049 383 2076 tergo
400 2053 405 2067 '.
423 2045 458 2073 R'.

218 2154 361 2191 2029.
384 2172 399 2189 «
415 2165 486 2190 Jean
504 2173 573 2189 sans
593 2165 666 2189 Peur
681 2173 784 2189 accuse
800 2164 903 2190 derant
921 2163 947 2189 le
960 2173 1037 2200 pape
1054 2164 1171 2189 maistre
1184 2163 1275 2189 Jelzan
1292 2164 1327 2189 <Ie
1343 2165 1447 2189 Jarson
1463 2163 1498 2189 de
1511 2163 1627 2199 publier
1639 2163 1758 2199 pai-oles
1775 2172 1902 2189 sonnans
1918 2164 1935 2188 ἰι
1952 2163 2088 2197 denigra-

307 2213 365 2238 tion
379 2213 414 2238 de
428 2222 463 2238 sa
477 2213 566 2238 bonne
580 2214 658 2247 fame
674 2217 701 2239 et
716 2213 865 2247 renommd,
882 2214 897 2239 9
913 2213 1027 2238 octobre
1043 2214 1122 2239 1414.
1139 2222 1153 2238 >›

1432 2249 1500 2277 1414,
1518 2248 1603 2274 Octob.
1619 2249 1642 2277 9,
1660 2249 1800 2274 cameraci.

310 2337 386 2360 Arch.
402 2337 437 2359 (lu
456 2336 535 2364 Nord,
547 2336 686 2359 chambres
700 2337 745 2360 des
759 2337 891 2368 Comptes,
907 2338 958 2360 ser.
976 2338 1003 2364 Β,
1019 2341 1081 2360 tom.
1092 2338 1110 2365 1,
1122 2346 1147 2368 p.
1162 2337 1216 2360 311.
1230 2350 1261 2354 —
1275 2337 1371 2359 Ducem
1385 2336 1554 2367 Burgundiae
1572 2339 1633 2359 tunc
1652 2336 1785 2359 Cameraci
1803 2336 1882 2359 fuisse
1898 2336 2039 2359 ediscimus
2056 2344 2087 2359 cx

215 2381 353 2404 ltinerario
367 2381 441 2403 ducis
455 2381 525 2412 apud
541 2381 682 2409 menum,
700 2381 846 2406 Callet-tion
861 2383 905 2406 des
920 2388 1047 2412 voyaqes,
1060 2385 1118 2410 etc„
1135 2382 1154 2404 1.
1171 2390 1197 2412 p.
1215 2383 1258 2409 54;
1275 2382 1383 2404 Enxm
1399 2381 1488 2407 Pm-rr„
1504 2380 1678 2409 Ieine'raires,
1697 2383 1755 2407 etc„
1772 2389 1798 2411 p.
1813 2380 1866 2405 412.
1884 2383 1908 2403 et
1923 2388 1953 2403 ex
1968 2380 2085 2403 oratione

214 2425 341 2448 Johanuis
358 2425 482 2449 Gersonis
499 2425 616 2456 ejusdem
628 2425 699 2455 anni,
712 2426 832 2449 Decemb,
848 2427 871 2453 4,
886 2426 931 2448 ubi
944 2426 1015 2453 dicit,
1033 2427 1125 2449 ducein
1139 2425 1308 2456 Burgundiae
1324 2425 1372 2448 hoc
1386 2433 1462 2453 anno,
1480 2425 1520 2447 die
1536 2433 1603 2447 nona
1618 2424 1720 2452 Oct0b.‚
1738 2424 1763 2446 in
1776 2424 1886 2447 ecclesia
1903 2424 2085 2447 cameracensi

214 2470 431 2501 protestationem
447 2470 589 2501 quamdam
606 2470 707 2493 secisse.
727 2470 794 2501 Opp.
813 2472 936 2497 Gerson..
953 2471 982 2497 V,
1000 2471 1054 2493 337-

215 2632 359 2670 2030.
383 2643 518 2677 stlagistri
533 2647 662 2676 regentes
675 2643 828 2676 facultatis
844 2643 1004 2668 medicinae
1017 2652 1064 2668 an.
1081 2643 1245 2669 1414-1415.

1469 2684 1536 2713 1414,
1553 2683 1666 2708 Moremb.
1685 2683 1798 2708 Parisiis.

304 2747 483 2779 Secuntur
504 2747 648 2779 nomina
671 2747 925 2791 magistrorum
948 2747 1014 2779 hoc
1036 2759 1129 2779 anno
1153 2746 1369 2791 regentium.

303 2842 376 2874 Mag.
393 2842 429 2868 de
446 2842 550 2867 Sancto
566 2842 657 2867 l'etro.
1253 2841 1325 2874 Mag.
1343 2840 1409 2866 Joh.
1426 2839 1557 2865 Comitis.

321 2905 356 2909 -—-
394 2891 570 2917 Guillclmus
585 2891 620 2916 de
633 2891 762 2916 Camera.
1269 2904 1303 2907 —-
1342 2889 1406 2914 Joh.
1426 2888 1549 2921 Leporis.
