2502 3418
406 313 468 345 156
983 322 1299 344 CHARTULAHIUM
1335 321 1524 342 uuivssns.
1562 320 1690 342 rmus.
2166 307 2266 342 [1408

402 395 515 428 serius
545 396 743 429 criminalis
774 396 860 428 dicti
887 396 1090 437 Castelleti,
1118 396 1161 428 ad
1193 395 1410 440 presentiam
1442 394 1634 427 reverendi
1664 394 1701 426 in
1729 393 1875 426 Christo
1905 393 2016 437 patris
2044 399 2079 425 et
2108 393 2262 434 domini,

402 462 539 494 domini
567 463 783 495 parisiensis
805 463 967 507 episcopi
998 462 1131 495 ibidem
1162 463 1197 494 in
1227 461 1508 506 pontificalibus,
1536 473 1606 493 una
1627 472 1705 493 cum
1734 460 1881 492 domino
1909 466 2050 492 rectore
2078 466 2113 492 et
2141 471 2264 504 quam-

401 528 567 573 plurimis
595 530 779 574 magistris
806 529 1031 570 doctoribus,
1057 529 1250 561 licentiatis
1279 535 1313 561 et
1340 528 1565 560 baccallariis
1591 527 1782 571 utriusque
1805 526 1914 571 juris,
1941 526 2075 558 ibidem
2103 526 2141 558 in
2166 526 2265 571 capis

401 595 654 637 existentibus,
673 603 915 641 presenteque
936 595 1050 628 nobili
1067 596 1144 628 viro
1162 596 1309 628 domino
1331 596 1436 627 l'etro
1455 595 1519 626 des
1538 595 1679 633 Essars,
1700 593 1824 634 milite,
1844 593 2031 637 preposito
2052 593 2263 634 Parisiensi,

400 662 588 695 associatis
609 662 795 695 nobilibus
816 663 904 695 viris
928 662 1075 695 domino
1103 662 1288 694 Florentio
1310 662 1456 701 Dautre,
1479 660 1606 700 milite,
1628 659 1813 692 Anthonio
1835 660 1900 692 des
1922 661 2064 701 Essars,
2085 660 2172 701 ...ἦς
2195 659 2264 692 ibi-

400 729 555 773 demque
576 729 764 774 quamdam
786 729 962 770 cedulam,
986 729 1022 761 in
1048 740 1268 773 pergameno
1289 728 1472 772 scriptam,
1496 739 1600 771 quam
1629 727 1665 759 in
1696 726 1774 759 suis
1801 726 1947 759 tenebat
1973 726 2153 768 manibus,
2174 726 2264 772 legit

400 802 435 828 et
454 795 649 840 publicavit
671 795 739 828 alta
759 802 794 828 et
813 795 1039 839 intelligibili
1059 807 1148 827 voce
1170 801 1204 827 et
1223 795 1316 827 facto
1338 794 1496 826 silentio.
1520 794 1634 837 Cujus
1656 793 1785 825 cedule
1807 799 1912 826 tenor
1932 793 2013 826 talis
2035 800 2090 826 est
2108 805 2115 826 z

487 900 501 914 <t
517 890 719 923 Monseigneur
733 888 883 923 l'evesque.
900 891 928 915 et
941 897 1021 918 vous,
1036 890 1244 922 monseigneur
1259 889 1284 914 le
1300 890 1413 914 recteur
1428 888 1464 914 de
1476 888 1658 913 l’Universite
1672 887 1707 913 de
1725 887 1812 917 Paris,
1829 886 1844 913 ἐι
1862 888 1888 913 13
1906 889 2039 921 requeste
2054 889 2082 914 et
2098 888 2263 921 poursieute

397 939 433 965 de
447 947 527 967 vous,
544 940 570 965 18
585 947 636 972 roy
649 940 746 964 nostre
759 938 822 967 sire,
839 939 935 972 lequel
951 946 987 964 ne
1002 939 1082 964 veult
1098 938 1264 964 ensraindre
1277 938 1316 963 les
1329 936 1443 963 libertes
1455 937 1490 962 de
1506 932 1618 970 l'Eglise
1631 944 1668 962 ne
1681 937 1720 962 les
1735 935 1886 970 privileges
1900 937 1935 962 de
1950 944 1979 962 sa
1993 937 2053 963 fille
2072 936 2261 964 l'Universite.

397 995 472 1013 nous
486 996 501 1013 3
516 986 700 1017 80111η1311ἀ8,
714 996 772 1021 que
787 988 826 1013 les
840 995 923 1020 corps
937 988 973 1013 de
988 988 1051 1013 feuz
1068 987 1161 1020 Ligier
1173 987 1219 1012 Du
1235 987 1346 1013 Moucel
1359 988 1387 1012 et
1402 987 1437 1012 dc
1451 986 1557 1012 Olivier
1572 986 1713 1019 Bourjois,
1728 986 1843 1019 lequelx
1855 993 1926 1012 vous
1941 986 2014 1012 dites
2027 986 2106 1012 avoir
2120 985 2178 1012 este
2192 987 2263 1013 clers

396 1039 424 1063 et
441 1037 579 1066 escoliers,
596 1037 725 1069 nagaires
747 1035 878 1062 executez
893 1035 909 1061 a
930 1044 957 1062 sa
974 1037 1087 1069 justice,
1107 1037 1217 1062 fussent
1231 1036 1395 1069 despendus
1410 1037 1438 1061 et
1453 1033 1590 1061 admenc's
1609 1043 1642 1067 cy
1657 1042 1694 1060 en
1709 1042 1757 1060 vos
1772 1033 1920 1068 presences
1934 1036 1963 1061 et
1977 1035 2086 1061 rendus
2100 1033 2117 1060 3
2130 1043 2217 1065 vous:
2234 1037 2263 1062 et

396 1094 471 1119 pour
484 1094 524 1115 ce,
541 1094 577 1111 en
592 1084 735 1111 obeissant
749 1093 786 1111 au
806 1093 856 1118 roy
878 1087 974 1111 nostre
993 1085 1057 1113 sire.
1076 1086 1115 1111 les
1129 1093 1212 1118 corps
1226 1085 1274 1111 des
1293 1085 1391 1110 dessus
1406 1085 1448 1110 dis
1466 1084 1560 1117 Ligier
1574 1085 1603 1110 et
1616 1084 1722 1110 Olivier
1738 1091 1827 1109 avons
1842 1084 1893 1109 fait
1907 1084 2067 1117 despendre
2082 1085 2110 1110 et
2124 1084 2263 1110 admener

394 1143 438 1168 cy,
454 1137 483 1161 et
498 1135 537 1160 les
552 1142 622 1160 vous
635 1135 770 1161 rendons.
788 1135 823 1160 Et
837 1135 917 1160 veult
936 1135 962 1160 le
977 1142 1027 1167 roy
1043 1136 1140 1160 nostre
1153 1134 1207 1160 sire
1222 1136 1250 1160 et
1265 1134 1450 1162 commande,
1467 1141 1525 1166 que
1538 1133 1564 1159 le
1578 1131 1693 1166 prevost
1707 1133 1743 1159 de
1760 1133 1837 1158 Paris
1852 1134 1880 1158 et
1899 1141 1940 1159 ses
1961 1133 2070 1159 aultres
2088 1133 2210 1160 officiers
2225 1141 2262 1160 en

394 1191 446 1209 son
461 1184 612 1216 royaulme
631 1184 754 1216 gardent
770 1184 808 1209 les
827 1182 942 1209 liberte-s
963 1185 991 1209 et
1006 1183 1162 1209 franchises
1176 1183 1212 1209 de
1232 1183 1322 1209 sainte
1340 1183 1442 1215 Eglise,
1459 1184 1558 1215 etque
1572 1190 1655 1215 aussy
1674 1182 1745 1208 ledit
1764 1183 1879 1215 prevost
1894 1182 1981 1215 garde
2001 1182 2040 1208 les
2060 1181 2211 1216 privileges
2226 1183 2262 1208 de

393 1231 573 1259 l'Universite
587 1233 622 1258 de
637 1233 724 1262 Paris,
741 1240 824 1265 aussy
836 1240 952 1258 comme
965 1232 985 1258 il
999 1240 1015 1258 a
1025 1231 1103 1265 jure,
1120 1234 1148 1258 et
1164 1240 1221 1265 que
1236 1230 1436 1258 d‘anciennete
1451 1239 1466 1257 3
1479 1230 1523 1257 ete
1538 1231 1598 1257 fait.
1615 1241 1628 1255 »

483 1316 625 1359 Quibus
646 1317 698 1349 sie
719 1316 820 1358 actis,
839 1316 1064 1349 reverendus
1085 1316 1121 1348 in
1142 1315 1288 1349 Christo
1311 1322 1411 1360 pater
1434 1315 1604 1348 dominus
1625 1315 1844 1347 Parisiensis
1868 1315 2065 1360 episcopus
2086 1322 2121 1348 et
2141 1322 2260 1348 rector

395 1383 489 1416 dicte
514 1383 769 1416 Universitatis
794 1383 1128 1428 presatijusserunt
1161 1383 1254 1415 dicta
1276 1394 1427 1427 corpora
1454 1394 1518 1415 seu
1545 1382 1718 1414 cadavera
1744 1381 1991 1415 ecclesiastice
2021 1382 2113 1415 tradi
2140 1383 2262 1428 sepul-

394 1457 486 1482 ture.
509 1451 560 1482 De
586 1457 621 1483 et
647 1462 758 1495 super
778 1449 911 1495 quibus
938 1450 1128 1495 premissis
1157 1450 1283 1495 prefati
1311 1449 1448 1482 domini
1480 1449 1676 1494 episcopus
1707 1455 1742 1481 et
1769 1455 1888 1481 rector
1915 1461 1933 1481 a
1961 1448 2080 1490 nobis,
2110 1450 2261 1483 notariis

395 1516 551 1561 publicis
573 1517 804 1562 subscriptis,
828 1516 898 1550 sibi
920 1517 998 1549 fieri
1019 1517 1202 1561 petierunt
1224 1516 1408 1561 publicum
1431 1517 1726 1556 instrumentum,
1750 1528 1860 1556 unum
1877 1516 1935 1548 vel
1956 1515 2071 1561 plura.

483 1585 571 1617 Acta
592 1590 676 1616 sunt
695 1583 761 1616 hec
783 1583 851 1616 sub
872 1596 980 1625 anno,
1003 1583 1216 1623 indictione,
1237 1595 1377 1623 mense,
1402 1583 1474 1625 die,
1499 1582 1709 1628 pontificatu
1731 1590 1765 1615 et
1785 1583 1877 1616 locis
1898 1583 2086 1628 predictis,
2111 1595 2262 1628 presen-

394 1651 492 1684 tibus
513 1651 646 1684 ibidem
670 1651 827 1683 dominis
849 1650 1045 1684 Guillelmo
1068 1651 1247 1696 Ilugonis,
1271 1650 1526 1683 archidiacono
1548 1650 1725 1683 Metensis
1746 1650 1991 1682 ecclesie ...⁵.

482 1720 603 1751 Tenor
617 1718 791 1750 dictarum
806 1717 1005 1750 litterarum
1022 1718 1216 1762 regiarum,
1232 1718 1275 1750 de
1290 1729 1359 1762 qua
1371 1718 1444 1760 (sic)
1459 1717 1630 1762 superius
1643 1717 1682 1750 fit
1694 1717 1843 1758 mentio,
1855 1717 2022 1761 sequitur
2034 1724 2069 1750 et
2083 1724 2137 1750 est
2152 1717 2257 1750 talis:

484 1800 499 1816 «
522 1785 686 1822 Charles,
710 1797 772 1829 par
792 1785 824 1817 la
845 1786 951 1829 gruce
974 1785 1017 1817 de
1039 1785 1143 1825 Dieu,
1165 1790 1229 1818 etc.
1250 1798 1266 1815 ))

483 1854 549 1885 Par
569 1852 602 1884 le
623 1864 699 1897 roy,
723 1852 895 1884 lnessires
916 1852 970 1884 les
992 1852 1081 1884 dues
1103 1852 1146 1884 de
1168 1853 1282 1897 Berry
1307 1859 1340 1884 et
1362 1852 1405 1884 ‹le
1429 1853 1678 1897 Bourgoigne,
1707 1852 1761 1885 les
1789 1859 1915 1885 contes
1936 1852 1980 1884 de
2001 1853 2138 1884 Nevers
2159 1858 2194 1884 et
2214 1851 2258 1884 de

393 1920 616 1960 Vendosme,
641 1925 676 1951 et
695 1919 830 1951 aultres
852 1922 1016 1963 presens.
1041 1919 1097 1951 Sic
1120 1920 1301 1963 signatum
1323 1931 1329 1951 2
1353 1920 1590 1951 Nmuwmiizss.

486 2013 622 2044 Originale
637 2013 663 2035 111
678 2013 756 2036 Arch.
772 2012 849 2036 Univ.
872 2013 966 2040 Paris.v
983 2013 1058 2035 theca
1079 2013 1111 2035 lv
1127 2014 1165 2041 (A.
1185 2013 1223 2035 21.
1242 2014 1271 2042 t).
1287 2013 1315 2035 In
1331 2016 1406 2044 parte
1424 2021 1516 2036 aversa
1540 2013 1639 2044 legitur
1657 2021 1662 2035 ⁴.
1678 2021 1688 2036 (‹
1706 2014 1914 2036 Instrumentum
1933 2013 2090 2036 elericorum
2111 2021 2125 2035 a
2140 2012 2260 2043 patibulo

392 2059 560 2082 reductorum
574 2066 596 2081 1).
610 2071 641 2075 -
653 2058 800 2086 ἆουΚΒΛΙΝ,
815 2062 844 2079 11Ο
857 2057 926 2081 1006.

486 2102 590 2126 Litteris
607 2102 668 2125 Maii
687 2103 715 2124 12
737 2102 814 2129 datis,
834 2110 945 2132 quarum
961 2110 1043 2132 supra
1065 2102 1162 2124 mentio
1185 2102 1222 2130 fit,
1237 2102 1347 2125 Carolus
1372 2103 1403 2125 Vl
1420 2103 1466 2125 hos
1484 2103 1549 2125 duos
1570 2102 1705 2125 scholares
1722 2102 1893 2126 Universitati
1915 2102 2019 2125 restitui
2036 2102 2155 2133 jusserat
2172 2101 2259 2131 (ΑΙ-81].

393 2148 470 2171 Univ.
491 2147 584 2175 Paris„
601 2147 678 2170 theca
692 2147 733 2174 lv,
750 2147 779 2169 A.
795 2146 833 2169 21.
850 2154 874 2173 s;
892 2147 910 2168 Y
924 2147 946 2174 2,
962 2146 1006 2170 fol.
1023 2146 1088 2174 277b;
1112 2147 1260 2171 Jounnnx.
1282 2152 1309 2169 110
1328 2148 1406 2176 1005).
1424 2147 1623 2170 Rcstitutionem
1642 2147 1815 2170 Universitati
1839 2148 1935 2170 factam
1959 2146 2038 2170 etiam
2055 2147 2137 2169 refert
2155 2146 2259 2169 Nicolas

392 2193 423 2215 de
436 2193 505 2223 Baye
522 2191 572 2223 (ed.
589 2192 707 2220 TUETEY,
724 2191 744 2220 Ι,
757 2199 784 2222 p.
801 2191 858 2218 231;
876 2191 952 2214 Arch.
967 2194 1020 2214 nat.
1038 2191 1131 2219 Paris,
1148 2192 1194 2213 X¹a
1208 2192 1279 2220 4788,
1297 2192 1340 2214 sol¹
1357 2193 1405 2220 93),
1423 2192 1466 2214 ubi
1479 2192 1576 2223 legitur
1591 2192 1651 2222 plus
1665 2200 1743 2223 quam
1760 2191 1936 2223 quadraginta
1949 2199 2076 2222 personas
2092 2191 2123 2214 de
2140 2191 2260 2222 patibulo

390 2240 452 2260 tunc
468 2237 598 2259 detractas
612 2244 679 2259 esse.

483 2317 508 2340 1.
521 2316 670 2339 Afferuntur
685 2316 763 2347 plura
778 2315 894 2344 nomina,
905 2315 961 2338 scil.
971 2316 1178 2345 capellanorum,
1193 2315 1290 2338 civium
1301 2316 1395 2341 Paris..
1411 2316 1479 2339 inter
1494 2325 1559 2347 quos
1569 2316 1686 2339 Andreas
1701 2317 1847 2347 Duperroy,
1860 2316 1987 2339 librarius
2001 2316 2106 2347 juratus
2120 2315 2258 2339 Universi-

391 2361 462 2384 tatis.
472 2375 495 2378 --
510 2361 534 2385 2.
547 2361 636 2391 Orig.:
650 2369 661 2383 «
675 2364 744 2383 retro
758 2359 948 2391 quadrigam».
958 2373 987 2377 —
998 2360 1021 2384 3.
1038 2359 1161 2390 Sequitur
1177 2360 1202 2382 in
1214 2360 1288 2391 Orig.
1301 2369 1349 2383 vox
1362 2369 1373 2383 «
1383 2361 1470 2383 adacti
1483 2369 1505 2390 »‚
1518 2369 1584 2392 quae
1595 2361 1699 2384 videtur
1714 2369 1771 2384 esse
1786 2361 1906 2384 delenda.
1918 2375 1944 2378 —-
1955 2360 1979 2385 4.
1990 2361 2140 2392 Sequuntur
2152 2359 2259 2383 nomina

392 2406 576 2429 scutiferorum
599 2405 772 2436 aliorumque.
788 2418 818 2421 —
834 2404 858 2429 5.
876 2404 986 2427 Nomina
1006 2404 1194 2435 praesentium,
1217 2404 1348 2435 imprimis
1371 2405 1477 2428 civium.
1499 2419 1529 2422 —
1548 2405 1571 2430 6.
1588 2406 1700 2429 Nomina
1720 2405 1905 2429 notariorum:
1921 2405 1980 2428 Joh.
2001 2405 2113 2434 Perrini‚
2137 2405 2257 2428 Remens.

391 2451 483 2480 dioec„
496 2450 549 2481 jur.
570 2458 627 2473 can.
650 2450 760 2478 baccal.;
777 2449 836 2472 Joh.
853 2448 995 2473 Graffardi.
1020 2462 1049 2466 —
1070 2449 1230 2478 Notandum,
1253 2450 1324 2480 apud
1347 2450 1374 2472 S.
1390 2450 1570 2472 Mathurinum
1592 2450 1708 2481 positum
1731 2458 1788 2473 esse
1811 2450 1976 2481 epitaphium
1991 2450 2045 2481 (ap.
2068 2450 2209 2478 BULAEUM,
2226 2449 2256 2478 V,

390 2503 417 2526 p.
432 2496 476 2518 145
491 2495 541 2524 bis)
557 2494 618 2517 Maii
633 2494 670 2523 17,
686 2494 712 2517 in
726 2502 776 2525 quo
792 2493 997 2516 nominabantur
1012 2493 1104 2524 Legier
1120 2494 1154 2516 du
1170 2494 1283 2516 Moussel
1300 2497 1324 2516 et
1340 2494 1439 2517 Olivier
1455 2494 1611 2525 Bourgeois.

396 2657 535 2693 1853.
560 2668 624 2691 Cum
642 2668 782 2700 referente
802 2666 938 2699 magistro
961 2667 1044 2691 Petro
1065 2665 1100 2691 de
1120 2667 1254 2691 massona
1279 2666 1415 2700 magister
1434 2666 1578 2691 lohannes
1593 2666 1628 2692 de
1649 2667 1733 2701 Pisis,
1755 2667 1913 2701 chirurgus,
1932 2670 1999 2692 ante
2020 2666 2207 2699 inceptionem
2224 2667 2252 2691 in

478 2718 536 2749 sac.
554 2715 712 2741 medicinae
734 2715 909 2740 manualiter
924 2718 1099 2750 operaretur,
1119 2715 1172 2740 iste
1188 2716 1325 2749 magister
1346 2724 1441 2740 coram
1460 2715 1604 2749 facultate
1620 2716 1788 2751 promittere
1804 2720 1920 2741 coactus
1937 2719 1987 2750 est,
2005 2725 2035 2741 se
2054 2724 2108 2741 non
2129 2715 2254 2751 amplius

479 2768 659 2799 operaturum
677 2764 851 2789 [annualiter
867 2764 990 2789 Parisiis
1007 2765 1033 2788 in
1051 2764 1197 2798 chirurgia
1211 2764 1333 2799 publice,
1353 2774 1412 2789 cum
1430 2764 1481 2789 hoe
1497 2773 1641 2799 nunquam
1660 2765 1746 2790 risum
1762 2766 1800 2790 sit
1817 2761 1844 2790 iti
1858 2765 1954 2790 studio
1968 2765 2063 2789 Paris.

1656 2846 1728 2874 1408,
1744 2847 1798 2871 dun.
1815 2847 1838 2874 9,
1854 2846 1967 2871 Parisiis.

485 2880 583 2902 Conuu.
599 2881 647 2902 sac.
662 2880 740 2908 me‹l.,
756 2881 773 2907 1,
788 2888 813 2910 p.
829 2880 882 2904 122.
899 2893 928 2897 —
944 2880 1092 2910 Jommmx,
1108 2884 1136 2902 n0
1153 2881 1221 2903 1016.
