2502 3418
396 294 431 324 16
964 301 1280 323 CHARTULARlUM
1316 300 1506 322 umvsas.
1545 300 1672 322 lunis.
2151 286 2251 322 [1396

395 392 515 428 1731
526 420 534 428 .
557 400 775 435 Assignationes
793 399 1026 426 baccalareorum
1045 399 1111 425 ord.
1129 399 1234 425 Praed.
1250 407 1302 434 pro
1318 399 1414 424 stadio
1429 399 1524 424 Paris.

1504 487 1575 515 7396,
1592 487 1660 512 circa
1674 486 1735 511 Maii
1745 486 1782 514 21.
1800 486 1967 511 claromonte.

481 576 721 622 Assignamus
742 576 785 609 ad
806 575 1002 621 legendum
1021 575 1224 609 Sententias
1246 574 1405 607 Parisius
1429 586 1493 618 pro
1515 586 1608 606 anno
1630 573 1792 618 presenti
1812 574 1956 606 fratrem
1974 572 2163 606 Alhertum
2186 574 2255 606 Ro-

394 643 505 675 berti¹
521 643 564 675 de
582 643 766 688 provincia
784 643 945 682 Francie,
957 643 1013 675 cui
1031 642 1287 675 substituimus
1303 642 1446 673 fratrem
1464 640 1662 673 Johannem
1681 639 1851 684 Stephani
1869 640 1913 672 de
1930 639 2053 672 eadem
2071 639 2255 684 provincia

393 710 429 741 in
451 721 549 750 casu,
564 710 600 742 in
618 722 688 754 quo
706 710 823 754 ipsum
846 709 1040 754 contigerit
1060 708 1240 753 impediri.
1259 709 1346 740 Item
1368 707 1502 739 ibidem
1525 719 1589 751 pro
1613 707 1727 751 primo
1749 718 1842 739 anno
1864 707 2044 739 extraneis
2066 706 2188 739 debito
2210 707 2254 739 ad

394 776 588 821 legendum
611 776 813 809 Sententias
835 776 1062 820 assignamus
1083 776 1227 807 fratrem
1249 774 1447 807 Johannem
1469 773 1512 806 de
1534 773 1672 806 Merula
1694 773 1738 806 de
1759 773 1944 818 provincia
1961 772 2178 814 Tholosana,
2197 773 2254 806 cui

395 842 650 875 substituimus
670 843 813 875 fratrem
835 842 1034 875 Johannem
1057 842 1101 874 de
1127 843 1218 874 Lacu
1249 841 1292 873 de
1321 840 1506 886 provincia
1531 840 1733 873 Provincie.
1764 841 1850 873 Item
1879 852 1944 884 pro
1971 840 2133 873 secundo
2160 852 2254 873 anno

395 909 574 941 extraneis
598 908 733 949 debito,
753 915 921 953 quantum
945 915 1067 941 nostra
1088 909 1252 944 interest,
1274 908 1503 952 assignamus
1525 906 1658 939 ibidem
1680 907 1723 939 ad
1744 906 1939 951 legendum
1962 907 2166 940 Sententias
2186 908 2256 940 sra-

396 983 485 1008 trem
508 975 706 1008 Johannem
730 975 913 1020 Stephani.
935 977 1024 1008 Item
1045 975 1177 1007 ibidem
1203 987 1267 1019 pro
1289 974 1450 1007 secundo
1472 974 1653 1006 extraneis
1674 973 1811 1014 debito,
1833 980 2004 1018 quantum
2022 981 2146 1007 nostra
2167 975 2259 1008 inte-

396 1049 482 1083 rest,
504 1042 733 1087 disponimus
764 1042 807 1075 ad
837 1042 1033 1087 legendum
1062 1042 1266 1075 Sententias
1297 1041 1431 1073 ibidem
1459 1041 1603 1073 fratrem
1627 1041 1875 1086 Raymundum
1898 1041 2048 1086 Burgeti
2070 1042 2256 1086 provincie

397 1109 591 1153 Aragonie.
613 1109 844 1142 Comittimus
873 1115 989 1141 autem
1016 1108 1229 1153 provinciali
1262 1108 1423 1148 Francie,
1456 1107 1553 1152 quod
1584 1107 1628 1140 de
1655 1108 1867 1140 auctoritate
1898 1114 2021 1141 nostra
2048 1108 2183 1141 ibidem
2211 1109 2256 1142 de

396 1175 531 1208 biblico
552 1176 686 1208 idoneo
706 1175 822 1208 valeat
841 1175 1047 1220 providere.

488 1274 645 1304 Fragmenta
661 1273 743 1304 Capp.
758 1274 864 1304 general
887 1273 950 1296 Ord.
967 1274 1058 1296 Praed.
1073 1273 1106 1296 ad
1122 1273 1184 1296 Ord.
1202 1273 1292 1296 Praed.
1308 1273 1475 1304 pertinentia.
1487 1286 1514 1290 —
1525 1274 1577 1296 ista
1594 1276 1618 1296 et
1633 1273 1769 1304 sequentia
1785 1274 1941 1304 fragmenta,
1959 1276 1987 1296 ut
2001 1273 2089 1296 omnia
2103 1273 2129 1296 in
2146 1276 2208 1297 tom.
2222 1273 2259 1297 111

397 1317 476 1347 edita,
492 1326 559 1341 saec.
575 1318 603 1340 18
615 1318 754 1349 desumpta
769 1321 868 1341 orante
884 1318 1063 1349 manuscripto
1080 1318 1141 1341 olim
1159 1317 1183 1340 in
1199 1321 1327 1341 vonventn
1341 1318 1366 1341 S.
1380 1318 1536 1341 Cuthnrinne
1552 1318 1739 1341 Barcinonens.
1759 1321 1872 1347 servato,
1893 1318 1939 1341 sed
1955 1326 2023 1341 nunc
2036 1318 2182 1349 deperdito,
2198 1326 2259 1341 nam

390 1362 458 1384 liber
470 1362 665 1393 manuscriptus
680 1362 762 1393 Capp.
778 1363 895 1393 general.
908 1362 934 1385 in
948 1363 1016 1385 Bihl.
1033 1362 1219 1385 Universitutis
1236 1362 1422 1385 Barcinonens.
1436 1363 1454 1386 l.
1466 1363 1510 1387 111.
1523 1363 1561 1391 16,
1574 1366 1746 1386 conservatus
1760 1363 1845 1385 solum
1863 1371 1945 1393 usque
1958 1362 1991 1385 nd
2005 1371 2047 1386 nn.
2066 1363 2127 1386 1³48
2142 1363 2260 1394 capitula

391 1407 514 1430 continet.

485 1491 508 1516 1.
528 1492 579 1514 Iste
595 1495 619 1514 et
634 1500 744 1523 sequens
765 1492 820 1523 jam
841 1500 883 1515 nn.
907 1492 966 1514 1388
987 1495 1012 1514 et
1034 1500 1076 1515 an.
1103 1492 1158 1515 1391
1180 1492 1309 1522 assignati
1331 1495 1406 1515 erant
1424 1501 1473 1523 pro
1496 1492 1636 1515 Sententiis
1654 1491 1769 1523 legendis
1793 1492 1855 1522 (vid.
1874 1493 2013 1522 Chartul.‚
2038 1493 2083 1522 III,
2103 1492 2137 1516 n¹¹¹
2157 1493 2216 1516 1547
2236 1495 2262 1516 et

392 1536 472 1565 1594).
488 1536 598 1567 Propter
612 1536 685 1559 litem
697 1536 765 1559 inter
776 1536 980 1559 Universitatem
994 1539 1019 1559 et
1033 1536 1230 1559 Praedicatores
1247 1537 1279 1559 nd
1294 1537 1422 1560 lecturam
1437 1537 1544 1560 minime
1558 1540 1743 1568 pervenerunt.
1758 1538 1856 1560 Iterum
1876 1546 1919 1560 an.
1935 1538 1996 1561 1403
2011 1537 2182 1568 assignantur
2197 1538 2260 1567 (vid-

392 1584 420 1603 n⁰
435 1581 515 1610 1777),
529 1581 671 1612 eodemque
688 1581 774 1604 solum
789 1589 856 1604 anno
872 1581 985 1604 lecturas
1002 1581 1117 1612 incipere
1132 1585 1283 1612 potuerunt.
1299 1581 1356 1605 Vid.
1374 1582 1439 1605 ibid.

2033 1727 2046 1739 fl

399 1734 537 1771 1732.
564 1744 681 1770 Carolus
703 1745 740 1769 Vl
751 1753 769 1769 a
786 1744 879 1778 tallia,
898 1745 1048 1771 occasione
1063 1745 1228 1781 nuptiarum
1243 1745 1326 1780 filiae
1340 1755 1412 1772 suae
1428 1746 1573 1772 Isabellae
1589 1755 1649 1772 cum
1662 1755 1727 1781 rege
1743 1746 1867 1781 Angliae
1882 1747 2026 1783 imposita,
2050 1747 2150 1773 eximit
2164 1756 2260 1774 omnes

482 1793 633 1827 magistros
659 1797 686 1819 et
707 1802 767 1820 vere
790 1794 946 1826 studentes,
966 1794 1101 1826 bedellos,
1120 1794 1266 1828 librarios,
1292 1795 1512 1830 illuminatores,
1528 1796 1765 1832 pergamenarios
1786 1795 1918 1832 aliosque
1943 1796 2141 1823 Universitatis
2162 1792 2257 1824 Paris.

483 1844 631 1868 servitores
641 1843 704 1877 jam
718 1842 839 1868 aliorum
854 1843 1021 1869 tributorum
1036 1848 1176 1878 expertes,
1192 1843 1295 1871 Donne
1310 1843 1326 1871 a
1341 1846 1417 1871 Paris
1432 1846 1459 1871 le
1474 1846 1511 1871 ix⁰
1521 1846 1589 1879 jour
1603 1846 1639 1872 de
1653 1846 1723 1871 Juin
1739 1846 1796 1871 l'an
1809 1846 1862 1871 mil
1877 1846 1943 1872 CCC
1954 1847 2039 1872 ΙΙΠΧΧ
2053 1848 2082 1873 et
2096 1846 2168 1873 seize
2181 1848 2211 1873 et
2224 1847 2260 1874 de

483 1893 580 1917 nostre
594 1900 682 1925 regne
697 1892 723 1917 le
737 1892 879 1918 seizesmc.
900 1903 912 1916 «
929 1893 988 1926 Oye
1003 1901 1091 1919 avons
1107 1905 1131 1919 υ.

1662 1931 1736 1960 1396,
1751 1932 1807 1957 dun.
1823 1932 1846 1960 9,
1862 1931 1976 1957 Parisiis.

488 1976 563 1999 Arch.
580 1979 632 1999 nat.
647 1976 740 2005 Paris„
754 1977 772 1999 Y
788 1977 810 2005 2,
828 1977 873 2000 sol.
889 1977 952 2002 [28¹³.
966 1990 996 1994 —
1013 1977 1138 2002 Ordonn.
1153 1980 1197 2002 des
1212 1978 1278 2006 νοὶε,
1293 1979 1360 2005 VIII.
1376 1987 1403 2010 p.
1421 1980 1457 2002 77.

402 2129 540 2165 1733.
565 2147 579 2164 <4
595 2138 716 2164 Botulus
732 2139 910 2175 quorundam
926 2140 1136 2167 licentiatorum
1153 2145 1179 2167 et
1196 2142 1409 2168 bacalariorum
1430 2143 1628 2169 Universitatis
1643 2144 1830 2171 Parisiensis.
1849 2154 1863 2170 »

1328 2230 1401 2260 7394,
1418 2230 1503 2259 Octob‚
1519 2231 1648 2260 20-7396.
1662 2234 1724 2263 post
1736 2233 1791 2258 dun.
1809 2233 1826 2261 1,
1843 2232 1973 2258 Ᾰνθηίοηε.

489 2314 698 2359 Supplicant
720 2315 753 2347 S.
771 2316 814 2348 V.
837 2315 993 2348 humiles
1015 2323 1050 2349 et
1070 2316 1189 2350 devoti
1212 2324 1376 2351 oratores
1397 2319 1509 2352 vestri
1530 2319 1710 2352 licenciati
1738 2327 1773 2353 et
1797 2320 1968 2353 bacalarii
1995 2320 2193 2366 subscripti
2214 2321 2259 2354 de

400 2381 560 2425 presenti
587 2381 746 2414 Parisius
775 2382 978 2424 studentes,
1006 2395 1232 2428 quorumque
1258 2384 1369 2429 aliqui
1394 2385 1522 2430 legunt
1542 2387 1647 2419 etiam
1670 2387 1713 2419 de
1740 2387 1915 2432 presenti,
1938 2399 2003 2433 pro
2029 2387 2162 2433 quibus
2188 2388 2259 2433 epi-

400 2459 532 2491 scopus
548 2449 753 2489 Vasetens.,
770 2461 864 2482 nunc
877 2450 919 2483 V.
939 2450 973 2482 S.
988 2449 1121 2482 ibidem
1141 2451 1308 2492 nuncius,
1328 2453 1366 2484 E.
1388 2453 1421 2485 S.
1439 2453 1539 2497 ipsos
1556 2454 1884 2487 recommendando
1903 2455 2063 2500 scripsit,
2081 2461 2259 2500 quatenus

400 2525 522 2546 eorum
547 2515 747 2558 peticiones
769 2515 994 2561 subscriptas
1016 2517 1084 2549 sub
1106 2517 1184 2550 data
1207 2525 1241 2550 et
1261 2530 1341 2551 cum
1364 2520 1605 2564 prerogativis
1632 2532 1720 2565 quas
1740 2520 1956 2554 habuissent
1975 2522 2012 2554 in
2033 2520 2152 2555 rotulo
2173 2521 2261 2555 Uniss

398 2581 580 2613 versitatis
601 2582 711 2614 studii
732 2583 961 2625 Parisiensis,
981 2583 1011 2615 si
1028 2583 1185 2616 rotulum
1203 2585 1410 2627 fecissenv,
1427 2586 1470 2618 ad
1487 2587 1736 2620 exaudicionis
1752 2589 1901 2632 gratiam
1919 2588 2109 2622 admittere
2131 2589 2259 2634 digne-

401 2647 487 2679 mini
509 2648 552 2680 de
573 2648 686 2692 gratia
708 2649 869 2693 speciali.

488 2746 522 2771 Et
537 2746 632 2779 primo
644 2747 770 2773 Johanni
784 2749 928 2779 Kaeruan,
943 2750 1009 2775 cler.
1029 2750 1231 2784 Corisopitens.
1249 2751 1335 2780 dioc..
1352 2752 1513 2778 Aurelianis
1535 2760 1603 2778 cum
1626 2753 1722 2786 rigore
1741 2755 1882 2781 examinis
1903 2755 1948 2781 lic.
1966 2755 1996 2781 in
2016 2756 2105 2785 decr..
2121 2755 2172 2789 qui
2193 2756 2261 2781 ante

400 2795 546 2821 licentiam
561 2795 730 2828 hujusmodi
746 2805 796 2830 per
808 2798 941 2832 quinque
955 2806 1047 2825 annos
1063 2799 1184 2825 Parisius
1200 2800 1242 2826 vel
1258 2808 1291 2826 eo
1306 2801 1380 2826 circa
1392 2801 1504 2827 decreta
1520 2802 1691 2835 hujusmodi
1711 2803 1781 2837 legit
1795 2805 1824 2830 et
1842 2804 1877 2830 de
1892 2805 2019 2838 presenti
2033 2805 2065 2831 in
2080 2804 2187 2831 eisdem
2202 2804 2259 2830 ibi-

401 2844 467 2869 dem
481 2844 587 2870 studet.
