2502 3418
377 319 442 353 748
957 331 1274 355 CHARTULARIUM
1306 333 1497 355 U‘NIVERS.
1534 333 1662 355 mais.

377 449 438 472 1796
513 448 580 474 1403
655 460 906 474 ..........
923 451 1051 475 Secuntur
1064 452 1271 483 supplicationes
1285 453 1475 484 magistrorum
1491 453 1623 476 facultatis
1637 452 1732 476 ortium
1736 462 2154 477 .................
2215 449 2245 471 80

379 623 438 646 1797
534 636 563 640 -
677 624 797 648 Octobris
813 625 843 647 23
894 635 907 646 «
923 626 1032 649 Rutulus
1048 626 1189 649 scolarium
1205 626 1405 650 Parisiensium.
1421 638 1433 648 »
1449 648 1453 652 ,
1474 640 2155 652 ...........................
2203 622 2247 645 110

379 681 439 703 1798
535 694 564 697 —
726 697 754 700 —
814 683 842 705 23
894 693 907 704 «
923 684 1032 706 Rotulus
1049 685 1224 715 quorumdam
1239 684 1380 707 scolarium
1394 684 1592 709 Parisiensium.
1609 695 1621 705 »
1629 698 2156 707 .....................
2203 679 2247 702 116

380 739 440 762 1799
536 752 562 756 —-
726 755 750 758 —
813 742 842 763 23
895 751 907 762 «
923 741 1033 764 Rutulus
1048 742 1254 765 bacallariorum
1269 742 1295 765 in
1310 742 1412 765 artibus
1428 742 1614 765 Universitatis
1629 741 1796 766 parisiensis.
1814 751 1826 762 υ
1839 756 2155 765 .............
2202 738 2248 761 116

380 797 441 819 1800
536 811 564 814 -
669 798 825 822 Novembris
842 798 852 820 1
896 798 1050 822 Benedictus
1063 800 1120 823 XIII
1136 800 1293 823 cancellario
1305 800 1399 829 Paris„
1414 803 1442 823 ut
1452 800 1522 824 Guil.
1536 800 1657 823 Boticolli
1672 800 1705 823 ad
1721 800 1849 823 lecturam
1865 799 1980 823 Sentent.
1993 798 2157 821 admittatur.
2204 796 2249 818 126

380 855 439 877 1801
536 869 564 872 -
730 870 760 874 —
824 856 853 878 18
896 857 1050 880 Benedictus
1064 858 1123 880 XIII
1137 858 1275 881 ecclesiam
1290 858 1317 881 S.
1333 858 1461 881 Johannis
1476 858 1507 881 de
1523 858 1620 882 Gravia
1637 857 1809 881 cancellariae
1826 857 1911 882 Paris.
1929 857 2104 888 incorporat..
2125 873 2131 879 .
2151 873 2156 879 .
2205 854 2249 877 126

380 913 440 935 1802
536 926 564 930 --
665 914 813 938 Decembris
831 914 860 936 12
895 914 1049 938 Juramenta
1065 915 1236 938 librariorum
1253 916 1401 947 juratorum
1417 915 1614 946 Universitatis,
1630 916 1742 947 legenda
1757 915 1798 939 bis
1813 923 1881 938 anno
1901 914 2027 946 quolibet,
2046 914 2072 937 in
2093 915 2159 937 festo

927 959 1051 982 Omnium
1067 961 1223 984 Sanctorum
1238 963 1264 984 et
1278 960 1304 983 in
1320 960 1362 984 die
1376 960 1508 984 dominica
1524 964 1583 984 ante
1598 960 1803 992 carnisprivium
1814 975 2158 983 ..............
2205 956 2250 980 126

380 1015 440 1038 1803
536 1028 563 1032 --
658 1034 864 1041 .........
896 1017 1033 1040 Licentiati
1048 1018 1074 1041 in
1089 1018 1212 1042 facultate
1227 1018 1375 1050 theologiae
1379 1033 2158 1043 ...............................
2204 1015 2250 1038 128

381 1074 440 1096 1804
516 1072 583 1098 140⁴
676 1075 851 1107 April.-Junio
897 1075 1052 1106 Incipientes
1066 1076 1092 1099 in
1109 1077 1232 1100 facultate
1247 1077 1392 1100 medicinae
1400 1092 2159 1101 ..............................
2206 1073 2250 1096 129

381 1131 441 1154 1805
536 1145 564 1148 -
684 1133 748 1157 Julii
763 1133 838 1156 14-19
897 1133 1035 1157 Scholares
1051 1134 1127 1157 multi
1141 1135 1271 1158 vulnerati
1284 1135 1310 1158 in
1322 1135 1491 1166 processione
1504 1143 1519 1158 a
1534 1135 1657 1166 gentibus
1673 1134 1760 1158 Caroli
1776 1134 1807 1158 de
1823 1133 1943 1165 Savoisy.
1957 1133 2084 1161 Quen-elne
2099 1133 2162 1157 Uni-

927 1178 1070 1202 versitatis.
1087 1179 1197 1203 Carolus
1213 1179 1239 1202 in
1254 1188 1386 1203 carce-rem
1402 1180 1544 1211 conjectus.
1557 1180 1724 1203 Cessationes
1739 1187 1754 1202 a
1769 1182 1870 1202 rectore
1882 1178 1996 1202 indictae
1999 1195 2160 1202 .......
2206 1175 2252 1199 129

381 1234 441 1257 1806
536 1247 567 1250 -
691 1236 803 1267 Augusti
820 1236 830 1259 1
898 1236 1052 1260 Benedictus
1067 1237 1125 1260 XIII
1141 1237 1298 1261 cancellario
1313 1238 1408 1267 Paris.,
1425 1241 1454 1261 ut
1472 1238 1619 1261 Johannem
1638 1237 1783 1267 Michaelis,
1799 1237 1863 1260 Ord.
1883 1236 1987 1265 Praed.,
2003 1236 2112 1259 Parisiis
2128 1236 2161 1259 ad

927 1280 1055 1304 lecturam
1071 1282 1266 1305 Sententiarum
1280 1282 1403 1306 admittat
1405 1298 2160 1306 ..............................
2206 1279 2252 1303 129

381 1337 440 1359 1807
537 1350 565 1353 -
683 1341 749 1371 Aug.
769 1340 839 1363 19-23
898 1339 1071 1368 Universitas,
1089 1349 1133 1364 ore
1146 1340 1215 1364 Petri
1232 1341 1265 1363 ad
1282 1341 1374 1368 Boves,
1388 1343 1479 1364 contra
1495 1341 1618 1364 Carolum
1634 1340 1665 1363 de
1681 1340 1792 1371 Savoisy
1809 1339 1835 1363 in
1851 1339 2016 1363 Parlamento
2032 1338 2160 1370 queritur.

929 1384 1025 1407 Domus
1042 1385 1129 1408 Caroli
1144 1385 1317 1412 demolienda,
1333 1386 1443 1409 emenda
1455 1385 1494 1409 CC
1507 1385 1568 1409 libr.
1581 1385 1700 1408 redditus
1716 1385 1749 1408 ad
1762 1384 1878 1416 capellas
1895 1383 2052 1411 fundandus,
2064 1384 2088 1407 Μ
2099 1383 2161 1407 libr.

928 1437 977 1460 pro
992 1429 1169 1459 scholaribus,
1186 1430 1209 1453 M
1225 1438 1273 1461 pro
1290 1430 1467 1454 Universitate
1482 1430 1652 1461 pronuntiata
1665 1445 2160 1454 ....................
2207 1427 2253 1451 129

381 1484 441 1507 1808
539 1497 563 1500 -
704 1489 821 1518 Augusto
898 1487 1008 1510 Carolus
1023 1488 1056 1510 VI
1070 1491 1160 1511 notum
1177 1487 1239 1511 facit
1253 1488 1271 1511 C
1285 1488 1368 1511 libras
1383 1488 1464 1511 annui
1479 1488 1607 1516 redditus,
1622 1496 1687 1519 quas
1701 1488 1811 1511 Carolus
1822 1487 1854 1511 de
1866 1486 1978 1518 Snvoisy
1990 1485 2162 1510 Universitati

928 1532 1045 1560 tradidit,
1058 1532 1245 1556 admortisatas
1262 1533 1417 1556 auctoritate
1430 1533 1503 1564 regia
1517 1533 1607 1562 fuisse,
1619 1532 1656 1556 ita
1671 1535 1700 1555 ut
1712 1532 1757 1556 ille
1770 1532 1888 1555 redditus
1900 1534 2028 1563 perpetuo
2039 1531 2072 1554 ad
2085 1539 2162 1554 usum

929 1576 1044 1608 quinque
1059 1576 1267 1608 capellaniarum
1282 1577 1369 1608 possit
1383 1577 1515 1608 assignari
1520 1592 2161 1601 ..........................
2207 1574 2254 1598 130

382 1633 442 1655 1809
538 1645 567 1648 -
659 1634 822 1666 Septembris
840 1635 870 1657 20
899 1634 1054 1657 Benedictus
1069 1635 1125 1658 XIII
1147 1635 1305 1658 cancellario
1326 1635 1419 1666 Paris.,
1442 1638 1471 1658 ut
1488 1635 1635 1659 Johnnnem
1650 1635 1674 1658 le
1694 1635 1795 1658 Daudet
1814 1634 1847 1657 ad
1868 1633 2015 1657 Sententias
2038 1633 2163 1664 legendas

930 1689 942 1699 u
956 1679 982 1702 in
998 1679 1095 1703 scholis
1111 1680 1138 1703 S.
1157 1680 1272 1703 Thomae
1286 1680 1444 1711 nuncupatis
1461 1688 1507 1703 seu
1525 1680 1622 1703 scholis
1638 1679 1812 1703 exterioribus
1828 1689 1841 1700 1>
1859 1679 1953 1702 domus
1970 1679 2062 1703 Praed.
2078 1678 2163 1702 Paris.

930 1723 1053 1747 admittat
1064 1740 2163 1749 ...........................................
2209 1722 2254 1746 130

383 1780 444 1803 1810
540 1792 568 1795 -
673 1782 827 1806 Novembris
844 1783 857 1804 3
900 1782 1020 1813 Magistri
1035 1785 1155 1814 regentes
1170 1782 1304 1806 facultatis
1318 1782 1462 1806 medicinae
1479 1791 1522 1807 an.
1540 1782 1678 1806 1404-1405
1690 1798 2162 1806 ...................
2209 1780 2255 1804 130

383 1839 441 1861 1811
540 1850 569 1853 ”-
669 1840 818 1864 Decembris
834 1841 862 1862 24
901 1840 1066 1863 Universitas
1082 1841 1222 1864 Benedicto
1234 1841 1302 1870 XIII,
1316 1844 1344 1864 ut
1354 1841 1488 1864 Johannes
1503 1841 1615 1870 Nanton,
1627 1841 1724 1865 decret.
1736 1840 1835 1870 doctor,
1851 1840 1884 1863 ad
1895 1840 1984 1863 sedem
1998 1839 2164 1863 Bisuntinam

931 1888 1118 1916 promoveatur
1122 1901 2162 1911 .........................................
2209 1883 2253 1907 131

384 1943 444 1965 1812
520 1938 584 1964 1405
684 1943 803 1966 ‚lanum-ii
820 1943 849 1966 19
901 1942 1065 1966 Universitas
1081 1944 1187 1967 Petrum
1202 1944 1233 1967 de
1250 1944 1386 1972 Castanea,
1399 1944 1503 1975 mag.in
1519 1943 1834 1974 medicina‚Parlamento
1844 1951 1893 1974 pro
1908 1942 2034 1966 beneficio
2051 1942 2164 1974 quodam

931 1988 1106 2011 commendat.
1121 2006 1126 2011 .
1148 2010 1151 2013 ,
1173 2004 2164 2012 .......................................
2209 1986 2255 2009 132

385 2045 445 2068 1813
541 2055 569 2058 -
686 2046 822 2070 Februarii
836 2048 850 2069 6
902 2046 1056 2069 Benedictus
1073 2047 1131 2069 XIII
1146 2046 1260 2075 ordinat,
1276 2050 1304 2070 ut
1319 2047 1439 2078 Philipus
1458 2047 1583 2070 Levomer
1599 2047 1629 2071 Ο.
1649 2047 1675 2070 S.
1694 2046 1732 2074 B„
1752 2046 1852 2069 baccal.
1870 2045 1896 2068 in
1913 2045 2004 2073 theol„
2022 2045 2055 2068 ah
2070 2045 2166 2068 abbate

932 2091 958 2113 S.
980 2090 1097 2122 Dionysii
1115 2091 1268 2122 pensionem
1284 2092 1399 2115 debitam
1415 2092 1535 2123 recipiat,
1551 2094 1580 2114 ut
1594 2091 1620 2114 in
1643 2091 1729 2114 studio
1745 2091 1829 2114 Paris.
1846 2090 1900 2122 juri
1920 2090 2045 2114 canonico
2061 2090 2166 2113 studere

931 2135 1015 2166 possit
1020 2153 1931 2161 ....................................
1949 2153 1957 2171 .·
1977 2151 2165 2160 ........
2211 2134 2256 2157 132

385 2193 444 2215 1814
541 2202 569 2205 --
742 2207 773 2211 -
821 2194 849 2216 14
902 2194 929 2216 In
941 2194 1107 2217 Pax-lamento
1120 2194 1152 2218 lis
1168 2195 1236 2218 inter
1251 2195 1375 2218 abbatem
1392 2195 1557 2219 Cluniacens.
1574 2198 1597 2218 et
1616 2195 1750 2218 scholares
1769 2194 1861 2217 domus
1878 2193 1951 2217 Paris
1957 2210 2165 2217 .........
2210 2192 2255 2216 132

385 2251 445 2274 1815
541 2260 569 2262 -
707 2252 793 2275 Martii
808 2253 822 2275 9
901 2252 1046 2275 Johannem
1058 2253 1123 2276 Rose
1136 2253 1321 2284 presbyterum
1333 2261 1347 2276 a
1358 2253 1510 2284 praeposito
1523 2253 1606 2276 Paris.
1619 2253 1650 2276 ad
1665 2253 1859 2276 Parlamentum
1873 2252 2059 2283 appellantem,
2076 2254 2166 2274 contra

932 2297 1012 2320 Guill.
1037 2298 1061 2320 le
1086 2298 1166 2321 Fevre
1191 2306 1268 2329 quem
1292 2298 1399 2329 indigne
1422 2298 1616 2327 verberaverat,
1641 2301 1726 2320 rector
1747 2296 1933 2320 Universitatis
1956 2299 1985 2319 ut
2008 2296 2114 2327 pigrum
2137 2303 2166 2318 ac

932 2350 1043 2373 nequam
1058 2342 1200 2365 sententiae
1216 2342 1377 2366 arbitrorum
1391 2342 1516 2374 relinquit
1518 2356 2165 2366 ..........................
2208 2339 2254 2363 133

387 2398 446 2421 1816
543 2407 568 2410 -
691 2399 774 2430 April.
792 2399 848 2423 3-10
902 2400 970 2430 Mag.
984 2400 1043 2423 Joh.
1059 2400 1095 2423 La
1110 2401 1201 2429 Dux-ee,
1217 2400 1380 2424 examinator
1395 2400 1421 2423 in
1441 2400 1558 2424 examine
1575 2401 1603 2423 Β.
1620 2400 1718 2423 Mariae
1735 2399 1885 2428 Pnrisiens„
1903 2407 1918 2422 a
1933 2398 2090 2422 cancellario
2105 2397 2164 2421 Joh.

932 2444 1048 2468 Gersone
1059 2445 1092 2467 ab
1108 2445 1191 2468 officio
1206 2445 1388 2477 suspenditur.
1405 2445 1491 2468 Causa
1506 2445 1533 2468 in
1548 2445 1715 2468 Parlamento
1729 2444 1855 2475 agitatur.
1874 2465 1877 2469 .
1898 2460 2166 2467 ...........
2211 2442 2256 2466 134

389 2500 445 2523 1817
541 2510 571 2513 -
662 2502 825 2533 Septembris
843 2502 872 2525 12
902 2503 1034 2526 Statutum
1049 2511 1097 2534 pro
1111 2503 1222 2534 collegio
1236 2504 1262 2527 S.
1278 2503 1405 2527 Bernardi
1423 2503 1519 2531 Paris..
1535 2504 1566 2526 de
1584 2503 1746 2526 baccalareis
1760 2502 1874 2525 Bibliam
1889 2505 1935 2525 aut
1950 2501 2098 2525 Sententias
2114 2501 2165 2525 lec-

933 2548 1009 2572 turis.
1023 2565 1029 2570 .
1051 2568 1055 2572 .
1075 2565 1600 2573 .....................
1620 2569 1624 2573 ,
1645 2562 2166 2571 .....................
2211 2545 2256 2568 135

387 2603 447 2626 1818
541 2612 571 2615 -
688 2605 845 2636 Septembre
902 2606 994 2629 Rector
1007 2606 1084 2629 Univ.
1099 2615 1157 2629 cum
1171 2606 1331 2638 quibus-lam
1344 2606 1496 2630 doctoribus
1510 2606 1566 2629 adit
1576 2606 1668 2629 ducem
1682 2605 1874 2635 Aurelianens.‚
1887 2605 1910 2628 ei
1921 2604 2032 2628 consilia
2046 2604 2165 2628 daturus.

933 2651 1001 2674 Irato
1017 2651 1091 2681 duce,
1105 2651 1208 2674 confusi
1226 2655 1393 2675 revertuntur
1407 2668 1671 2676 ...........
1679 2649 1681 2651 ’
1692 2666 2166 2673 ...................
2211 2648 2256 2672 135

388 2706 447 2729 1819
543 2719 571 2722 -
675 2708 830 2731 Novembris
846 2709 858 2731 7
901 2708 961 2731 Joh.
977 2709 1077 2732 Gerson
1091 2718 1179 2732 coram
1193 2717 1254 2740 rege
1267 2709 1412 2733 orationem
1425 2709 1520 2741 gallice
1533 2709 1564 2732 de
1577 2709 1744 2732 reformando
1757 2716 1838 2739 regno
1850 2707 2005 2739 pronuntiat
2008 2724 2165 2731 .......
2212 2706 2257 2730 136

389 2763 447 2785 1820
543 2777 570 2780 --
736 2779 766 2782 —-
831 2766 859 2789 19
902 2767 1068 2790 Innocentius
1084 2768 1128 2790 VII
1143 2768 1276 2791 scholares
1290 2771 1315 2791 et
1327 2768 1469 2799 magistros
1483 2767 1578 2798 Paris.⁷
1594 2767 1712 2790 censuris
1727 2766 1878 2789 schismatis
1893 2766 2039 2797 laqueatus,
2055 2764 2165 2796 partici-

931 2820 995 2842 pare
1007 2812 1034 2834 in
1050 2812 1138 2835 missis
1155 2816 1180 2836 et
1194 2813 1259 2836 actis
1275 2813 1459 2836 communibus
1474 2812 1604 2844 permittit
1611 2826 2165 2835 ......................
2211 2809 2256 2832 137

390 2865 444 2887 1821
542 2879 572 2882 —
700 2868 835 2891 Now-Dec.
903 2869 1041 2893 Benedicto
1058 2871 1116 2893 XIII
1133 2871 1248 2894 decimas
1266 2871 1393 2902 exigente,
1408 2870 1573 2894 Universitas
1588 2869 1747 2894 cessationes
1764 2869 1878 2892 minatur
1882 2884 2165 2892 ............
2209 2867 2254 2890 137
