2502 3418
402 329 467 362 536
984 338 1303 360 CHARTULARIUM
1338 337 1530 359 UNtvans.
1568 338 1698 361 Panis.
2177 325 2275 362 [1431

404 421 549 459 sumpto
578 413 794 446 adhibeatur
815 413 920 458 plena
947 413 1038 446 fides
1067 413 1171 445 etiam
1200 412 1236 444 in
1252 412 1394 456 judicio
1423 412 1747 445 contradictorio...
1771 433 1816 438 —
1840 413 2065 446 Concessum
2095 412 2192 457 quod
2218 412 2278 445 fiat

405 481 502 513 bulla
526 488 559 513 et
581 488 737 525 ponatur
757 479 793 513 in
815 487 992 525 quaterno
1014 479 1228 513 cancellarie
1250 486 1283 511 et
1301 479 1386 511 inde
1403 485 1627 524 transumpta
1643 479 1741 520 fiant,
1761 486 1800 512 ut
1815 480 1928 512 moris
1945 485 2012 512 est.
2032 480 2071 512 B.
2093 479 2274 512 Gmnms.

495 549 597 588 Item,
627 554 659 580 et
690 560 770 580 cum
801 547 835 580 in
868 547 1126 592 prosecutione
1158 545 1428 578 reformationis
1459 546 1615 579 ecclesie
1647 553 1682 579 et
1710 546 1938 579 reductionis
1963 545 2207 578 hereticorum
2233 545 2276 578 ad

405 615 511 647 fidem
535 614 771 647 orthodoxam
794 614 955 659 predicta
977 613 1205 646 Universitas
1228 619 1261 644 et
1283 613 1363 656 ejus
1385 613 1575 657 supposita
1596 613 1729 646 multas
1752 624 1930 658 expensas
1952 612 1989 645 in
2006 611 2221 645 solennibus
2243 619 2278 645 et

402 681 657 726 frequentibus
678 680 907 714 ambassiatis
924 680 1042 712 facere
1065 679 1163 712 soliti
1181 679 1265 717 sint,
1290 685 1325 711 et
1345 679 1538 712 occasione
1555 692 1767 724 guerrarum
1788 680 1825 712 in
1844 691 1958 724 regno
1977 679 2140 720 Francie,
2164 678 2276 724 proch

404 748 521 784 dolor,
545 748 745 793 vigentium
763 759 887 780 eorum
911 745 1098 779 facultates
1121 746 1293 778 continue
1316 745 1577 786 diminuantur,
1596 746 1769 791 dignetur
1790 746 1962 779 sanctitas
1979 753 2099 779 vestra
2120 746 2276 791 pretium

406 827 522 860 nuper
543 827 609 860 pro
631 814 742 847 bullis
764 813 856 846 solvi
879 813 1026 846 solitum
1049 812 1238 845 moderare
1261 819 1296 845 et
1316 812 1497 845 moderari
1515 813 1699 854 mandare,
1724 813 1842 846 saltim
1859 813 1903 846 ad
1925 825 2101 846 summam
2125 819 2279 857 quatuor

405 882 462 915 vel
484 882 645 926 quinque
668 881 893 913 ducatorum.
910 899 954 905 -
975 880 1200 913 Concessum
1219 879 1317 924 quod
1334 880 1536 912 secundum
1553 886 1665 913 taxam
1683 880 1859 913 Johannis
1875 880 2040 913 vicesimi
2062 880 2277 912 secundi³...

496 950 627 981 Item...
652 948 824 991 dignetur
846 947 1020 979 sanctitas
1041 953 1161 979 vestra
1180 958 1291 991 super
1312 946 1380 979 hoc
1398 946 1592 991 providere
1614 947 1658 979 de
1676 947 1839 980 remedio
1861 953 2043 991 oportuno
2064 953 2279 983 statuentes,

406 1015 503 1060 quod
529 1015 572 1047 de
599 1021 719 1047 cetero
749 1013 950 1058 recipiendi
971 1013 1198 1046 inecclesiis
1220 1019 1277 1045 aut
1301 1012 1381 1045 aliis
1403 1013 1495 1046 locis
1517 1013 1779 1046 ecclesiasticis
1800 1013 2082 1058 quibuscunque
2103 1013 2216 1058 gratis
2244 1020 2279 1046 et

406 1083 484 1114 sine
507 1081 693 1114 exactione
711 1092 927 1125 quacunque
944 1080 1180 1124 recipiantur,
1199 1086 1234 1112 et
1250 1080 1286 1112 in
1304 1087 1476 1124 quantum
1495 1070 1684 1125 supposita
1702 1081 1838 1125 prefate
1856 1080 2113 1113 Universitatis
2129 1086 2278 1125 tangere

406 1155 537 1193 potest,
569 1147 793 1180 committere
821 1146 929 1179 alicui
961 1153 1175 1191 potestatem
1204 1147 1463 1191 compescendi
1491 1147 1704 1180 auctoritate
1735 1147 1933 1192 apostolica
1961 1146 2052 1179 tales
2078 1153 2278 1189 exactores,

406 1214 560 1259 cogendi
583 1214 687 1246 etiam
711 1213 795 1246 illos
817 1213 860 1246 ad
886 1225 979 1258 quos
1006 1220 1144 1258 spectat
1173 1220 1233 1246 aut
1265 1219 1428 1258 spectare
1460 1220 1592 1258 potest,
1625 1220 1664 1246 ut
1693 1213 1809 1246 libere
1836 1220 1871 1246 et
1898 1214 2012 1258 gratis
2043 1214 2277 1258 recipiantur,

406 1294 477 1314 non
500 1280 733 1313 obstantibus
755 1280 1037 1325 quibuscunque
1059 1280 1203 1313 statutis
1225 1280 1447 1325 specialibus
1465 1281 1570 1313 etiam
1588 1281 1797 1325 juramento
1818 1280 1973 1313 vallatis.
1991 1301 2034 1305 —
2051 1281 2277 1314 Concessum

406 1348 503 1393 quod
525 1354 718 1380 serventur
744 1347 1033 1380 consuetudines
1061 1347 1312 1380 ecclesiarum.
1337 1348 1375 1379 Β.
1404 1347 1585 1380 GRADENS.
1604 1348 1645 1379 In
1667 1347 1851 1392 presentia
1873 1347 2011 1380 domini
2032 1347 2149 1380 nostri
2175 1359 2278 1392 pape.

407 1416 446 1447 Β.
466 1415 646 1448 Gnmms.
664 1435 708 1439 —
723 1416 850 1447 Datum
869 1415 980 1447 Rome
1002 1414 1096 1459 apud
1115 1415 1282 1447 Sanctum
1308 1415 1451 1446 Petrum
1473 1413 1510 1445 in
1527 1414 1711 1458 presentia
1733 1414 1870 1447 domini
1892 1414 2008 1446 nostri
2025 1425 2129 1458 pape,
2152 1414 2279 1459 quinto

406 1481 474 1514 kal.
497 1482 669 1522 Januarii,
688 1493 783 1514 anno
806 1482 936 1526 primo.

500 1580 562 1610 neg.
585 1580 679 1610 Suppl.
705 1580 805 1610 Eugen.
827 1580 867 1607 lv,
890 1584 919 1602 n⁰
940 1581 995 1608 268,
1020 1580 1065 1603 sol.
1084 1579 1207 1603 112-114b.
1223 1593 1252 1596 —-
1270 1581 1316 1603 An.
1334 1579 1403 1608 1432,
1426 1579 1513 1602 Martii
1536 1580 1574 1609 26,
1593 1579 1698 1602 Blasius
1721 1579 1875 1610 patriarcha
1898 1579 2028 1603 Gradens.
2049 1582 2074 1602 et
2095 1579 2280 1603 cancellariam

407 1626 431 1648 S.
448 1626 519 1648 Rom.
537 1625 600 1647 cccl.
616 1627 707 1647 tenens
724 1632 754 1647 ex
769 1624 828 1647 istis
845 1624 964 1647 articulis
978 1624 1011 1647 ad
1026 1624 1179 1647 instantiam
1193 1624 1418 1647 ambussintorum
1433 1623 1623 1647 Universitntis
1639 1623 1745 1647 Henrici
1755 1623 1880 1652 Thibuut,
1894 1624 1962 1647 Petri
1974 1624 2005 1646 de
2016 1623 2148 1651 Credulio,
2165 1624 2281 1647 Thomna

405 1670 436 1692 de
452 1669 607 1695 Courcellis.
623 1669 724 1692 Nicolni
741 1669 816 1692 Bessi
832 1672 857 1692 et
871 1669 1000 1692 Johunnis
1017 1669 1136 1694 Rocheti.
1152 1669 1346 1700 transsumpsit
1365 1668 1426 1691 illos
1442 1668 1487 1699 qui
1503 1668 1681 1700 praesentiam
1700 1668 1890 1699 magistrorum
1906 1671 1931 1691 et
1946 1668 1975 1691 14
1990 1668 2108 1692 bedellos
2124 1668 2279 1700 respiciunt.

407 1714 441 1737 Iis
457 1714 577 1745 adjunxit
591 1714 741 1741 articulum,
768 1713 904 1736 Februarii
931 1716 944 1737 5
963 1722 1127 1743 concessum,
1145 1717 1173 1736 ut
1193 1716 1377 1744 transsumpto
1400 1721 1413 1736 e
1431 1713 1500 1736 libro
1520 1712 1697 1736 cancellariae
1719 1713 1810 1736 endem
1833 1713 1898 1736 fides
1920 1721 1950 1736 ac
1971 1713 2040 1736 libro
2063 1713 2234 1741 adhibeatur:
2255 1716 2281 1737 et

406 1759 509 1782 denium
525 1758 676 1785 articulum,
693 1758 780 1781 Martii
794 1759 807 1781 8
820 1766 984 1784 concessum,
996 1762 1025 1781 ut
1036 1758 1168 1785 absentes,
1182 1758 1238 1781 sine
1248 1758 1412 1789 praejudicio
1423 1757 1613 1789 praesentium,
1624 1757 1719 1781 iisdem
1729 1757 1880 1789 privilegiis
1894 1760 1973 1789 atque
1983 1761 2137 1788 praesentes
2148 1757 2282 1789 gaudeant

408 1803 553 1834 (originale
569 1811 629 1825 cum
645 1803 735 1833 sigillo
751 1803 801 1826 col.
816 1803 891 1826 rubei
909 1803 1079 1834 patriarchae
1100 1803 1126 1826 in
1140 1802 1219 1826 Arch.
1232 1806 1287 1826 nat.
1301 1802 1395 1830 Puris„
1412 1803 1436 1825 M
1452 1802 1502 1832 66¹³,
1518 1806 1546 1825 n⁰
1561 1803 1600 1830 36,
1619 1802 1682 1825 olim
1698 1803 1727 1826 A.
1744 1802 1782 1827 13,
1799 1804 1837 1833 g).
1850 1802 1909 1825 Vid.
1925 1805 2063 1834 praeterea
2078 1802 2148 1826 infra
2163 1806 2192 1825 n⁰
2210 1803 2279 1826 2407.

500 1887 524 1912 1.
542 1887 629 1910 Rutuli
644 1887 714 1910 enim
730 1889 790 1916 (non
807 1887 911 1910 articuli
925 1889 1087 1916 communes)
1103 1895 1208 1918 semper
1223 1898 1236 1909 (ι
1252 1887 1404 1910 antedatam
1420 1897 1433 1908 »
1449 1890 1621 1918 receperunt;
1636 1887 1685 1910 iste
1702 1895 1718 1909 v
1732 1887 1784 1910 kal.
1801 1886 1862 1910 Maii
1876 1895 1918 1912 nn.
1934 1887 1968 1915 1⁰,
1984 1886 2001 1910 i.
2018 1894 2040 1909 e.
2055 1887 2125 1916 1431,
2139 1886 2222 1918 April.
2241 1887 2280 1910 28.

407 1932 465 1956 Vid.
483 1940 563 1963 supra
580 1936 608 1954 n0
626 1932 696 1955 2366.
709 1945 739 1949 —
754 1931 778 1956 2.
794 1932 854 1955 Fuit
868 1934 955 1955 rector
971 1940 1012 1956 an.
1030 1932 1100 1960 1431,
1117 1932 1204 1955 Martii
1219 1932 1324 1955 24-Jun.
1341 1932 1378 1955 23.
1395 1932 1453 1955 Vid.
1469 1934 1600 1960 Auctar.‚
1613 1932 1646 1961 11,
1660 1932 1715 1960 449,
1731 1934 1785 1954 not.
1801 1932 1824 1955 2.
1839 1945 1871 1949 —
1885 1931 1910 1956 3.
1925 1931 1968 1954 Sic
1981 1931 2006 1954 in
2023 1932 2093 1954 msffl‘.

410 2094 553 2131 2404.
583 2103 757 2129 ἱῙιιίνει-,ςίἰαε
770 2103 865 2130 Par-is.
881 2103 947 2128 duci
962 2103 1147 2137 Burgundiae
1157 2107 1254 2137 grates
1269 2103 1341 2138 agit,
1357 2103 1433 2138 quod
1445 2104 1505 2138 regi
1518 2103 1643 2138 Angliae
1653 2102 1811 2138 εει-ἰρεονίἰ,
1825 2111 1859 2128 ne
1874 2101 1993 2127 Cadomi
2004 2101 2131 2127 studium
2146 2101 2282 2136 generale

498 2153 662 2187 erigeretur.

1529 2197 1602 2227 7432,
1617 2197 1734 2223 ‹lanum-1¹1·
1748 2196 1866 2226 72-7433,
1882 2196 1996 2222 ΡανῘεῘῘε.

1212 2264 1278 2290 Dux
1297 2264 1477 2298 Burgundie.

500 2362 591 2393 Tres
612 2360 712 2393 hault
733 2367 765 2393 et
787 2367 861 2393 tres
884 2361 1049 2405 puissant
1071 2361 1196 2406 prince
1223 2367 1257 2393 et
1278 2367 1401 2393 nostre
1423 2367 1497 2393 tres
1519 2360 1658 2393 honore
1685 2360 1872 2404 seigneur,
1899 2362 2005 2404 apres
2033 2365 2107 2391 tres
2133 2357 2282 2391 humble

412 2427 765 2460 recommendacion.
798 2428 898 2460 Nous
926 2439 1039 2460 avons
1070 2439 1154 2460 scen
1194 2439 1257 2473 par
1284 2427 1317 2460 le
1353 2434 1510 2460 contenu
1538 2427 1582 2459 de
1612 2438 1678 2459 vos
1704 2426 1885 2471 benignes
1910 2426 2050 2466 lettres,
2085 2437 2155 2470 que
2190 2436 2283 2470 pour

412 2494 693 2538 contemplation
721 2494 764 2527 de
793 2506 886 2527 nous
914 2501 948 2527 et
969 2494 1051 2527 affin
1077 2495 1121 2527 de
1147 2494 1323 2527 eschever
1349 2494 1382 2527 la
1409 2494 1633 2539 dissipacion
1662 2493 1706 2526 de
1737 2500 1861 2526 nostre
1890 2492 2020 2525 estude
2050 2498 2086 2525 et
2114 2503 2225 2537 aussy
2249 2491 2282 2524 la

413 2556 671 2600 depopulation
706 2557 750 2589 de
790 2563 888 2589 ceste
919 2556 1041 2589 bonne
1071 2557 1153 2598 cite,
1186 2563 1221 2590 et
1250 2569 1342 2602 pour
1376 2556 1504 2590 obvier
1533 2559 1550 2589 a
1581 2555 1766 2601 plusieurs
1796 2562 1918 2588 autres
1953 2554 2218 2587 inconveniens
2248 2560 2282 2586 et

414 2622 603 2663 escandes,
625 2623 650 2655 il
671 2635 762 2655 vous
783 2635 801 2655 a
823 2623 906 2668 pleu
929 2624 1091 2668 escripre
1118 2635 1161 2656 au
1183 2635 1248 2669 roy
1269 2630 1394 2657 nostre
1417 2623 1613 2656 souverain
1634 2623 1810 2667 seigneur
1831 2628 1866 2654 et
1886 2624 1904 2654 a
1924 2633 1992 2654 son
2013 2620 2154 2654 conseil
2175 2620 2218 2654 ad
2241 2632 2281 2653 ce

414 2700 482 2732 que
503 2701 620 2721 aucun
641 2689 769 2722 estude
791 2702 835 2722 ne
857 2690 954 2723 feust
968 2690 1078 2723 fonde
1100 2703 1144 2723 ou
1169 2691 1270 2735 erige
1292 2703 1336 2723 en
1365 2690 1397 2723 la
1417 2690 1503 2723 ville
1530 2690 1574 2722 de
1596 2690 1706 2730 Caen,
1737 2701 1782 2722 en
1803 2688 2038 2729 Normandie,
2061 2699 2106 2720 ne
2132 2687 2281 2720 ailleurs

415 2766 460 2786 en
476 2755 715 2788 l'obeissance
737 2756 784 2788 du
811 2768 875 2801 roy
896 2763 1020 2790 nostre
1043 2757 1094 2790 dit
1115 2757 1302 2802 seigneur,
1332 2757 1422 2790 dont
1443 2768 1536 2790 nous
1558 2756 1770 2801 regracions
1793 2762 1866 2788 tres
1887 2754 2139 2787 humblement
2158 2760 2281 2787 vostre

415 2826 487 2853 tres
517 2821 625 2854 noble
656 2829 689 2854 et
720 2829 793 2855 tres
827 2822 988 2856 honoree
1014 2823 1200 2857 haultesse
1230 2823 1419 2857 ensemble
1450 2824 1495 2856 de
1526 2829 1605 2856 tout
1624 2822 1657 2855 le
1687 2829 1846 2855 contenu
1874 2834 1919 2854 en
1942 2833 2007 2855 vos
2029 2821 2162 2853 dessus
2187 2820 2281 2853 ditez

415 2886 551 2918 lettrez.
575 2888 615 2919 Et
638 2900 730 2920 nous
753 2900 796 2920 en
822 2896 997 2933 reputons
1019 2890 1134 2923 moult
1154 2897 1261 2923 tenus
1284 2897 1319 2924 et
1339 2890 1497 2936 obligiez
1518 2892 1536 2923 a
1555 2901 1621 2923 vos
1643 2889 1804 2923 servicez
1826 2895 1861 2921 et
1881 2888 1974 2921 bons
1996 2887 2142 2932 plaisirs
2163 2898 2282 2920 acom-
