2502 3418
248 349 343 388 1424]
590 363 636 384 ΑΒ
670 363 776 385 ANNO
811 362 1100 384 MCCCLxxxxw
1129 362 1261 391 USQUE
1297 363 1344 384 AD
1379 363 1517 384 ANNUM
1552 363 1760 386 mccccmt.
2041 356 2106 389 433

246 437 430 482 provincie
460 437 621 482 predicte
652 437 728 471 sive
758 437 861 482 regni
892 436 1052 476 Francie,
1083 436 1179 481 quod
1211 449 1366 481 persone
1393 437 1641 470 ecclesiastice
1670 438 1824 470 debeant
1854 445 1887 471 et
1917 445 2106 473 teneantur

245 503 477 537 contribuere
498 504 611 537 semel
632 503 992 549 proportionabiliter
1012 504 1107 536 sicut
1127 510 1161 536 et
1182 503 1275 544 laici,
1298 503 1449 536 maxime
1470 516 1549 536 cum
1572 503 1639 537 hoc
1661 511 1856 537 concernat
1881 512 1947 538 tam
1970 506 2103 539 bonum

244 570 398 604 ecclesie
420 583 523 616 quam
546 571 734 604 utilitatem
757 571 943 612 laicorum,
962 577 996 603 et
1012 570 1109 615 quod
1130 570 1174 603 ad
1195 570 1262 603 hoc
1284 571 1428 615 possint
1447 571 1616 616 compelli
1639 583 1702 616 per
1723 583 1912 604 censuram
1934 573 2104 606 ecclesia-

245 638 368 671 sticam
391 650 469 671 cum
492 638 720 672 invocatione
747 637 885 671 brachii
914 637 1105 679 secularis,
1132 644 1198 670 etc.
1224 658 1268 662 -—-
1289 638 1365 670 Fiat
1385 638 1481 682 quod
1503 637 1630 679 semel,
1655 639 1719 671 sed
1741 651 1813 671 non
1836 651 1898 684 per
1918 639 2103 673 brachium

244 705 420 739 seculare.
443 705 485 738 O.
502 725 547 730 --
566 706 644 738 Dat.
668 706 779 738 Rome
800 705 894 750 apud
917 705 1084 738 Sanctum
1106 706 1264 746 Petrum,
1287 705 1425 750 pridie²
1448 704 1516 737 kal.
1538 705 1689 750 Aprilis,
1707 718 1801 738 anno
1825 706 1991 751 septimo.

334 805 398 835 Reg.
411 805 505 836 Suppl.
519 804 623 828 Martini
635 804 665 833 V,
680 808 709 827 n⁰
725 804 777 832 170,
794 804 838 828 sol.
855 804 908 828 221.

333 849 372 872 Ad
392 849 610 873 Charlularium
628 849 713 872 solum
731 848 824 872 ultima
840 849 868 871 12
884 849 1115 880 paragraphorum
1133 857 1179 872 seu
1197 849 1353 880 petitionum
1374 849 1496 880 pertinet.
1517 849 1638 881 Reliquas
1658 849 1716 873 vide
1737 850 1807 881 apud
1824 850 1898 875 Bon..
1916 851 1944 879 V,
1961 859 1987 881 p.
2001 851 2046 873 366
2064 859 2103 882 sq.

241 894 401 917 Annotumus
418 902 479 917 vero
494 894 694 925 paragraphum
709 895 755 917 4⁸¹¹*
768 897 895 925 quantum
911 894 943 917 ad
959 893 1156 917 matrimonium
1170 894 1238 917 inter
1250 894 1342 917 ducem
1357 894 1517 918 Glocestriae
1533 897 1557 917 et.
1571 894 1748 926 Jaquelinam,
1765 895 1927 918 comitissam
1943 895 2104 925 Harmoniae,

240 938 266 962 in
283 939 378 970 Suppl.
395 939 494 962 deesse.
511 939 610 962 Revera
625 946 782 970 responsum
797 947 883 970 papae
894 938 926 961 nd
942 938 1143 970 paragraphum
1159 941 1205 962 5¹⁰³
1220 942 1322 962 tuntum
1336 940 1457 963 refertur.

334 979 450 1007 Priuium
472 986 533 1007 tunc
556 983 683 1015 temporis
698 983 776 1014 Angli
800 986 885 1007 mente
912 986 1089 1014 conceperunt
1115 983 1222 1014 aliquod
1243 984 1359 1007 studium
1381 984 1504 1015 generale
1523 984 1549 1007 in
1570 984 1730 1007 Normannia
1751 985 1861 1016 erigere,
1879 985 1923 1008 sed
1940 985 2026 1008 solum
2046 988 2107 1016 post.

241 1036 323 1051 annos
340 1031 440 1059 septem
456 1028 505 1051 hoc
520 1028 686 1060 propositum
702 1028 810 1051 Cadomi
824 1028 857 1051 ad
873 1028 993 1051 effectum
1009 1028 1165 1059 perductum
1181 1031 1230 1052 est..
1242 1028 1299 1051 Vid.
1317 1033 1345 1051 n⁰
1360 1029 1429 1051 2406.

333 1113 356 1138 1.
373 1113 501 1137 Johannis
519 1113 593 1136 ducis
610 1113 774 1136 Bedt'ordiae.
787 1127 818 1132 —
830 1112 854 1138 2.
871 1113 937 1137 Bur.
951 1121 956 1136 ·.
971 1123 985 1135 <t
999 1121 1046 1144 pro
1059 1113 1100 1136 die
1114 1113 1166 1136 kal.
1179 1113 1262 1144 April.
1276 1122 1298 1141 υ,
1315 1113 1478 1144 proindeque
1493 1113 1641 1142 Joummm,
1658 1118 1686 1136 n⁰
1702 1114 1762 1137 1180
1776 1123 1782 1138 :
1799 1124 1811 1136 α
1828 1114 1869 1137 die
1884 1115 1937 1137 kal.
1952 1115 2036 1146 April.
2051 1124 2073 1140 n,

241 1280 384 1318 2240.
409 1289 564 1316 Licentiati
579 1289 607 1315 in
622 1288 765 1323 facultate
781 1289 950 1316 medicinae.

1504 1333 1576 1362 7424,
1592 1333 1690 1362 Martio,
1707 1333 1820 1359 Parisiis.

330 1368 419 1401 Item
441 1368 562 1412 recepi
586 1380 592 1400 :

328 1468 351 1493 A
376 1467 516 1501 magistro
546 1467 704 1494 Philiberto
729 1467 872 1496 Furnerii.
898 1475 951 1501 pro
976 1467 1070 1493 bursis
1096 1475 1146 1493 sue
1279 1467 1301 1492 A
1326 1467 1466 1500 magistro
1493 1467 1651 1493 Guillelmo
1665 1467 1770 1500 Figuli,
1785 1475 1839 1500 pro
1852 1467 1945 1493 bursis
1955 1475 2005 1493 sue
2020 1468 2105 1494 licen-

575 1517 700 1546 licentie,
716 1516 745 1550 iij
763 1517 797 1542 fr.
815 1516 862 1550 viij
877 1516 928 1542 sol.
1526 1517 1565 1542 tie
1580 1516 1608 1549 iij
1626 1517 1660 1542 sr.
1679 1516 1725 1550 viij
1742 1517 1792 1542 sol.

415 1581 448 1585 —
541 1566 675 1592 Johanne
703 1564 872 1594 Johannis⁴‚
899 1573 952 1599 pro
977 1565 1070 1591 bursis
1095 1573 1146 1592 sue
1365 1581 1399 1583 —
1490 1565 1648 1591 Guillelmo
1664 1566 1699 1591 de
1719 1566 1917 1599 Apostolatuss.
1940 1574 1992 1600 pro
2012 1567 2106 1593 bursis

574 1614 701 1644 liccntie,
717 1614 746 1648 iij
763 1615 798 1640 t'r.
816 1614 862 1648 viij
880 1614 931 1640 sol.
1527 1623 1577 1641 suc
1589 1615 1705 1641 licentie
1718 1614 1746 1648 iij
1764 1615 1798 1640 sr.
1817 1615 1863 1648 viij
1880 1616 1930 1641 sol.

415 1679 450 1682 -
542 1663 673 1690 Rolando
697 1662 875 1697 Scriptoris²‚
901 1671 954 1697 pro
978 1663 1072 1689 bursis
1094 1671 1145 1690 sue

574 1712 689 1739 licentie
704 1713 733 1746 iij
750 1713 785 1738 fr.
803 1712 850 1746 viij
869 1712 919 1738 sol.

331 1801 476 1826 Comment.
492 1803 540 1825 sac.
553 1801 631 1829 med„
648 1802 667 1828 1.
682 1810 708 1832 p.
720 1802 774 1824 268.
788 1815 818 1819 —
831 1801 886 1824 Non
902 1801 980 1824 aliter
995 1800 1122 1824 licentiati
1137 1800 1186 1823 hoc
1199 1808 1266 1823 anno
1283 1800 1405 1832 inscripti
1421 1804 1489 1824 sunt.
1505 1801 1585 1824 Iidem
1599 1801 1714 1833 quinque
1729 1810 1776 1833 pro
1791 1810 1838 1825 sua
1854 1802 1936 1826 bursa
1949 1803 2104 1834 inceptionis

237 1846 372 1870 solverunt
384 1846 496 1878 quisque
507 1846 568 1877 xviij
585 1847 633 1869 sul.

330 1930 354 1955 1.
370 1930 504 1955 Johannes
515 1931 644 1955 Johannis
658 1932 698 1955 vel
715 1931 834 1963 Reynerii
850 1931 881 1954 de
896 1931 999 1962 Leydis,
1015 1931 1184 1962 suppositum
1202 1930 1316 1954 nationis
1335 1930 1504 1961 Anglicanac,
1521 1930 1611 1953 multis
1630 1931 1704 1953 anuis
1725 1935 1885 1955 memoratur
1898 1931 1924 1954 in
1940 1934 2056 1956 Auctar.
2071 1933 2103 1956 ll.

237 1988 265 1993 -·
279 1975 304 2000 2.
319 1977 366 1999 An.
383 1976 442 1999 1427
458 1976 523 2007 petit
538 1984 552 1999 a
567 1976 679 2000 Max-tino
694 1977 713 1999 V
728 1976 759 1999 de
772 1977 874 1999 defectu
885 1976 967 1999 natal.
980 1976 1204 2007 dispensationem
1218 1975 1323 2006 (Suppl.
1339 1979 1368 1998 n⁰
1383 1976 1436 2005 210,
1453 1975 1496 1999 t'ol.
1511 1975 1587 2005 1961’).
1600 1989 1629 1993 —
1642 1974 1665 1999 3.
1681 1986 1693 1997 (ι
1707 1976 1777 1999 Alias
1792 1977 1884 2005 Kense,
1897 1980 1982 2000 rector
1994 1977 2103 2008 paroch.

236 2020 299 2044 eccl.
315 2021 347 2045 de
362 2021 510 2052 Zwenghen
526 2022 685 2045 Tornacens.
700 2021 783 2045 dioec.
800 2030 812 2042 »ι
826 2021 929 2052 (Suppl.
944 2021 1020 2044 Mart.
1037 2021 1065 2049 V,
1082 2025 1110 2043 n⁰
1123 2021 1179 2049 203,
1195 2021 1239 2043 sol.
1252 2020 1301 2048 37¹²,
1320 2020 1352 2043 ad
1366 2028 1408 2043 an.
1424 2020 1504 2050 1427).

238 2192 363 2230 2241
375 2221 382 2229 .
406 2202 550 2228 Martinus
565 2204 588 2228 V
602 2203 785 2229 Universitati
793 2204 888 2229 Paris.
901 2203 1120 2239 praerogativas
1136 2202 1264 2229 concedit
1276 2201 1373 2238 quoad
1387 2202 1500 2236 gratias
1515 2202 1735 2238 exspectatiwas,
1749 2202 1791 2228 ita
1808 2206 1837 2227 ul
1851 2204 2003 2239 supposita
2015 2213 2104 2239 prae-

327 2253 460 2285 ferantur
473 2251 542 2277 aliis
559 2251 586 2277 in
600 2252 668 2287 pari
684 2252 725 2278 vel
739 2252 842 2288 majori
857 2252 938 2287 data,
953 2252 1126 2288 quibasdam
1140 2252 1279 2288 exceptis.

1491 2287 1562 2316 7424.
1578 2288 1669 2320 Aprilis
1685 2288 1702 2317 1,
1716 2289 1817 2314 Romae.

326 2375 503 2409 Martinus
531 2376 740 2421 episcopUS,
767 2388 895 2410 servus
923 2389 1111 2410 servorum
1139 2376 1217 2418 Dei⁷
1247 2376 1291 2409 ad
1316 2377 1471 2409 suturam
1493 2376 1545 2408 rei
1566 2376 1787 2408 memoriam.
1812 2377 1902 2409 Dum
1925 2377 1960 2409 in
1982 2384 2101 2410 mente

237 2449 416 2476 nostra....
441 2442 531 2475 Hinc
552 2450 608 2476 est
628 2443 725 2488 quod
746 2455 813 2476 nos
834 2444 878 2476 ad
899 2444 1053 2477 dilectos
1075 2443 1170 2476 filios
1198 2450 1375 2476 rectorem
1398 2450 1433 2475 et
1458 2443 1737 2476 Universitatem
1767 2443 2046 2487 prestantissimi
2068 2451 2103 2477 et

237 2509 466 2542 celeberrimi
494 2510 605 2542 studii
635 2510 762 2552 Paris„
789 2511 850 2555 qui
881 2523 945 2556 pro
966 2511 1185 2556 acquirenda
1208 2510 1359 2543 scientie
1388 2510 1579 2553 margarita
1607 2510 1804 2542 indefessis
1832 2510 1929 2543 curis
1960 2523 2102 2556 semper

236 2576 442 2618 intendunt,
465 2584 637 2622 gerentes
662 2589 728 2610 nec
750 2578 929 2611 immerito
958 2584 1106 2623 paterne
1128 2577 1286 2610 caritatis
1308 2584 1342 2609 et
1363 2576 1571 2609 dilectionis
1593 2576 1757 2609 affectum
1781 2583 1816 2609 et
1839 2577 2042 2622 cupientes,
2065 2586 2103 2612 ut

236 2643 306 2688 ipsi
328 2650 447 2676 rector
468 2650 503 2676 et
531 2644 757 2677 Universitas
784 2656 848 2689 pro
870 2651 961 2677 statu
984 2644 1196 2689 honoreque
1218 2650 1343 2676 nostro
1365 2650 1400 2676 et
1427 2645 1585 2675 Romane
1607 2643 1761 2676 ecclesic
1782 2643 1818 2676 in
1846 2644 2008 2688 partibus
2029 2645 2102 2679 illis

236 2721 278 2743 eo
297 2710 500 2757 ferventius
522 2711 712 2756 invigilent
734 2718 768 2744 et.
789 2711 966 2752 laborent,
990 2724 1061 2756 quo
1083 2711 1249 2756 ampliori
1277 2710 1476 2755 apostolice
1499 2710 1598 2742 sedis
1625 2710 1737 2754 gratia
1760 2717 1794 2742 et
1815 2712 2042 2756 prerogativa
2064 2725 2102 2746 se

237 2777 404 2810 noverint
424 2778 678 2819 communimS,
702 2790 825 2810 eorum
849 2790 993 2823 quoque
1015 2779 1051 2810 in
1073 2778 1136 2810 hac
1165 2784 1264 2822 parte
1286 2776 1614 2822 supplicationibus
1636 2776 1809 2817 inclinati,
1833 2777 1868 2809 in
1889 2778 2046 2812 savorem
2069 2786 2104 2812 et

236 2855 300 2888 pro
322 2844 546 2877 incremento
569 2844 824 2878 Universitatis
846 2845 1009 2889 ejusdem
1036 2844 1204 2878 volumus
1226 2850 1260 2876 et
1284 2843 1479 2888 apostolica
1500 2843 1710 2876 auctoritate
1733 2850 1857 2876 tenore
1879 2846 2101 2889 presentium

236 2911 426 2943 statuimus
448 2918 481 2944 et
503 2911 608 2944 etiam
630 2911 854 2953 ordinamus,
878 2912 975 2956 quod
1004 2911 1068 2944 hac
1094 2912 1171 2944 vice
1193 2911 1363 2943 duntaxat
1384 2910 1546 2955 magistri
1567 2910 1604 2942 in
1625 2910 1808 2956 theologia
1829 2923 1867 2943 ac
1889 2911 1925 2944 in
1947 2912 2103 2947 decretis

359 2971 423 2989 *W*
441 2970 537 2993 Chart.
559 2969 637 2994 Univ.
657 2969 750 2994 Paris.
770 2970 811 2992 lv.
1949 2972 1978 2993 55
