2502 3418
2052 336 2070 366 Ν]

2075 336 2094 366 ωἸ

234 332 329 368 1397]
664 343 710 364 AB
745 342 849 364 Δ111110
884 341 1172 364 MCGCLxxxxw
1202 341 1248 362 An
1283 342 1421 362 ANNUM
1456 341 1660 364 mccceLn.

236 461 374 497 1742.
400 469 569 495 Benedictus
585 470 657 494 XIII
669 467 746 500 (Jolz.
763 468 896 501 Gersoni)
910 466 1084 492 cancellario
1102 467 1197 492 Paris.
1216 467 1346 501 injungit,
1362 470 1391 491 nt
1402 467 1566 502 Philippum
1581 467 1615 492 cle
1638 467 1755 499 Villette,
1773 469 1901 494 monach.
1915 472 1940 494 S.
1955 470 2091 503 Dionysii,

320 519 359 544 ad
375 518 512 544 lecturam
527 517 738 544 Sententiarum
752 517 898 542 admittat.

1440 553 1512 581 7397,
1529 553 1613 577 Martii
1629 553 1666 581 18,
1682 553 1811 578 Ανθηίοηε.

321 642 459 675 Dilecto
481 642 555 674 filio
577 641 791 674 cancellario
814 641 900 674 0001.
920 640 1137 673 Parisiensis
1159 640 1326 679 salutem7
1349 646 1416 672 etc.
1433 640 1510 672 'Viri
1532 652 1632 672 sacre
1649 640 1830 680 lectionis,
1846 646 1906 674 etc.
1934 641 2095 674 Exhibita

233 709 411 754 siquidem
446 709 551 741 nobis
584 720 701 753 nuper
734 720 798 753 pro
833 714 932 752 parte
969 707 1183 739 dilectorum
1221 706 1377 739 filiorum
1413 706 1552 739 abbatis
1585 714 1619 739 et
1650 714 1851 740 conventus
1887 709 2095 741 monasterii

233 778 266 810 S.
290 776 446 809 Dionisii
463 776 506 808 de
529 776 658 808 Sancto
680 775 846 808 Dionisio
867 775 903 806 in
926 774 1073 807 Francia
1096 774 1183 807 Ord.
1208 775 1242 806 S.
1267 775 1354 806 Ben.
1379 774 1490 806 Paris.
1508 774 1602 806 dioc.
1627 774 1758 818 peticio
1776 775 1984 808 continebat
1999 776 2095 820 quod

232 856 249 876 a
277 843 387 888 longo
415 849 577 887 tempore
606 843 693 875 citra
726 842 828 887 pauci
862 842 1010 874 fuerunt
1037 848 1071 873 et
1098 847 1183 873 sunt
1215 841 1259 873 de
1290 841 1450 885 presenti
1485 841 1650 873 monachi
1684 842 1847 885 ejusdem
1887 843 2096 875 monasterii

230 910 405 943 habentes
425 909 575 955 gradum
594 910 630 941 in
646 909 813 942 facultate
830 908 1028 953 theologie,
1051 908 1112 952 qui
1133 908 1169 940 in
1192 908 1312 940 studio
1335 908 1532 940 Parisiensi
1554 915 1653 941 actus
1675 908 1903 953 theologicos
1926 921 2097 941 exercue-

229 977 324 1018 runt⁷
348 984 383 1010 et
403 977 501 1021 quod
528 988 593 1021 pro
622 976 774 1009 utilitate
801 982 835 1008 et
859 975 998 1008 honore
1026 975 1142 1020 ipsius
1169 975 1380 1007 monasterii
1403 975 1473 1020 ipsi
1501 975 1723 1016 desiderant7
1755 982 1791 1008 ut
1820 976 1974 1009 dilectus
2000 976 2096 1009 filius

230 1044 419 1089 Philippus
442 1044 485 1076 de
506 1043 636 1081 Vitem„
662 1043 860 1076 monachus
883 1043 969 1075 dicti
990 1042 1214 1082 monasterii,
1237 1042 1464 1074 bachalarius
1486 1043 1521 1074 in
1546 1042 1741 1087 theolog-itu
1766 1043 1801 1074 in
1824 1044 1987 1087 proximo
2010 1044 2095 1076 dicti

230 1111 341 1144 studii
363 1111 546 1143 ordinario
574 1110 705 1143 librum
734 1110 999 1143 Sententiarum
1026 1109 1159 1142 ibidem
1188 1109 1311 1154 legere
1336 1109 1464 1150 valeat⁷
1491 1110 1660 1154 quodque
1687 1110 1722 1142 in
1750 1111 1892 1143 statutis
1919 1111 2097 1143 facultatis

231 1185 266 1211 et
293 1178 403 1211 studii
430 1178 674 1223 predictorum
697 1178 791 1210 inter
812 1184 929 1210 cetera
952 1184 1110 1213 cavetur5
1134 1177 1230 1221 quod
1251 1176 1374 1208 nullus
1396 1176 1592 1221 religiosus
1614 1178 1650 1209 in
1673 1177 1799 1209 eodem
1823 1178 1943 1210 studio
1966 1178 2095 1210 librum

231 1245 430 1290 predictum
460 1245 621 1290 incipere
651 1257 714 1277 seu
738 1244 861 1289 legere
882 1244 1009 1284 valeat7
1033 1244 1103 1276 nisi
1125 1244 1161 1276 in
1184 1256 1279 1276 nono
1302 1255 1395 1276 anno
1418 1244 1588 1276 audiendi
1610 1256 1674 1276 seu
1698 1245 1868 1277 studendi
1889 1245 2098 1289 hujusmodi

232 1312 449 1357 theologiam
474 1312 594 1344 suerit.
620 1313 738 1354 Quare
760 1323 825 1356 pro
847 1318 946 1356 parte
968 1310 1108 1343 abbatis
1134 1317 1168 1343 et.
1187 1317 1388 1344 conventus
1410 1323 1448 1343 ac
1471 1311 1602 1355 Philipi
1624 1311 1869 1356 predictorum
1899 1312 2005 1345 nobis
2032 1313 2098 1345 fuit

230 1379 417 1412 humiliter
441 1378 682 1424 supplicatum
705 1385 742 1411 ut
763 1390 835 1410 non
857 1378 1036 1418 obstante,
1060 1378 1156 1422 quod
1178 1378 1272 1410 idem
1298 1378 1463 1422 Philipus
1488 1378 1525 1410 in
1547 1378 1731 1410 ordinario
1753 1379 1916 1423 predicto
1939 1379 1974 1411 in
1996 1387 2097 1412 sexto

231 1446 412 1479 dumtaxat
436 1458 529 1478 anno
557 1446 728 1478 audiendi
753 1457 818 1478 seu
844 1445 1016 1478 studendi
1044 1445 1253 1489 hujusmodi
1281 1445 1499 1490 theologiam
1530 1445 1617 1486 erit7
1643 1445 1711 1477 sibi
1739 1445 1869 1478 librum
1898 1447 2095 1489 predictum

232 1520 315 1546 tunc
337 1513 536 1558 incipiendi
558 1520 592 1545 et
617 1513 764 1557 le'gendi
787 1513 971 1545 licenciam
995 1513 1196 1545 concedere
1221 1512 1265 1544 de
1289 1512 1512 1556 benignitate
1537 1512 1734 1556 apostolica
1756 1513 2001 1558 dignaremur.
2025 1515 2098 1546 Nos

231 1580 342 1625 igitur
438 1580 649 1612 discretioni
669 1586 727 1612 tue
746 1591 808 1624 per
825 1579 1021 1624 apostolica
1044 1579 1177 1623 scripta
1200 1579 1410 1611 mandamus
1432 1585 1624 1623 quatenus,
1643 1579 1672 1611 si
1695 1586 1749 1612 est
1770 1580 1815 1612 ita
1915 1580 2033 1625 ipsum
2055 1581 2097 1613 ad

231 1647 477 1692 incipiendum
502 1653 536 1679 et
557 1646 752 1691 legendum
774 1646 985 1690 hujusmodi
1006 1646 1136 1678 librum
1162 1646 1426 1678 Sententiarum
1452 1646 1488 1678 in
1510 1646 1693 1678 ordinario
1712 1653 1744 1679 et
1767 1647 1887 1679 studio
1911 1648 2096 1692 predictiS,

232 1720 270 1746 ut
290 1714 483 1758 prefertur,
505 1714 702 1758 apostolica
723 1714 934 1746 auctoritate
958 1713 1112 1758 recipias
1134 1720 1168 1745 et
1189 1713 1354 1745 admittas
1377 1720 1411 1745 et
1431 1713 1568 1745 admitti
1590 1713 1713 1753 facias,
1736 1720 1774 1746 ut
1795 1721 1849 1746 est
1870 1715 1993 1755 moris⁷
2013 1727 2098 1747 con-

230 1781 444 1813 tradictores
475 1792 539 1825 per
564 1792 752 1813 censuram
781 1780 1063 1813 ecclesiasticam
1090 1780 1356 1825 compescendo
1467 1781 1544 1812 Dat.
1572 1780 1752 1813 Avinione
1782 1793 1825 1813 xv
1852 1781 1919 1813 kal.
1946 1781 2096 1826 Aprilis,

231 1847 358 1892 pontif.
382 1847 496 1880 nostri
517 1859 611 1880 anno
634 1847 758 1880 tercio.
776 1868 819 1871 —
836 1847 1009 1892 Expedita
1032 1859 1116 1879 non.
1135 1847 1233 1888 Jufii,
1252 1859 1345 1879 anno
1364 1847 1488 1879 tercio.
1513 1848 1552 1879 R.
1577 1859 1618 1878 DE
1635 1848 1766 1880 VALLE.
1784 1868 1827 1871 —
1843 1848 1986 1880 Tradita
2008 1849 2098 1893 parti

230 1926 274 1947 xv
290 1914 359 1946 kat.
385 1914 553 1959 Augusti,
576 1926 669 1946 anno
692 1915 810 1947 tertio.

324 2013 386 2044 Reg.
403 2014 482 2035 Aven.
500 2013 595 2036 Bened.
613 2013 678 2041 XIII,
694 2013 745 2035 vol.
763 2013 836 2037 XXV,
854 2013 897 2036 sol.
914 2013 981 2035 4351).

236 2171 375 2208 1743.
399 2181 586 2215 Desinitiones
605 2180 732 2216 Capituli
745 2180 890 2215 generalis
907 2180 1086 2206 Clzcniacens.
1105 2180 1140 2206 de
1155 2180 1346 2213 studentibus,
1367 2180 1488 2215 bejanio,
1509 2180 1602 2205 bursis
1621 2180 1739 2214 Collegit·
1757 2181 1935 2206 Clmzlacens.
1953 2183 2046 2207 Paris.

1482 2270 1554 2298 1397,
1571 2269 1631 2294 Maii
1644 2270 1682 2298 13,
1699 2270 1811 2295 Cluniaci.

320 2358 410 2391 Cum
431 2357 465 2389 a¹
485 2357 744 2390 diffinitoribus
765 2358 850 2390 anni
867 2357 1031 2402 preteriti
1054 2357 1253 2390 Mffl¹CCC¹¹²¹
1270 2357 1499 2401 nonagesimi
1517 2357 1632 2401 quinti
1654 2358 1742 2389 sacta
1764 2357 1870 2389 suerit
1893 2364 1987 2389 certa
2010 2358 2098 2390 diffi-

232 2424 320 2457 nitio
342 2424 439 2469 quod
460 2424 640 2457 levaretur
661 2425 812 2469 quedam
835 2425 1006 2458 vicesima
1024 2424 1223 2457 secundum
1242 2424 1461 2456 taxacionem
1487 2424 1625 2456 decime
1648 2424 1683 2455 in
1707 2430 1777 2456 toto
1800 2424 1928 2456 ordine
1949 2424 2097 2457 Clunia-

232 2491 332 2524 censi
360 2491 468 2524 certis
499 2491 543 2523 de
574 2492 694 2524 causis
724 2492 825 2536 ipsos
858 2491 1108 2531 moventibus,
1140 2491 1223 2523 hinc
1253 2498 1307 2523 est
1335 2491 1431 2535 quod
1463 2502 1529 2522 nos
1562 2490 1777 2522 diffinitores
1805 2491 1888 2522 anni
1915 2492 2096 2535 presentis

232 2558 431 2591 M¹¹¹¹CCC¹¹¹¹
458 2558 685 2603 nonagesimi
714 2559 859 2603 septimi
880 2559 989 2591 certis
1011 2565 1045 2591 et
1065 2558 1238 2602 legitimis
1265 2558 1309 2590 de
1337 2558 1456 2590 causis
1485 2569 1550 2589 nos
1581 2557 1811 2589 moventibus
1840 2558 2035 2590 diffinimus
2064 2565 2095 2590 et

232 2625 442 2658 ordinamus
464 2636 526 2658 sex
547 2625 676 2670 viginti
697 2624 809 2658 libras
830 2632 950 2658 turon.
971 2625 1061 2657 tradi
1083 2624 1286 2657 scolaribus
1304 2624 1466 2657 Cluniae.
1485 2623 1716 2656 studentibus
1734 2624 1893 2656 Parisius
1911 2625 1954 2657 de
1973 2625 2096 2669 primis

232 2691 392 2724 denariis
415 2704 478 2737 per
500 2699 707 2736 receptores
729 2692 823 2725 dicte
844 2692 1017 2725 vicesime
1039 2692 1226 2724 ordinatos
1248 2691 1481 2735 recipiendis.

321 2759 411 2792 Cum
434 2765 582 2803 propter
603 2759 782 2803 quoddam
806 2759 1006 2804 bejanium,
1035 2759 1132 2803 quod
1160 2759 1196 2790 in
1224 2758 1381 2802 collegio
1411 2757 1644 2789 Cluniacensi
1667 2757 1826 2789 Par-isius
1851 2757 2010 2790 scolares
2037 2758 2096 2802 qui

234 2826 277 2858 de
305 2838 399 2859 novo
428 2826 464 2858 in
494 2826 590 2859 dicto
618 2826 775 2871 collegio
807 2827 997 2859 mittuntur
1026 2833 1202 2859 vexentur
1233 2825 1535 2869 quamplurimum
1567 2830 1599 2856 et
1630 2831 1826 2868 graventur
1856 2825 2034 2869 dampnis*
2064 2832 2095 2857 ct

234 2893 405 2937 expensis
426 2893 599 2938 gravibus
625 2905 663 2925 ac
688 2893 899 2926 enormibus
927 2893 1125 2926 afficiantur
1155 2892 1371 2937 dispendiis7
1404 2891 1588 2935 multequc
1614 2891 1743 2923 exinde
1774 2891 2043 2924 dissolucioncs
2065 2898 2094 2923 et

357 2954 420 2971 ΜΗ
440 2952 534 2975 Chart.
560 2951 637 2975 Univ.
656 2951 749 2975 Paris.
769 2952 810 2974 lv.
1960 2951 1971 2971 ἰ
