2502 3418
241 305 335 341 1403]
671 318 716 339 Αιι
751 318 855 347 Anno
890 318 1175 340 MCCCLXXXXIV
1210 319 1256 339 An
1292 319 1429 340 Axxun
1465 320 1668 342 nicoenum.
2059 314 2098 344 61

244 429 385 466 1786.
410 447 425 464 ‹
440 438 558 464 Botulus
574 439 738 464 nunciorum
756 439 954 464 Universitatis
968 439 1064 464 Par-is.
1083 448 1097 463 »

1458 483 1533 511 1403,
1551 483 1637 508 Octob.
1655 484 1691 512 16,
1710 484 1816 510 Sallone.

329 569 540 614 Supplicant
561 570 595 602 S.
613 571 656 603 V.
679 569 836 602 humiles
857 576 892 602 et
911 569 1032 602 devoti
1054 576 1217 602 oratores
1237 570 1350 602 vestri
1372 570 1535 614 magistri
1557 570 1593 602 in
1615 577 1678 603 art.
1699 578 1733 603 et
1754 572 1789 603 in
1812 571 1920 604 theol.
1945 573 2102 605 parisius

237 643 316 669 actu
340 643 509 681 regentes
531 636 764 681 infrascripti,
792 637 853 682 qui
878 648 1023 681 semper
1042 637 1189 670 suerunt
1208 637 1371 681 ejusdem
1393 637 1592 670 sanctitatis
1609 644 1729 670 vestre
1751 645 1784 670 et
1806 638 1960 671 ecclesie
1981 646 2103 672 sancte

238 703 302 736 Dei
323 703 499 736 zelatores
521 703 697 748 precipui,
716 703 899 748 quatinus,
916 710 979 737 etc.

325 802 359 827 Et
374 802 470 835 primo
487 802 610 828 Henrico
623 802 745 831 Chicoti‚
763 802 856 836 presb.
874 803 1006 828 Remens.
1021 802 1108 831 dioc..
1123 810 1200 835 mag.
1218 802 1248 827 in
1262 804 1315 827 art.
1333 804 1361 828 et
1377 802 1407 828 in
1424 791 1512 828 theol.
1527 804 1594 828 actu
1610 803 1732 835 regenti.

325 851 453 877 Johanni
468 850 618 885 d'Achery.
638 851 888 885 presb..Laudun.
906 851 991 880 dioc..
1009 859 1086 884 mag.
1108 851 1139 877 in
1158 852 1213 877 art.
1230 853 1258 877 et
1274 851 1305 876 in
1321 852 1410 877 theol.
1427 853 1494 877 actu
1510 860 1582 884 reg..
1600 852 1800 886 magistroque
1815 853 1969 886 principali
1985 853 2103 886 Collegii

235 901 391 927 scolarium
407 900 541 926 Laudun.
561 901 646 926 Paris.
664 901 867 927 fundatorum.

325 950 438 976 Nicolao
448 950 484 976 de
499 949 667 979 Gonnessia.
683 949 776 983 presb.
793 950 927 975 Laudun.
944 949 1047 979 dioec.,
1063 957 1140 983 mag.
1158 950 1189 975 in
1205 951 1258 975 art.
1276 950 1348 976 etin
1364 950 1453 975 theol.
1472 950 1594 975 Parisius
1609 951 1676 976 actu
1692 958 1751 983 reg.

323 999 437 1024 Nicolao
453 999 608 1029 Pitement,
623 999 852 1032 Rothomagens.
869 999 955 1027 dioc..
973 1007 1050 1032 mag.
1065 999 1095 1024 in
1111 1000 1164 1024 art.
1182 1000 1210 1024 et
1225 999 1256 1024 in
1272 999 1363 1024 theol.
1380 1000 1449 1024 actu
1464 1007 1523 1032 reg.

325 1048 453 1074 Johanni
469 1048 588 1076 Baillivi.
605 1048 698 1081 presb.
716 1048 852 1075 Meldens.
870 1048 956 1077 dioc..
974 1056 1051 1081 mag.
1069 1048 1099 1073 in
1112 1049 1166 1074 art.
1183 1048 1252 1074 etin
1270 1048 1358 1074 theol.
1377 1048 1499 1073 Parisius
1511 1050 1579 1074 actu
1592 1056 1651 1081 reg.

324 1097 425 1130 Egidio
437 1097 473 1123 de
489 1097 709 1130 Asperomonte,
726 1097 820 1130 presb.
838 1098 970 1123 Remens.
986 1097 1072 1125 dioc..
1091 1105 1168 1130 mag.
1186 1097 1215 1122 in
1231 1098 1284 1126 art.
1303 1099 1331 1123 et
1346 1097 1377 1122 in
1391 1097 1479 1123 theol.
1498 1097 1620 1123 Parisius
1635 1099 1701 1123 actu
1718 1106 1776 1131 reg.

324 1146 471 1172 Germano
487 1145 709 1179 de-Rongiaco¹‚
727 1146 821 1180 presb.
840 1146 925 1172 Paris.
940 1146 1023 1175 dioc..
1041 1154 1117 1179 mag.
1134 1146 1164 1171 in
1177 1147 1231 1171 art.
1249 1148 1278 1172 et
1292 1146 1323 1171 in
1339 1146 1427 1172 theol.
1446 1146 1569 1172 Parisius
1583 1148 1650 1172 actu
1666 1155 1725 1180 reg.
1961 1147 1996 1182 [7]

296 1227 307 1231 ⁷*
326 1229 402 1266 Fiat
421 1242 487 1278 'pro
509 1231 692 1266 omnibus.
716 1235 754 1266 L.
780 1256 825 1262 —
854 1235 931 1266 Dat.
961 1233 1105 1267 Sallone
1126 1234 1330 1266 Arelatens.
1358 1234 1468 1275 dioc„
1497 1234 1639 1267 decimo
1661 1235 1815 1280 septimo
1838 1235 1906 1268 kal.
1929 1235 2102 1268 Noveml).

235 1308 291 1333 an.
307 1296 469 1341 decimo,
488 1300 531 1333 ad
554 1307 717 1333 vacatura
739 1298 820 1345 post
840 1307 942 1333 sexto
964 1301 1031 1334 kal.
1055 1301 1153 1334 Junii
1172 1313 1266 1333 anno
1288 1313 1359 1345 quo
1381 1302 1524 1345 supra².

329 1398 391 1429 Reg.
411 1398 505 1429 Suppl.
523 1398 703 1426 Bened..xm‚
722 1403 750 1421 n⁰
764 1400 804 1427 97,
819 1399 863 1422 fol.
880 1399 930 1422 871‘.

329 1481 352 1506 1.
367 1483 417 1505 Seu
434 1490 444 1505 ι
462 1483 563 1506 Fumuli
580 1492 602 1506 ».
619 1484 666 1507 Ms.
681 1491 686 1506 :
702 1493 715 1505 α
731 1483 897 1513 Rovignyaco
914 1491 935 1507 υ.
956 1495 979 1500 -
997 1482 1021 1507 2.
1037 1483 1056 1506 Ι.
1073 1491 1094 1506 e.
1108 1486 1170 1514 post
1184 1483 1245 1506 Maii
1264 1484 1301 1512 27,
1321 1492 1363 1507 an.
1380 1482 1449 1506 1404-

242 1675 382 1714 1787.
406 1696 420 1712 ⁴(
440 1687 559 1713 Botulus
575 1689 741 1715 nunciorum
762 1689 960 1715 Universitatis
975 1689 1162 1715 Parisiensis.
1179 1698 1193 1714 ›>

241 1739 244 1740 ⁷
263 1738 265 1740 ¹
1409 1731 1482 1759 7403,
1500 1731 1586 1757 Octob.
1606 1732 1694 1760 18-23,
1711 1731 1817 1757 sallone.

327 1818 537 1866 Supplicant
552 1820 586 1853 S.
600 1821 642 1853 V.
660 1820 780 1853 devoti
797 1821 908 1854 vestri
924 1820 1180 1854 Universitatis
1195 1820 1412 1854 Parisiensis
1429 1820 1647 1867 principales
1663 1832 1804 1854 necnon
1822 1821 2099 1861 licentiatomm,

238 1884 523 1921 bachalariorum
547 1894 581 1920 et
602 1887 795 1920 scolarium
818 1888 981 1932 ejusdem
1004 1888 1127 1920 nuncii
1150 1888 1320 1932 quatinus

325 1987 358 2011 In
377 1994 531 2020 personam
546 1986 641 2013 devoti
658 1987 757 2013 vestri¹
776 1987 926 2013 Guillelmi
942 1987 1094 2021 Pelliparii‚
1112 1987 1205 2013 clerici
1226 1987 1408 2016 Senonensis,
1428 1987 1458 2013 in
1478 1987 1555 2013 med.
1573 1989 1600 2013 et
1616 1988 1669 2013 art.
1690 1995 1780 2020 mag,
1796 1986 1832 2011 ad
1853 1987 1942 2012 sanct.
1960 1988 2028 2012 vest.
2050 1994 2102 2019 pro

238 2035 374 2061 facultate
389 2035 532 2062 medicine
545 2036 690 2066 destinati,
707 2037 831 2070 gratiam
847 2037 982 2063 facientes
994 2037 1146 2070 specialem
1161 2037 1215 2062 sub
1230 2037 1296 2062 data
1308 2037 1351 2070 iij⁰
1366 2037 1431 2062 idus
1446 2036 1587 2064 Octobris,
1604 2037 1790 2069 pontificatus
1806 2036 1889 2061 vestri
1905 2043 1982 2061 anno
1996 2036 2101 2068 primo,

236 2084 272 2110 de
282 2084 435 2114 beneficio,
448 2086 502 2110 etc.

325 2133 398 2159 Item
414 2133 518 2159 Mathei
537 2134 656 2164 Roeder‚
669 2135 775 2168 presb..
789 2142 866 2167 mag.
879 2134 908 2160 in
919 2136 972 2160 art.
986 2136 1014 2161 et
1026 2135 1088 2160 bac.
1106 2134 1135 2160 in
1148 2135 1235 2161 theol.
1249 2135 1377 2164 formati,
1392 2135 1427 2160 ad
1443 2134 1566 2160 eandem
1581 2134 1606 2160 S.
1625 2142 1678 2168 pro
1689 2134 1810 2159 nacione
1825 2133 1942 2159 Francie
1956 2133 2100 2159 destinati.

325 2182 466 2208 Johannis
486 2182 655 2212 Adamar02,
672 2184 765 2217 presb.
783 2184 875 2210 curati
889 2184 956 2210 eccl.
975 2184 1107 2218 parroch.
1125 2184 1161 2210 de
1180 2184 1318 2210 Litteruel
1336 2184 1506 2210 Tornacens.
1523 2184 1609 2212 dioc..
1627 2191 1703 2215 mag.
1722 2183 1752 2208 in
1768 2184 1821 2207 art.
1838 2184 1866 2208 et
1882 2183 1942 2208 bac.
1964 2182 1994 2207 in
2012 2182 2099 2208 theol.

234 2230 364 2261 formati.
382 2231 418 2257 ad
433 2231 459 2258 S.
477 2231 509 2257 V.
527 2239 580 2265 pro
596 2233 664 2258 nac.v
678 2233 804 2259 Picardie
819 2233 963 2259 destinati.
1735 2267 1737 2269 ι

326 2280 431 2306 Mathei
445 2281 481 2307 de
496 2281 607 2310 Mauro.
625 2282 729 2315 presb..
747 2290 824 2315 mag.
842 2282 872 2308 in
885 2284 939 2308 art.
957 2284 986 2309 et
1001 2283 1062 2308 bac.
1080 2282 1109 2308 in
1126 2282 1215 2308 theol.
1234 2282 1362 2311 formati,
1380 2290 1431 2315 pro
1448 2289 1510 2307 nac.
1526 2281 1680 2307 Normanie
1695 2281 1731 2306 ad
1745 2281 1774 2305 E.
1792 2281 1818 2306 S.
1835 2280 1980 2306 destinati.

326 2330 409 2355 Alani
423 2330 553 2359 Guilloti,
571 2331 678 2364 presb,
695 2331 771 2357 decr.
787 2331 912 2357 doctoris
926 2332 1052 2364 regentis
1068 2332 1152 2357 Paris.
1170 2331 1200 2356 in
1216 2332 1268 2357 fac.
1285 2331 1424 2364 predicta,
1442 2339 1510 2357 cuni
1524 2330 1659 2363 predictis
1675 2330 1789 2355 nunciis
1803 2329 1944 2362 adjuncti.

325 2379 424 2405 Jacobi
439 2378 540 2409 Ge1u³‚
557 2380 624 2405 cler.
642 2380 806 2406 Treverens.
821 2380 906 2410 dioc.‚
926 2380 971 2406 lic.
989 2381 1020 2406 in
1036 2381 1089 2413 leg.
1108 2381 1138 2406 in
1157 2381 1250 2406 forma
1266 2380 1383 2406 licencie
1399 2380 1508 2413 injure
1526 2387 1601 2407 can..
1620 2386 1696 2411 mag.
1714 2379 1744 2404 in
1765 2380 1830 2407 art.‚
1848 2378 1968 2410 tegentis
1982 2378 2100 2403 ordina-

234 2427 315 2458 rium
330 2428 366 2453 de
379 2431 465 2454 mane
479 2428 564 2454 Paris.
582 2437 614 2455 ac
627 2429 747 2455 illustris
761 2429 900 2463 principis
913 2429 1027 2455 domini
1042 2430 1124 2455 ducis
1139 2429 1352 2455 Aurelianensis
1367 2429 1533 2455 consiliarii.

326 2477 431 2502 Fratris
447 2477 562 2503 Martini
578 2478 735 2511 Ronceray.
752 2479 888 2505 monachi
903 2487 1032 2512 expresse
1052 2479 1169 2511 professi
1190 2480 1315 2504 monast.
1334 2478 1448 2511 Majoris
1464 2476 1627 2503 Monastcrii
1648 2484 1738 2509 prope
1753 2477 1899 2502 Turonem
1916 2475 1948 2501 O.
1968 2476 1994 2501 S.
2012 2476 2053 2504 B..
2071 2475 2101 2501 in

230 2519 301 2559 'jure
313 2533 376 2565 can.
394 2526 453 2555 lic..
470 2527 558 2552 etiam
574 2527 610 2552 ad
627 2527 652 2553 S.
669 2528 700 2552 V.
716 2535 768 2561 pro
783 2528 936 2554 licentiatis
950 2529 979 2554 et
993 2527 1174 2553 bachallariis
1189 2527 1219 2552 in
1232 2528 1298 2560 jure
1315 2527 1454 2552 canonico
1467 2526 1611 2552 destinati.

326 2565 613 2605 Guillelmi'Pi'cardi,
626 2577 752 2602 subdiac.
770 2577 930 2603 Turonens.
948 2585 1022 2606 can.‚
1038 2577 1067 2602 in
1081 2577 1157 2602 decr.
1175 2584 1244 2602 cum
1258 2576 1352 2609 rigore
1367 2576 1507 2602 examinis
1522 2570 1703 2608 lic.‚([11i(1iic
1716 2576 1749 2599 nt
1765 2574 1939 2599 substitutus
1954 2582 2004 2607 per
2015 2574 2101 2606 longa

238 2625 370 2657 tempora
390 2624 460 2657 legit
479 2624 663 2651 ordinarium
685 2626 720 2651 de
737 2634 822 2651 mane
845 2626 976 2655 Parisius.
998 2626 1034 2652 ad
1055 2626 1081 2651 S.
1106 2626 1137 2651 V.
1159 2633 1191 2651 cx
1208 2627 1289 2658 parte
1312 2625 1527 2650 nonnullorum
1553 2624 1707 2649 scolarium
1730 2623 1931 2648 Parisiensium
1955 2623 2099 2651 destinati.

237 2673 362 2699 similem
378 2673 502 2706 gratiam
518 2674 662 2703 facientes,
679 2675 714 2700 de
729 2683 792 2700 can.
810 2675 863 2700 sub
879 2677 988 2708 expect.
1006 2675 1153 2708 prebende
1168 2674 1197 2699 in
1214 2674 1280 2700 eccl.
1297 2674 1392 2699 Sancti
1410 2673 1522 2698 Martini
1538 2673 1698 2698 Turonens.

325 2722 472 2753 JQhannis
480 2723 514 2749 de
532 2723 605 2751 Bria,
619 2724 688 2755 Vcler.
704 2724 797 2749 curati
812 2724 879 2750 eccl.
898 2725 1031 2757 parrocli.
1048 2724 1084 2749 de
1100 2723 1246 2749 Botcrellis
1263 2723 1439 2748 libi-oicensis
1454 2722 1539 2749 dioc..
1557 2729 1634 2753 mag.
1652 2721 1682 2745 in
1700 2722 1754 2745 art.
1771 2722 1799 2746 et
1815 2720 1876 2746 bac.
1892 2720 1920 2745 in
1941 2721 2029 2746 theol.
2049 2728 2100 2754 pro

238 2770 396 2797 bacallariis
411 2771 441 2797 in
457 2773 511 2797 art.
527 2772 562 2798 ad
578 2772 604 2798 S.
622 2773 653 2798 V.
671 2773 814 2799 destinati.

328 2820 471 2846 Johannis
487 2821 605 2851 Piehon,
626 2822 719 2854 presb.
737 2822 828 2848 curati
848 2823 915 2848 eccl.
938 2823 1070 2856 parroch.
1092 2822 1128 2848 de
1149 2822 1288 2847 Fontibus
1303 2821 1414 2846 abbatis
1431 2820 1592 2845 Ebroiccns.
1616 2819 1702 2845 dioc..
1723 2826 1798 2851 mag.
1822 2818 1851 2843 in
1869 2819 1923 2843 art.
1946 2819 1973 2843 et
1995 2818 2053 2844 bac.
2070 2818 2100 2843 in

228 2869 332 2900 theol„
396 2898 398 2901 .
1904 2867 1958 2901 [ιο]
