2502 3418
269 311 365 345 1407]
618 323 663 344 ΑΒ
698 323 803 344 ANNO
838 323 1125 344 nocctxxxxu*
1160 324 1289 351 tisoni:
1321 325 1367 346 Λῐ)
1403 326 1539 347 ANNUM
1575 328 1778 350 uocoomi.
2062 324 2122 355 ’147

267 399 292 418 et.
305 404 349 418 eos
365 395 536 419 Universitnti
554 396 663 418 reddere
678 396 818 423 obtulerat,
836 404 902 427 quae
918 400 1003 419 tamen
1020 405 1063 419 cos
1082 405 1131 419 non
1152 405 1209 420 csse
1228 398 1413 420 Universitatis
1432 399 1565 422 stinlentes
1583 402 1604 424 t«
1622 401 1691 422 lom-s
1707 402 1789 423 clercs
1809 405 1830 431 n)
1847 404 2033 428 contendendo.
2051 414 2125 428 recu-

267 440 336 463 savit
357 440 513 471 (Cousm'or,
540 440 617 464 Gesta*
635 442 680 464 des
702 441 804 465 nobles.
825 441 865 464 ed.
883 441 988 464 Vnam
1012 449 1044 464 1›1-:
1068 442 1217 469 Vnumne,
1238 451 1263 472 p.
1283 443 1336 466 120.
1360 443 1408 465 Sed
1431 444 1490 466 Rel.
1508 445 1540 467 cle
1562 444 1763 475 &tint-Deum,
1783 447 1826 473 ΙΙΙ,
1849 448 1900 474 7·.’»ἰ,
1923 452 1947 470 ct
1971 450 2070 473 Chron.
2094 451 2126 473 (la

266 485 438 514 Monstrelel,
455 485 474 512 I,
487 486 525 510 75.
541 485 572 507 dc
587 485 635 507 hoc
651 488 781 508 momento
798 485 925 514 retii-ent).
939 486 1031 508 Octob.
1044 487 1072 508 2ss
1084 494 1144 509 vero
1159 486 1290 517 supplicio
1301 487 1461 510 scholarium
1479 492 1592 519 sumptov
1607 489 1770 512 Uniwrsitas
1784 491 1815 513 de
1826 493 2003 515 annullatione
2019 503 2125 516 suorum

265 529 467 560 privilegiorum
483 532 508 552 ct.
524 529 677 552 libertatum
692 531 909 561 conquerebatur,
925 533 949 553 ct
965 530 1123 561 quibusdam
1144 531 1301 553 Normannis
1323 532 1414 554 amicis
1435 532 1508 554 ‹lncis
1526 533 1693 563 burgundiae
1717 534 1903 565 instigantibus
1917 545 2022 559 causam
2037 542 2125 561 contra

265 574 445 605 praepositum
462 574 578 604 suscepit
594 576 631 603 (ut
644 574 777 601 Cousinot,
794 578 855 597 tunc
871 575 1013 597 advocatus
1030 575 1055 597 in
1072 575 1246 605 pai-lamento,
1261 577 1370 606 narrat).
1388 576 1466 598 simul
1482 585 1496 599 a
1510 577 1665 600 lectionibus
1679 582 1703 600 ct
1716 580 1880 602 sermonibus
1897 582 2032 609 cessando,
2047 583 2126 604 ‹lom-‹-

266 618 358 641 Petrus
372 619 417 640 des
433 619 525 641 Essnrs
542 618 567 641 iu
583 618 669 641 locum
685 618 819 642 Guillclmi
836 619 867 641 de
883 619 1059 649 'I'ignonvillm
1076 619 1139 642 olim
1152 620 1226 642 ducis
1242 620 1423 644 Aurelianens.
1439 621 1593 650 consiliarii,
1605 630 1646 645 an.
1664 623 1732 650 140⁸,
1747 623 1806 646 Maii
1823 626 1845 649 Γι.
1859 625 2025 655 praepositus
2043 627 2127 649 nomi-

266 666 373 686 naretur
388 663 542 693 (Cousmor.
560 663 577 686 l.
591 671 623 691 c.;
640 663 765 687 Journal
776 666 808 687 de
824 664 934 688 Nicolas
949 665 981 687 dc
991 665 1075 694 Baye,
1091 665 1131 687 ed.
1148 665 1267 694 Τυετεγ,
1286 665 1304 693 1,
1321 673 1347 695 p.
1363 666 1425 694 229).
1445 666 1553 689 Caetera
1568 667 1620 689 vid,
1636 667 1705 689 intra
1721 673 1749 689 n‘·
1763 668 1831 691 18:22.

273 830 413 867 1841.
435 839 607 865 Benedictus
622 841 696 864 XIII
713 840 888 866 cancellario
904 840 1045 866 ecclesiae
1059 841 1154 867 Paris.
1172 850 1187 866 ‹<
1203 841 1323 866 mandat
1339 851 1353 866 »
1371 845 1401 867 ut
1417 842 1549 867 leomam
1567 843 1706 869 Foverelli
1725 844 1790 869 ord.
1809 845 1925 878 praeca,
1945 846 1993 880 qui
2009 846 2128 880 logicam

357 892 384 914 et
397 888 610 924 philosophiam
632 889 795 914 naturalem
817 893 845 914 et
866 889 1001 915 moralem
1022 890 1050 915 in
1069 889 1236 915 solennibus
1260 890 1390 916 domibus
1415 891 1531 916 Ordinis
1549 893 1713 927 provinciae
1739 893 1879 919 Franciae
1904 893 1980 928 legit,
2007 896 2130 920 Parisiis

357 938 467 963 duobus
482 938 567 963 annis
583 938 612 963 in
627 937 771 972 theologia
786 938 898 963 studuit
913 942 940 963 et
959 938 1063 964 deinde
1083 943 1220 974 quattuor
1235 939 1323 965 libros
1344 940 1555 966 Sententiarum
1576 941 1604 966 in
1624 941 1705 967 domo
1724 943 1856 967 Remensi
1871 942 1939 977 legit
1955 947 1981 969 et
1996 946 2024 969 in
2042 946 2130 969 Seno-

356 987 438 1012 nensi
459 987 547 1012 lector
564 986 740 1022 principalis
761 988 826 1021 fuit,
845 987 885 1012 ad
904 987 1112 1023 perficiendum
1135 997 1247 1013 cursum
1264 998 1346 1014 suum
1367 989 1395 1014 in
1417 989 1513 1014 studio
1539 990 1707 1024 Parisionsi,
1733 991 1772 1016 ud
1795 991 1929 1025 legendos
1951 992 2039 1018 libros
2061 996 2130 1018 Sen-

357 1036 508 1062 tentiarum
531 1036 559 1061 in
579 1036 686 1061 scholis
702 1037 801 1062 Sancti
824 1036 945 1062 Thomae
968 1037 1115 1062 ordinarie
1140 1037 1181 1063 vel
1204 1038 1437 1064 emer-aordinarie
1462 1047 1536 1064 anno
1560 1039 1723 1065 immediate
1747 1041 1878 1075 sequenti
1901 1042 2039 1075 assignet.
2066 1043 2129 1068 Dat.

357 1085 448 1112 Saone
462 1085 503 1119 iiij
519 1086 576 1111 kal.
591 1085 767 1115 Decembris,
781 1093 860 1111 anno
873 1086 1103 1119 quartodecimo.
1123 1097 1136 1109 «
1153 1087 1211 1112 Viri
1224 1095 1301 1113 sacre
1316 1088 1447 1114 lectionis
1461 1099 1484 1113 ».

1459 1170 1534 1198 1407,
1552 1170 1664 1195 Νονεηιὸ.
1681 1171 1724 1199 28,
1740 1171 1844 1196 Savone.

363 1247 426 1277 Reg.
441 1247 498 1270 Vnt.
515 1248 594 1269 Aven.
611 1247 708 1269 Bened.
726 1247 794 1275 XIII,
811 1247 861 1269 vol.
880 1247 946 1273 LIII,
965 1247 1009 1270 sol.
1027 1248 1081 1270 397.
1095 1261 1126 1264 —
1142 1248 1210 1271 Haec
1225 1251 1264 1270 est
1280 1248 1372 1271 ultima
1389 1256 1466 1279 quam
1483 1249 1665 1280 cognoscimus
1685 1250 1857 1280 epistolarum
1878 1251 2010 1274 Benedicti
2027 1252 2084 1274 XIII
2100 1253 2132 1275 ad

269 1290 455 1313 cancellarium
471 1291 555 1314 Paris.
572 1291 740 1321 directarum,
758 1291 782 1313 iu
800 1300 851 1322 qua
866 1291 888 1314 ei
908 1300 918 1313 «
936 1292 1044 1314 mandat
1061 1300 1070 1314 r»
1090 1295 1118 1315 ut
1133 1292 1180 1315 hoc
1198 1293 1238 1315 vel
1257 1292 1322 1315 illud
1339 1293 1364 1315 in
1380 1293 1557 1316 Universitate
1578 1294 1666 1318 saciat.
1686 1295 1716 1317 Et
1731 1298 1799 1318 certe
1816 1295 1906 1318 mirari
1923 1296 2018 1327 aliquis
2034 1301 2131 1327 posset,

270 1336 399 1366 quomodo
415 1335 570 1358 Benedictus
593 1336 651 1358 XIII
672 1336 758 1358 adhue
780 1344 809 1358 eo
830 1339 956 1367 tempore.
977 1345 1028 1367 quo
1049 1337 1213 1359 Universitas
1234 1337 1256 1359 ei
1277 1337 1452 1360 obedientiam
1472 1338 1527 1368 jam
1549 1338 1715 1362 subtraxerat
1735 1341 1853 1370 (propter
1875 1341 1943 1371 quod
1968 1341 2132 1364 Universitas

271 1380 354 1403 Paris.
370 1380 476 1403 minime
492 1380 559 1403 inter
574 1388 618 1403 eas
630 1380 820 1404 Universitates
835 1381 975 1408 invenitur,
994 1381 1026 1403 ad
1040 1390 1105 1412 quas
1122 1390 1163 1406 an,
1181 1382 1251 1407 1407,
1267 1383 1327 1406 Jan.
1340 1383 1379 1407 31,
1395 1391 1408 1405 e
1428 1383 1546 1405 Massilia
1561 1387 1670 1414 propter
1686 1384 1813 1414 Angelum
1827 1385 1857 1407 (Ie
1869 1385 1991 1408 Corrario
2007 1385 2133 1416 epistolas

271 1424 366 1447 direxit.
385 1438 414 1442 »-
434 1425 496 1456 Reg.
510 1425 556 1448 Av.
571 1425 666 1449 Bened.
683 1426 750 1452 XIII,
765 1426 816 1448 vol.
833 1426 922 1455 LVIII,
940 1425 984 1448 sol.
1003 1426 1046 1448 591
1066 1427 1126 1457 sq.),
1143 1427 1296 1449 mandatum
1309 1427 1340 1449 ud
1356 1427 1542 1449 cancellarium
1560 1427 1674 1458 dirigere
1689 1429 1812 1459 potnerit.
1829 1429 1878 1451 Sed
1894 1429 1939 1452 illo
1953 1438 2028 1458 anno,
2046 1438 2134 1453 mense

271 1469 422 1494 Novembri.
433 1469 513 1500 legati
529 1469 600 1500 regis
616 1470 741 1492 Franciae
754 1473 779 1493 et.
794 1469 981 1493 Universitatis
997 1470 1067 1501 apud
1084 1471 1252 1494 Benedictum
1268 1472 1369 1494 Savone
1385 1472 1564 1500 morabantur,
1580 1476 1608 1495 ut
1620 1481 1678 1495 eum
1692 1473 1725 1495 ad
1741 1473 1885 1496 cessionem
1901 1474 2062 1502 inducerent,
2074 1478 2133 1502 etc.,

272 1514 303 1536 de
316 1522 367 1545 quo
382 1514 409 1536 in
425 1517 488 1538 tom.
503 1514 523 1537 V
538 1515 725 1538 Chartularii.

278 1641 417 1678 1842,
441 1650 612 1676 Benedictus
629 1652 702 1676 XIII
713 1653 838 1677 Martino
854 1653 951 1686 Pore'e,
966 1653 1053 1688 episc,
1066 1653 1262 1687 Atrebatens.,
1277 1657 1306 1678 ut
1321 1653 1431 1679 duobus
1446 1655 1532 1687 fratr.
1546 1653 1801 1679 Praedicator-ibus
1814 1654 1979 1690 provinciae
1997 1655 2135 1681 Franciae

363 1700 558 1734 magisterium
575 1701 603 1725 in
619 1700 702 1726 theol.
721 1703 862 1735 conferat,
878 1702 947 1736 quia
963 1702 1111 1736 magistris
1127 1706 1154 1727 et
1171 1702 1352 1728 baccalareis
1368 1706 1457 1729 caret.

1463 1784 1538 1813 1407,
1555 1784 1668 1810 Νονειηό.
1685 1785 1729 1814 28,
1747 1784 1851 1810 Savone.

363 1860 503 1893 Dilecto
526 1861 600 1893 filio
628 1862 800 1894 Martino¹
832 1862 947 1895 electo
978 1862 1209 1895 Atrebatensi
1231 1863 1397 1903 salutem,
1419 1870 1485 1896 etc.
1509 1864 1586 1896 Viri
1617 1875 1717 1896 sacre
1739 1864 1919 1901 lectionis,
1950 1872 2015 1898 etc.
2047 1867 2135 1898 Cum

275 1927 394 1971 itaque
419 1927 513 1960 sicut
533 1927 689 1961 exhibita
712 1940 776 1973 pro
803 1936 902 1974 parte
924 1936 981 1962 tua
1009 1930 1140 1974 peticio
1162 1930 1369 1962 continebat
1397 1931 1525 1962 fratres
1546 1931 1695 1963 Ordinis
1724 1932 2005 1973 l'redicatorum,
2035 1934 2139 1977 cujus

276 1995 464 2038 professor
484 1995 624 2032 existis,
642 2007 659 2027 a
682 1995 805 2028 decem
829 2003 863 2028 et
885 2008 1013 2029 novem
1031 1997 1156 2029 annis²
1174 1997 1260 2029 citra
1278 2009 1350 2029 non
1373 1997 1555 2041 potuerint
1576 1998 1612 2029 in
1634 1998 1755 2030 studio
1777 1999 1971 2032 parisiensi
1993 2007 2140 2044 propter

277 2061 429 2105 quedam
452 2061 629 2094 disturbia
651 2074 721 2106 que
742 2062 876 2095 ibidem
900 2064 995 2108 passi
1020 2070 1103 2095 sunt
1123 2064 1166 2096 ad
1188 2064 1323 2108 gradus
1343 2064 1522 2096 facultatis
1549 2064 1732 2109 theologie
1755 2067 1973 2109 promoveri,
1997 2073 2029 2098 et
2058 2079 2139 2111 pro-

278 2135 398 2172 pterea
420 2129 605 2173 provincia
627 2130 775 2162 Francie
797 2130 997 2162 secundum
1022 2142 1156 2163 morem
1182 2131 1267 2164 dicti
1292 2131 1441 2163 Ordinis
1470 2131 1537 2164 sub
1559 2144 1627 2176 qua
1650 2133 1873 2165 Senonensis
1895 2140 1929 2166 et
1950 2134 2139 2166 Remensis

278 2195 407 2228 domus
430 2196 515 2228 dicti
537 2196 686 2229 Ordinis
714 2197 947 2229 continentur
975 2198 1137 2241 ejusdem
1166 2198 1346 2230 facultatis
1374 2205 1492 2230 careat
1512 2198 1715 2231 bacallariis
1744 2206 1778 2231 et
1805 2200 2000 2244 magistrisq
2031 2213 2069 2233 ac
2092 2200 2139 2232 ibi

279 2262 351 2294 sint
371 2262 495 2307 plures
512 2263 663 2295 aliorum
683 2263 859 2296 Ordinum
878 2265 1108 2309 professores
1125 2265 1161 2296 in
1178 2265 1301 2297 eadem
1324 2265 1489 2298 facultate
1511 2266 1689 2310 inagisti·I‚
1709 2278 1771 2310 per
1787 2278 1878 2310 quos
1900 2266 1975 2299 loca
1993 2267 2138 2299 fratrum

279 2328 363 2361 dicti
387 2329 537 2362 Ordinis
558 2330 828 2363 Predicatorum
851 2338 917 2363 tam
946 2331 981 2363 in
1009 2331 1320 2376 predicationibus
1343 2344 1445 2376 quam
1469 2332 1776 2376 (lIsputationilnis
1798 2332 2012 2366 solennibus
2035 2346 2141 2366 occu-

280 2402 408 2440 pantur
432 2408 438 2428 :
463 2408 529 2429 nos
552 2397 622 2429 tuis
653 2397 689 2429 in
716 2397 780 2430 hac
810 2405 909 2443 parte
931 2398 1260 2443 supplicationibus
1286 2399 1447 2431 inclinati
1475 2399 1687 2431 discretioni
1716 2406 1774 2431 tue
1866 2412 1928 2444 per
1955 2407 2001 2441 te⁷
2024 2401 2084 2445 qui
2106 2401 2141 2433 in

280 2463 403 2495 eadem
428 2463 610 2508 theologia
632 2464 805 2509 magister
822 2465 960 2506 existis,
988 2465 1045 2498 vel
1073 2465 1180 2498 alium
1208 2466 1293 2498 dicti
1318 2466 1467 2498 Ordinis
1491 2467 1733 2511 professorem
1756 2467 1791 2498 in
1813 2467 1937 2498 eadem
1958 2467 2142 2513 theologia

282 2530 492 2575 magistrum
520 2530 663 2564 duobus
688 2532 860 2565 fratribus
891 2533 975 2565 dieti
1004 2532 1167 2574 Ordinis,
1197 2533 1258 2577 qui
1288 2533 1324 2565 in
1353 2533 1444 2565 dicta
1477 2533 1659 2577 theologia
1690 2545 1753 2577 per
1784 2546 1924 2577 [empus
1957 2535 2142 2567 sufficiens

281 2597 489 2630 studuerint
509 2604 544 2630 et
564 2597 678 2630 libros
701 2599 965 2631 Sententiarum
988 2599 1146 2644 legerint
1165 2612 1203 2632 ac
1225 2600 1315 2632 alios
1336 2607 1436 2632 actus
1458 2600 1670 2632 scolasticos
1761 2601 2000 2642 exercuerint⁷
2081 2601 2142 2633 do-

282 2664 391 2696 nandi
422 2665 622 2709 magisterii
653 2665 827 2698 honorem
859 2673 894 2698 et
919 2666 1074 2698 docendi
1103 2666 1283 2699 licentiam
1371 2667 1604 2699 concedimus
1634 2673 1758 2699 tenore
1789 2668 2009 2711 presentium
2032 2668 2143 2700 sacul—

283 2737 403 2763 tatem.
429 2733 507 2764 Dat.
532 2733 648 2764 Saone
670 2732 719 2776 iiij
744 2732 812 2765 kal.
836 2733 1060 2774 Decembris,
1085 2746 1177 2766 anno
1199 2734 1482 2778 quartodecimo.

380 2822 441 2851 Reg.
461 2822 540 2846 Avcn.
558 2821 653 2844 Bened.
671 2822 736 2846 xm,
754 2822 805 2844 vol.
822 2822 888 2853 LIII⁷
907 2823 950 2845 t'ol.
965 2822 1031 2845 397¹&

378 2888 403 2913 1.
418 2890 437 2912 Α
454 2889 580 2912 Noveinb.
598 2890 626 2912 24
642 2892 741 2912 tantum
759 2889 853 2912 Martia
872 2890 951 2913 Porci:
971 2890 1019 2913 suit
1038 2890 1119 2921 episc.
1137 2890 1300 2913 Atrebatens.
1320 2890 1393 2921 (neg.
1410 2891 1488 2913 Avcn.
1506 2890 1601 2913 Bcncd.
1619 2890 1685 2918 xlll,
1706 2890 1756 2914 vol.
1777 2890 1838 2915 Liv.
1860 2890 1903 2914 sol.
1925 2891 1988 2921 553).
2006 2892 2072 2915 Loco
2092 2892 2147 2924 ejus
