2502 3418
373 335 437 366 430
946 347 1267 368 eiiAaT111,An1UM
1305 347 1494 369 UNIVERS.
1533 347 1660 368 PARIS.
2138 335 2237 371 [1424

373 419 584 453 eolaterales
614 421 893 466 proposieiones
921 421 1058 466 absque
1088 421 1329 465 responsione
1360 428 1393 454 et
1424 422 1467 454 ad
1499 428 1711 467 argumenta
1741 422 1830 454 sacta
1859 433 1925 466 per
1954 429 2234 467 proponentem,

373 498 489 519 novus
511 488 683 532 magister
703 488 852 532 incipiet
871 500 1025 533 arguere
1047 495 1169 521 contra
1192 489 1336 521 terciam
1360 489 1603 532 questionem,
1626 500 1695 533 que
1716 488 1759 521 ad
1786 489 1904 533 ipsum
1926 495 2076 534 spectat.
2098 490 2238 523 Conse-

373 561 528 597 quenter
548 555 722 599 magister
750 562 878 588 tenens
906 556 1122 600 principium
1147 567 1210 600 pro
1236 555 1316 588 loco
1339 562 1373 588 et
1394 562 1500 588 turno
1527 567 1594 588 suo
1619 562 1749 601 arguet
1775 562 1899 588 contra
1926 556 2122 589 secundam
2149 568 2238 601 que-

373 621 539 653 stionem.
572 622 700 654 Tereio
733 622 813 655 loeo
848 629 882 655 et
919 635 983 667 pro
1014 629 1120 655 turno
1151 622 1357 655 cancellarii
1387 622 1444 656 vel
1475 622 1752 655 subcancellarii
1782 629 1911 668 arguet
1938 623 2034 656 idem
2064 623 2238 669 magister

372 693 526 729 tene[n]s
554 689 770 734 principium
793 690 952 734 quandiu
974 689 1158 722 videbitur
1179 696 1321 735 tempus
1349 690 1552 735 propicium
1575 697 1609 723 et
1635 689 1723 723 hora
1751 697 1966 735 opportuna.
1997 692 2040 724 Et
2063 690 2129 724 hac
2149 703 2237 736 que-

372 755 489 787 stione
511 755 691 800 disputata
712 763 865 801 surgent
885 756 956 788 duo
982 756 1159 801 magistri,
1183 757 1243 801 qui
1270 757 1466 790 secundam
1489 757 1718 802 questionem
1740 757 1997 802 disputabunt,
2024 757 2156 791 deinde
2177 757 2237 790 alii

372 822 456 863 duo,
475 823 535 867 qui
556 823 718 855 eamdem
741 830 938 856 resument.
962 823 1232 856 Terminabitur
1253 831 1353 856 artus
1375 824 1411 856 in
1433 825 1580 858 nomine
1602 825 1718 858 Patris
1740 832 1776 858 et
1796 825 1890 858 Filii.

462 919 531 943 Bibl.
548 923 601 944 nat.
617 920 710 948 Paris.,
730 929 779 944 ms.
797 921 844 944 lat.
860 922 930 950 5494,
950 930 978 952 p.
991 922 1072 951 29-30,
1092 921 1161 944 inter
1178 925 1302 952 computa
1322 922 1454 945 facultatis
1475 922 1557 946 theol.
1573 931 1616 947 nn.
1634 923 1706 947 1424.
1725 923 1880 947 duramenta
1901 923 1958 947 sola
1978 924 2074 947 iterum
2091 932 2118 955 p.
2135 924 2190 947 118.
2205 937 2235 941 —

370 964 449 986 Plura
465 964 558 987 horum
574 965 649 987 nobis
662 965 718 995 jam
735 968 796 988 nota
811 968 873 988 sunt
887 974 900 988 e
915 966 1052 994 Chartul.‚
1070 966 1102 996 Il,
1119 974 1146 997 p.
1163 967 1208 989 093
1220 974 1259 997 sq.

463 1049 487 1073 1.
504 1050 616 1072 Rubrica
633 1058 711 1072 manu
726 1050 873 1081 posteriore
888 1051 988 1074 addita.
1000 1065 1027 1069 -—
1040 1050 1064 1075 2.
1082 1051 1261 1082 interponitur
1274 1059 1280 1074 2
1294 1059 1304 1074 ι
1319 1052 1384 1075 Nota
1398 1052 1467 1083 quod
1482 1052 1560 1075 debet.
1571 1052 1688 1084 recipere
1701 1052 1824 1082 biretum,
1841 1056 1982 1085 antequam
1997 1053 2070 1076 aliud
2086 1053 2157 1077 dicat
2168 1063 2192 1077 n.
2206 1066 2234 1071 —

368 1093 391 1117 3.
408 1094 456 1117 Ms.
471 1095 545 1117 addit
564 1103 570 1118 ι
593 1105 605 1115 κ
625 1095 696 1118 dieat
715 1104 738 1118 ι).
758 1109 788 1112 -
809 1095 834 1120 [4.
856 1096 990 1123 Quaedam
1011 1096 1105 1119 horum
1123 1096 1334 1127 juramentorum
1354 1097 1446 1120 endem
1466 1100 1527 1120 sunt
1546 1105 1576 1120 ac
1594 1097 1744 1128 juramenta
1765 1098 1825 1121 ante
1846 1098 1980 1121 licentiam
2000 1099 2171 1130 praestanda.
2195 1098 2235 1122 Cf.

370 1139 507 1165 chartul„
521 1140 552 1167 ΙΙ,
570 1148 595 1170 p.
612 1140 667 1164 6³⁷..
684 1145 712 1162 11⁰
727 1140 765 1163 25.

369 1288 511 1325 2236.
535 1298 644 1324 Paulus
658 1299 693 1324 de
706 1300 869 1334 Bonneffoy,
884 1300 1022 1334 magister·
1035 1300 1198 1327 Hebraicae
1208 1305 1236 1327 et
1251 1301 1428 1328 Chaldaicae
1439 1302 1556 1337 linguae
1569 1303 1598 1328 in
1617 1303 1806 1329 Universitate
1818 1304 1915 1330 Paris.
1928 1307 2052 1330 testatur
2066 1313 2097 1331 se
2110 1313 2128 1330 α
2138 1304 2234 1339 facul—

1593 1443 1668 1472 7424,
1683 1443 1769 1469 Martii
1783 1444 1819 1474 14,
1836 1443 1949 1470 Parisii&

460 1525 527 1548 Bihl.
544 1529 598 1549 nat.
615 1526 709 1554 Puris.,
722 1535 770 1550 ms.
783 1527 828 1550 lat.
845 1529 914 1557 5094,
930 1537 956 1559 p.
971 1529 1010 1551 lili.
1027 1542 1056 1546 —-
1069 1529 1167 1552 Nomen
1181 1529 1298 1561 ejusdem
1313 1533 1366 1553 tam
1379 1540 1392 1552 α
1404 1539 1435 1554 en
1451 1531 1527 1554 lettre
1540 1531 1571 1554 de
1587 1531 1717 1555 chrestien
1733 1541 1753 1559 ι),
1771 1531 1787 1555 i.
1805 1540 1827 1555 e.
1842 1531 1931 1560 latine,
1949 1540 2027 1563 quam
2040 1541 2053 1553 «
2069 1540 2101 1555 en
2116 1531 2207 1555 ebrieu
2220 1540 2234 1554 a

367 1569 545 1601 subscriptum
562 1573 610 1594 est.
625 1571 664 1594 Cs.
681 1572 827 1599 JornnAix,
844 1581 869 1603 p.
882 1573 936 1602 2116,
955 1577 1007 1597 not.
1026 1574 1048 1597 1.
1066 1574 1100 1597 De
1115 1583 1144 1597 eo
1161 1583 1243 1606 supra
1259 1579 1287 1598 n⁰
1302 1576 1373 1599 2186.

364 1772 508 1809 2237.
531 1783 655 1809 Articuli
673 1793 831 1810 communes
847 1785 888 1811 ad
902 1786 1024 1812 rotulum
1037 1788 1193 1813 secundum
1209 1789 1399 1825 principalem
1420 1790 1620 1816 Universitatis
1635 1791 1730 1817 Paris.
1750 1791 1876 1817 Mar-lino
1899 1791 2058 1825 Vmissum‚
2078 1794 2106 1817 et
2119 1800 2138 1817 α
2149 1799 2233 1828 papa

453 1832 498 1866 iiij
513 1832 569 1858 kal.
588 1833 691 1869 April„
708 1843 782 1859 (ιηιιο
800 1843 846 1867 vu,
862 1835 1016 1870 signatum.

1406 1876 1479 1905 7424,
1495 1877 1584 1902 Martii
1593 1877 1636 1906 29,
1654 1877 1716 1903 Hali
1729 1877 1767 1907 75,
1783 1878 1829 1908 25,
1845 1878 1946 1903 Romae.

456 1958 644 1991 Universis
666 1965 700 1991 et
721 1960 880 2004 singulis
895 1961 1081 1995 Johannes
1100 1963 1333 1996 miseratione
1350 1964 1470 1998 divina
1488 1965 1684 2010 episcopus
1701 1965 1885 1999 Ostiensis
1902 1966 1937 1998 S.
1956 1966 2057 1998 Rom.
2076 1965 2231 1999 ecclesie

364 2024 556 2058 cardinalis
578 2033 612 2058 et
636 2027 956 2061 vicecancellarius
979 2029 1130 2062 salutem
1154 2031 1188 2062 in
1216 2031 1371 2064 Domino
1393 2038 1427 2064 et
1451 2032 1685 2077 presentibus
1707 2032 1812 2066 fidem
1836 2032 2020 2066 indubiam
2042 2032 2228 2066 adhibere.

363 2091 453 2133 Quia
475 2092 571 2136 pium
595 2093 808 2127 extimamus
830 2102 861 2127 et
885 2096 1014 2128 rationi
1035 2098 1112 2129 sore
1134 2110 1350 2139 consonum,
1369 2099 1562 2144 perhibere
1584 2100 1831 2133 testimonium
1848 2100 2002 2142 veritati,
2020 2100 2063 2132 ad
2085 2100 2231 2134 univer-

364 2158 480 2191 sitatis
500 2166 621 2192 vestre
643 2161 804 2194 notitiam
829 2169 954 2195 tenore
977 2165 1201 2208 presentium
1225 2166 1440 2199 deducimus
1462 2174 1498 2199 et
1517 2167 1669 2200 firmiter
1688 2174 1900 2201 attestamur
1925 2167 2022 2212 quod
2044 2167 2231 2201 sanctissi-

364 2238 442 2259 mus
465 2227 500 2258 in
522 2227 668 2260 Christo
691 2235 791 2273 pater
807 2236 840 2262 et
863 2230 958 2262 dom.
979 2238 1104 2264 noster
1120 2233 1297 2266 Martinus
1319 2233 1439 2267 divina
1461 2235 1687 2279 providentia
1709 2247 1797 2280 papa
1814 2236 1844 2270 V
1861 2236 1897 2267 in
1918 2236 2092 2277 savorem,
2109 2241 2145 2268 et
2164 2247 2232 2280 pro

364 2293 587 2326 incremento
617 2296 871 2330 Universitatis
900 2298 1011 2330 studii
1042 2299 1261 2332 Parisiensis
1292 2301 1506 2334 doctoribus
1532 2309 1567 2334 et
1593 2303 1778 2347 magistris
1808 2302 1844 2335 in
1871 2302 1989 2335 rotulo
2011 2302 2097 2335 dicti
2118 2302 2230 2335 studii

363 2371 427 2403 per
444 2361 597 2393 eundem
617 2362 801 2395 dominum
821 2371 984 2397 nostrum
1003 2378 1127 2410 papam
1147 2367 1215 2401 sub
1233 2368 1311 2400 data
1330 2369 1379 2413 iiij
1398 2368 1467 2401 kal.
1485 2369 1624 2414 Aprilis
1641 2369 1872 2414 pontificatus
1889 2369 1946 2402 sui
1962 2381 2056 2402 anno
2073 2369 2233 2414 septimo

363 2427 504 2470 signato
526 2428 719 2474 descriptis
741 2432 923 2464 concessit
943 2439 1063 2465 certos
1084 2434 1269 2476 articulos,
1288 2436 1349 2480 qui
1371 2436 1415 2468 de
1438 2437 1603 2469 mandato
1624 2437 1741 2481 ipsius
1762 2437 1899 2469 domini
1921 2437 2036 2470 nostri
2056 2448 2147 2482 pape
2169 2437 2228 2470 die

363 2494 625 2537 quintadecima
647 2498 784 2529 mensis
806 2499 889 2530 Maii
915 2500 1146 2544 pontificatus
1172 2502 1335 2546 ejusdem
1362 2515 1456 2535 anno
1483 2504 1647 2548 predicto
1668 2505 1704 2536 in
1725 2516 1864 2537 camera
1889 2503 2087 2549 apostolica
2109 2503 2228 2549 publi-

363 2561 428 2592 cati
452 2562 608 2603 suerunt,
632 2570 667 2595 et
687 2576 841 2608 quorum
864 2572 1010 2600 tenores
1032 2575 1236 2613 sequuntur
1256 2570 1292 2601 in
1314 2569 1409 2603 hune
1432 2571 1590 2603 modum.

449 2629 505 2660 Ad
531 2637 649 2662 vestre
679 2632 877 2666 sanctitatis
905 2634 1176 2677 celsitudinem,
1204 2643 1304 2680 pater
1324 2637 1546 2679 beatissime,
1576 2645 1782 2683 presentem
1810 2638 1967 2672 rotulum
1993 2637 2228 2684 supplicatio-

364 2705 445 2726 num
468 2697 688 2739 quarundam
711 2700 936 2743 generalium
960 2708 994 2734 et
1021 2703 1231 2746 specialium
1255 2705 1467 2738 transmittit
1486 2712 1605 2739 vestra
1626 2705 1774 2739 humilis
1795 2713 1830 2739 et
1850 2706 1979 2739 devota
1999 2705 2072 2739 filia
2093 2706 2227 2750 primo-

363 2762 482 2804 genita
507 2764 730 2797 Universitas
759 2767 975 2800 l’arisIensis
1004 2795 1071 2810 ....,
1098 2770 1215 2814 ipsius
1237 2772 1433 2815 portitores
1454 2773 1497 2805 ad
1517 2774 1560 2806 V.
1585 2773 1620 2806 S.
1644 2785 1708 2818 pro
1734 2780 1834 2818 parte
1859 2773 2007 2806 humilis
2032 2785 2071 2805 ac
2097 2773 2227 2806 devote

363 2834 479 2859 vestii
504 2829 575 2862 filie
598 2833 731 2874 prefate
751 2834 1004 2867 Universitatis
1026 2837 1244 2870 Parisiensis
1266 2839 1466 2872 destinatos
1488 2840 1594 2873 solite
1616 2841 1841 2885 paternitatis
1857 2847 1977 2874 vestre
1998 2839 2226 2885 beneplacito

364 2895 547 2938 suscipiat,
566 2896 703 2940 placide
720 2899 850 2936 audiat,
870 2900 1028 2945 benigne
1046 2903 1162 2936 foveat
1183 2906 1219 2937 E.
1238 2906 1271 2937 S.
1286 2906 1345 2947 V.,
1360 2907 1522 2951 ipsorum
1539 2907 1646 2940 dietis
1663 2907 1770 2940 iidem
1788 2907 1983 2953 plenariam
2002 2906 2220 2941 adhibendO.

2479 2765 2502 3113 ¹..1Qiu-:da⁴j·..;.2.<:ffikz2.
2490 2701 2502 2750 ..2‘11
2490 2666 2500 2686 ¹,
2490 2596 2499 2621 ,u
2498 2567 2502 2585 ...
