2502 3418
1134 336 1301 359 TABULA.
2087 329 2151 361 769

284 406 2152 423 ——ss———ss—

282 452 342 475 2347
418 452 486 478 1430
565 453 663 484 Aprilis
679 454 717 482 24,
734 454 762 476 27
801 462 812 476 (ι
830 454 967 477 Decretum
985 462 1036 485 quo
1051 457 1159 476 cavetur
1181 462 1212 477 nc
1227 462 1341 485 unquam
1358 455 1404 478 fiat
1425 455 1588 486 dispensatio
1610 456 1736 486 temporis
1759 456 1839 479 studii
1860 456 1978 487 requisiti
2003 460 2062 479 ante

299 499 301 501 '
829 498 963 521 licentiam
976 497 1013 529 [in
1029 498 1182 529 theologia].
1202 508 1214 519 »
1228 515 2060 524 .................................
2106 502 2152 524 496

281 554 342 577 2348
432 568 463 572 —
589 555 688 586 Aprilis
709 556 738 579 27
798 555 936 579 Licentiati
948 555 975 578 in
992 556 1115 579 facultate
1129 556 1277 587 theologiae
1281 573 2061 582 ...............................
2107 559 2152 581 498

281 601 342 634 2'349
375 610 525 638 1429-1430
572 612 754 644 Octob.-Sept.
798 613 925 637 Cur-sores
941 613 967 636 in
984 614 1108 637 facultate
1122 614 1271 645 theologiae
1286 631 2061 639 ...............................
2106 616 2152 638 499

280 669 342 692 2350
417 668 484 695 1430
587 671 741 702 Septembre
799 671 966 694 Sententiarii
981 674 1006 694 et
1023 671 1115 694 Biblici
1129 671 1291 695 Parisienses
1304 689 2061 696 ..............................
2106 673 2152 695 499

280 727 339 750 2351
431 741 462 744 —
649 742 678 746 ·—
798 729 918 760 Magistri
929 733 1049 760 regentes
1065 729 1091 752 in
1107 730 1232 753 facultate
1246 730 1395 761 theologiae
1408 747 2060 755 ..........................
2107 731 2153 752 500

280 766 341 807 2552
431 797 462 802 —
570 786 635 810 Nov.
653 786 758 810 ineunte
797 787 918 818 Magistri
933 791 1053 818 regentes
1067 787 1200 810 facultatis
1217 787 1361 810 medicinae
1376 796 1419 811 an.
1440 788 1571 810 1430-1431
1592 804 2059 812 ...................
2107 789 2152 810 500

280 841 341 864 2353
431 855 462 860 —
570 844 725 868 Novembris
741 847 755 868 9
798 845 920 868 Doctores
936 849 1056 876 regentes
1070 845 1096 868 in
1113 846 1236 868 facultate
1256 845 1420 868 decretorum
1433 862 2060 870 .........................
2107 846 2152 867 500

280 899 341 922 2354
431 913 462 917 -
629 916 657 920 -
727 904 755 927 13
798 903 920 926 Bedellus
932 904 982 927 sac.
997 903 1077 927 theol.
1092 903 1172 926 solvit
1187 911 1266 926 unum
1287 903 1413 926 salutium
1437 903 1515 926 latori
1532 903 1681 926 litterarum
1703 903 1888 926 Universitatis
1907 903 1940 926 ad
1962 903 2061 926 curiam

829 949 972 971 Romanam
976 964 2060 972 ...........................................
2107 947 2151 970 501

279 1001 340 1024 2355
432 1015 460 1018 -
628 1020 656 1023 -
726 1006 755 1030 17
797 1006 910 1029 Vacante
924 1005 1082 1029 cancellaria
1095 1005 1247 1033 Parisiens„
1262 1005 1377 1028 Jacobus
1394 1005 1533 1028 Branlardi
1552 1005 1627 1028 illam
1648 1005 1685 1028 sic
1701 1008 1837 1028 vacantem
1853 1005 1944 1036 vigore
1959 1005 2061 1036 gratiae

827 1050 1019 1081 exspectativae
1031 1050 1087 1073 sive
1101 1049 1289 1072 nominationis
1305 1049 1393 1080 regiae
1409 1049 1565 1080 acceptavit.
1579 1049 1718 1080 Supplicat
1731 1050 1763 1072 de
1773 1049 1924 1080 provisione
1935 1049 2060 1080 ejusdem.
2107 1049 2150 1072 501

268 1103 340 1126 *235ss
431 1118 460 1121 -
628 1122 656 1125 —
725 1110 755 1132 23
796 1108 929 1132 Johnnnes
950 1107 1142 1139 Pulchripatris
1169 1107 1281 1130 Max-tino
1301 1108 1322 1130 V
1342 1107 1484 1138 supplicat,
1507 1110 1536 1130 ut
1559 1107 1610 1130 sihi
1632 1107 1813 1130 canonicatum
1836 1110 1861 1130 et
1877 1107 2061 1130 cancellariam

827 1152 953 1176 ecclesiae
967 1152 1063 1181 Paris„
1079 1155 1202 1175 vacantes
1218 1160 1264 1183 per
1281 1151 1382 1175 obitum
1397 1152 1515 1174 Andreae
1531 1152 1618 1179 Garet,
1633 1152 1758 1174 concedat
1776 1168 2060 1175 ............
2107 1152 2150 1174 501

278 1205 339 1228 2357
386 1223 389 1227 Α
430 1219 461 1224 ·-·
627 1225 656 1228 -
724 1212 761 1235 24·
796 1211 910 1234 Thomas
926 1210 957 1233 de
973 1209 1127 1238 Courcellis,
1143 1213 1230 1232 rector
1247 1209 1444 1238 Universitatis,
1459 1212 1579 1238 testatur,
1598 1209 1781 1238 Guium-mum,
1798 1209 1919 1232 abbatem
1943 1210 1969 1233 S.
1984 1210 2062 1232 Wan-

827 1254 967 1286 drigesilii,
980 1254 1062 1277 fuisse
1077 1262 1091 1277 a
1106 1254 1192 1277 tribus
1211 1253 1286 1277 annis
1303 1262 1394 1277 verum
1406 1254 1554 1276 scholarem
1570 1253 1596 1276 in
1612 1255 1660 1277 sac.
1681 1254 1768 1276 decret
1770 1271 2060 1278 ............
2108 1254 2152 1276 501

278 1307 339 1330 2358
430 1323 460 1326 -
570 1313 707 1337 Ju1.-N0v.
724 1315 754 1337 30
796 1313 938 1336 Processus
953 1315 1045 1335 contra
1059 1312 1206 1335 Johannem
1222 1312 1338 1342 Segueut
1353 1311 1386 1334 ab
1404 1311 1559 1342 inquisitore
1579 1311 1698 1334 Johanne
1718 1311 1863 1335 Graverent
1879 1312 2015 1343 Rotomagi
2037 1312 2061 1334 in

826 1365 905 1380 causa
922 1356 1138 1380 fideiinstitutus.
1148 1356 1259 1379 Articuli
1275 1356 1355 1379 etiam
1366 1355 1539 1379 Universitati
1554 1356 1638 1379 Paris.
1650 1356 1682 1378 ad
1695 1356 1897 1379 deliberandum
1913 1356 2061 1379 mittuntur.
2107 1356 2152 1378 502

277 1410 338 1433 2359
429 1425 459 1429 ·-
590 1416 736 1439 Novembre
796 1414 961 1438 Universitas
978 1415 1009 1438 de
1020 1414 1134 1445 quodam
1146 1422 1273 1445 processu
1288 1414 1348 1437 fidei
1365 1414 1390 1436 in
1403 1414 1485 1436 dioec.
1502 1413 1698 1436 constantiensi
1714 1413 1803 1436 habito
1820 1414 1949 1436 deliberat
1951 1431 2060 1438 .....
2108 1414 2153 1436 504

277 1467 338 1490 2330
429 1483 459 1486 -
647 1488 676 1491 -
796 1473 865 1504 Mag.
878 1472 1035 1497 Guillelmus
1053 1472 1136 1495 Erard
1156 1472 1274 1503 loquitur
1297 1471 1324 1494 in
1346 1472 1513 1494 Parlnmento
1538 1474 1629 1494 contra
1649 1471 1806 1494 Gauri-idum
1832 1471 1967 1501 Normant,
1991 1480 2061 1503 mag.

827 1517 993 1548 grammatic.
1010 1517 1035 1539 in
1051 1516 1169 1547 Collegio
1181 1517 1314 1539 Navarrae
1317 1533 2061 1540 ..............................
2108 1516 2153 1538 504

277 1570 336 1593 23⁶¹
431 1585 459 1590 ·-
590 1576 731 1600 Decembre
796 1574 951 1598 Ductoribus
964 1574 1088 1602 Graecae,
1105 1574 1249 1597 Hebruicae
1264 1577 1288 1596 et
1304 1573 1461 1596 Chaldaicae
1476 1573 1629 1604 linguarum
1645 1573 1671 1596 in
1688 1573 1864 1596 Universitate
1882 1573 2062 1597 subveniatur.
2108 1575 2152 1596 505

276 1628 338 1651 2362
375 1629 526 1656 1424-1430
556 1651 562 1657 .
579 1651 585 1657 .
606 1651 612 1657 .
629 1650 636 1657 .
656 1651 661 1657 .
683 1653 687 1657 .
709 1653 714 1657 .
734 1652 740 1657 .
759 1652 765 1658 .
796 1632 960 1656 Universitas
977 1633 1047 1663 apud
1063 1632 1155 1654 ducem
1169 1631 1326 1654 Bedsordiae
1342 1631 1521 1662 conqueritur,
1535 1631 1605 1662 quod
1620 1631 1752 1653 Johannes
1771 1631 1907 1662 Boucsgue
1921 1640 1935 1654 a
1953 1632 2062 1654 consilio

826 1677 897 1708 regis
910 1676 1096 1707 Rotomagensi
1112 1676 1209 1707 injuste
1222 1676 1348 1698 multatus
1362 1675 1396 1698 sit
1404 1692 1905 1700 ....................
1925 1693 1931 1697 .
1952 1693 2061 1699 .....
2108 1676 2152 1698 505

276 1730 338 1754 2363
371 1731 525 1757 1427-1430
556 1753 765 1761 .........
796 1735 962 1759 Universitas
977 1734 1067 1757 abbati
1079 1734 1258 1757 Fiscamnensi
1273 1733 1374 1761 scribit,
1392 1737 1420 1756 ut
1436 1733 1550 1756 Johanni
1567 1733 1713 1763 Bouesgue,
1730 1741 1807 1764 quem
1818 1733 1850 1756 ad
1866 1736 1970 1764 tempus
1984 1742 1996 1756 e
2007 1742 2062 1756 car-

826 1779 930 1803 ceribus
946 1778 1079 1807 liberavit,
1094 1779 1243 1802 libertatem
1260 1778 1390 1809 integram
1406 1778 1535 1800 condonet
1538 1794 2061 1802 .....................
2107 1778 2151 1800 507

276 1833 338 1856 2364
414 1833 478 1859 1431
594 1838 682 1861 Martii
698 1838 727 1861 10
796 1838 906 1861 Carolus
919 1837 965 1860 Vll
981 1837 1089 1859 mandat
1102 1844 1133 1859 ne
1146 1836 1273 1859 beneficia
1286 1835 1407 1858 vacantia
1423 1835 1482 1858 aliis
1498 1843 1577 1866 quam
1593 1835 1644 1858 sibi
1658 1835 1780 1858 fidelibus
1797 1835 1948 1858 tribuantur
1977 1853 1982 1859 .
2003 1852 2009 1858 .
2028 1853 2034 1859 .
2055 1853 2060 1858 .
2107 1836 2151 1858 507

277 1891 337 1929 2365
429 1905 458 1910 -
569 1895 668 1927 Aprilis
683 1897 706 1924 9,
724 1897 751 1919 21
795 1895 932 1919 Ordinatio
948 1895 1081 1918 facultatis
1097 1895 1262 1917 decretorum
1277 1894 1309 1917 de
1324 1894 1410 1916 rotulo
1426 1894 1534 1916 Romam
1550 1893 1680 1924 portando
1693 1910 2060 1918 ...............
2106 1893 2151 1915 508

276 1949 338 1987 2366
428 1963 459 1967 -·
590 1944 689 1984 Aprilis
705 1953 734 1976 27
796 1954 905 1977 Rotulus
922 1953 1024 1984 primus
1040 1952 1227 1976 Universitatis
1245 1952 1278 1974 ad
1300 1951 1446 1982 Eugenium
1463 1951 1495 1973 lv
1511 1951 1608 1974 missus
1633 1959 1648 1973 a
1670 1959 1772 1973 summo
1792 1951 1914 1981 pontifice
1930 1951 2059 1982 signatur.
2106 1951 2151 1973 508

276 2007 336 2030 2367
430 2021 457 2026 ·-
561 2010 637 2034 Circa
652 2010 713 2034 Maii
730 2011 760 2034 20
795 2011 994 2042 Assignationes
1007 2010 1222 2033 baccalareorum
1237 2009 1300 2033 ord.
1317 1993 1409 2033 Praed.
1426 2017 1473 2040 pro
1488 2009 1575 2031 studio
1591 2008 1733 2032 Parisiensi
1742 2026 2059 2033 .............
2106 2008 2151 2031 508

276 2065 337 2104 2668
428 2079 459 2083 -
608 2069 670 2092 Maii
686 2069 715 2091 28
794 2069 927 2093 ,lohannes
943 2068 1063 2092 Chuss'art
1079 2068 1196 2099 Eugenio
1212 2067 1244 2090 lV
1259 2067 1402 2098 supplicat,
1418 2070 1447 2089 ut
1459 2066 1509 2089 sibi
1525 2068 1643 2089 conserat
1656 2066 1841 2089 cancellariam
1857 2066 1930 2089 Paris
1950 2084 2059 2090 .....
2106 2066 2151 2088 509

1103 2161 1275 2185 Universizas
1289 2160 1459 2184 Parisiensis
1474 2164 1498 2183 et
1513 2160 1647 2184 Joharma
1662 2159 1755 2183 d'Arc.

1274 2219 1389 2244 (Continet
1401 2221 1435 2238 n⁰¹
1447 2219 1581 2242 2369-2390.)

277 2287 338 2322 2369
413 2287 480 2314 1429
516 2323 518 2325 Ι
565 2290 754 2321 Martio-April.
795 2291 939 2315 Ordinante
954 2291 1047 2314 Carolo
1067 2291 1109 2313 Vll
1124 2291 1213 2321 plures
1237 2289 1367 2320 magistri,
1391 2297 1503 2320 quorum
1525 2290 1578 2311 [ere
1598 2296 1687 2311 omnes
1708 2288 1846 2319 supposita
1874 2288 2058 2311 Universitatis

826 2336 918 2364 Paris.,
939 2344 986 2367 per
1006 2339 1059 2358 tres
1085 2337 1164 2358 ferme
1190 2334 1368 2357 hebdomadas
1385 2333 1508 2364 spiritum
1526 2333 1662 2356 johannae
1678 2333 1753 2355 d'Arc
1768 2332 1926 2360 examinant,
1949 2341 2059 2364 eumque

825 2381 932 2403 tandem
947 2380 1070 2411 probant.
1086 2380 1148 2402 Post
1161 2379 1300 2402 liberatam
1322 2378 1414 2401 urbem
1431 2378 1622 2405 Aurelianens„
1641 2377 1774 2400 Johannes
1791 2377 1890 2401 Gerson
1905 2380 1930 2399 et
1944 2377 2058 2400 Jacobus

826 2425 892 2449 Gelu
912 2424 1018 2455 scriptis
1036 2432 1084 2455 pro
1102 2424 1222 2447 Johanna
1238 2426 1372 2446 certarunt
1379 2438 1775 2446 ................
1796 2442 1800 2446 ,
1821 2438 2057 2446 ..........
2104 2422 2150 2445 514

277 2478 338 2501 2370
428 2492 460 2496 —
582 2481 737 2512 Septembre
795 2482 960 2506 Universitas
979 2482 1145 2506 Tractatum
1160 2483 1194 2505 de
1207 2482 1277 2505 bono
1292 2485 1316 2504 et
1331 2480 1459 2510 maliqno
1471 2480 1578 2509 spiritu
1595 2483 1686 2502 contra
1699 2479 1845 2501 Johannem
1862 2479 1937 2502 d'Arc
1953 2487 2057 2510 compo-

294 2524 296 2526 ·
438 2524 442 2529 ’
826 2527 872 2555 nit,
890 2527 931 2550 vel
949 2526 1179 2550 transcribendum
1197 2529 1272 2548 curat
1275 2540 2058 2549 ...............................
2105 2525 2149 2548 515

277 2581 336 2603 2371
433 2594 464 2598 -
560 2583 716 2606 Novembris
732 2584 762 2606 20
796 2584 960 2608 Universitas
973 2584 1068 2613 Paris„
1085 2592 1095 2607 (ι
1113 2592 1159 2606 seu
1175 2583 1262 2614 potius
1279 2582 1377 2605 inimici
1394 2582 1464 2613 regis
1483 2592 1495 2602 n
1510 2581 1606 2609 Caroli,
1630 2582 1738 2604 Romam
1754 2581 1865 2603 Martino
1886 2581 2058 2612 scripserunt,

826 2632 979 2652 accusantes
992 2629 1141 2652 Johnnnam
1163 2628 1238 2651 d’Arc
1263 2631 1291 2650 ut
1311 2626 1479 2649 haereticam.
1503 2627 1601 2649 Revera
1626 2626 1655 2649 la
1680 2625 1790 2649 Pucelle
1814 2634 1829 2648 a
1851 2626 2008 2656 quibusdam
2032 2630 2060 2649 ut

826 2674 958 2696 haeretica
973 2673 1093 2700 habetur,
1105 2681 1165 2695 cum
1173 2672 1260 2702 exigat
1277 2675 1304 2694 ut
1317 2671 1371 2694 suis
1384 2670 1471 2693 verbis
1485 2670 1550 2693 fides
1564 2670 1721 2692 adhibeatur
1733 2673 1758 2692 et
1768 2670 1923 2700 praetendat
1932 2678 1958 2693 se
1973 2671 2059 2693 sutura

826 2718 986 2749 praedicere.
1003 2717 1182 2740 Cancellarius
1199 2715 1384 2740 Universitatis
1405 2715 1473 2744 (Job.
1491 2714 1600 2743 Gerson)
1624 2718 1710 2737 tamen
1733 2714 1758 2736 in
1778 2714 1912 2737 Johannae
1935 2716 2059 2743 savorem,

826 2763 953 2785 honorem
968 2765 994 2785 et
1006 2752 1184 2784 desens’ionem
1199 2761 1329 2792 optimum
1341 2760 1439 2782 librum
1455 2759 1605 2789 composuit
1611 2775 2059 2783 ..................
2106 2761 2151 2783 515

278 2816 338 2839 2372
414 2815 480 2841 1430
586 2818 647 2841 Maii
661 2819 736 2842 25-26
797 2820 961 2843 Universitas
973 2819 1032 2842 duci
1045 2819 1213 2850 Burgundiae
1224 2818 1324 2846 scribit,
1335 2821 1363 2840 ut
1377 2817 1467 2840 Puella
1482 2816 1508 2839 in
1525 2825 1618 2839 manus
1631 2815 1750 2847 justitiae
1765 2816 1896 2839 Ecclesiae
1912 2817 2061 2840 remittatur

827 2868 905 2895 atque
920 2864 1035 2887 Parisios
1051 2871 1141 2887 secure
1153 2864 1273 2892 ducatur,
1286 2866 1310 2885 et
1326 2862 1371 2884 fiat
1386 2862 1408 2884 ei
1422 2869 1562 2892 processus
1576 2861 1607 2884 de
1619 2860 1735 2883 materiis
1746 2861 1824 2883 fidem
1833 2862 2060 2885 concernentibus.
2106 2863 2152 2886 516

402 2939 466 2956 w*
484 2937 582 2962 Chare.
604 2938 684 2963 Unio.
703 2940 798 2964 Paris.
817 2940 858 2963 iv.
2001 2939 2030 2961 ⁰⁷
