2502 3418
241 330 336 366 1408]
584 342 630 363 AB
666 341 771 362 ANNo
806 340 1096 362 MCGCLXXXXJV
1127 341 1258 368 usQUss
1295 341 1341 362 An
1376 342 1514 364 ANNUM
1550 344 1754 366 MCCCCLH.
2041 339 2098 370 159

242 459 382 496 1857.
406 469 460 492 Pro
477 466 618 492 Micliaele
634 466 671 492 du
688 466 763 499 Riez,
782 475 856 500 mag.
875 469 941 499 art„
964 466 1057 491 licent.
1074 470 1129 490 art.
1146 470 1172 491 et
1187 466 1263 491 bace.
1283 466 1398 498 decret„
1418 476 1471 492 ιιηο
1488 476 1502 492 e
1518 471 1642 502 quatuor
1652 469 1864 505 principalibus
1881 471 2008 497 librariis
2030 473 2098 497 Uni-

327 516 469 542 versitatis
484 516 579 542 Paris.
597 515 712 541 cautela
730 515 781 542 200
797 515 935 541 librarum
953 515 1152 550 interponitur.

1417 552 1492 581 7408.
1510 553 1627 579 Octobris
1645 554 1680 583 18,
1697 554 1812 580 Parisiis.

324 641 448 685 Andry
474 641 671 680 L’Eureux⁷
696 639 891 679 marchant,
919 638 1118 683 bourgeois
1149 639 1193 671 de
1223 639 1337 680 Paris,
1367 646 1401 672 et
1424 640 1526 673 Giles
1548 641 1722 682 Pavillon,
1745 642 1889 674 tailleur
1910 643 1953 674 de
1976 643 2096 685 robes,

235 708 434 753 bourgeois
460 707 503 740 de
526 707 638 747 Paris,
661 707 871 739 conscssent
893 718 962 750 que
984 706 1028 738 de
1057 706 1190 738 nouvel
1217 706 1363 738 maistre
1395 707 1542 739 Michiol
1573 708 1618 739 du
1653 708 1748 749 Riez,
1778 709 1923 741 maistre
1952 722 1996 741 en
2026 722 2096 751 ars,

234 775 386 808 licencie
411 786 455 807 en
484 774 563 818 loys
592 780 626 806 et
655 773 825 805 bacheler
851 785 894 805 cn
923 773 1059 813 decret,
1080 785 1096 804 a
1119 776 1195 805 este
1218 773 1279 805 fait
1300 780 1333 805 et
1360 777 1441 806 eree
1469 786 1516 806 un
1545 774 1609 807 dcs
1630 781 1754 819 quatre
1781 775 1947 808 libraires
1970 776 2099 820 princi-

234 841 340 886 paulx
365 841 409 874 de
437 840 671 874 l‘Universite
703 840 746 872 de
778 840 895 873 Paris.
925 841 964 871 Et
997 851 1131 884 pource
1163 839 1249 884 qu'il
1276 847 1331 872 est
1360 845 1570 873 acoustume
1601 854 1670 885 que
1691 842 1819 886 yceulx
1842 843 1945 886 jurez
1971 845 1988 875 a
2018 843 2097 875 leur

233 908 391 941 creation
413 907 564 940 baillent.
584 907 728 939 caution
750 907 794 939 de
816 907 910 938 deux
936 918 1023 939 cens
1044 906 1156 939 livres
1178 907 1322 951 parisis,
1345 907 1472 951 yeeulx
1494 908 1618 953 Andry
1639 915 1673 940 et.
1694 908 1811 950 Giles,
1836 911 1853 941 a
1874 909 1906 941 la
1927 916 2096 954 requeste

232 982 267 1007 et
293 975 412 1020 priore
439 974 542 1007 dudit
569 974 715 1006 maistre
742 973 889 1006 Michiel
920 973 1188 1005 s'establissent
1224 981 1256 1006 et
1290 974 1513 1007 constituent
1539 975 1680 1019 pleiges
1709 982 1744 1007 et
1772 976 1936 1008 cautious
1966 988 2095 1010 envers

229 1048 352 1074 nostre
369 1045 466 1073 mere
488 1040 722 1073 l’Universite
745 1040 788 1072 (le
810 1040 910 1072 Paris
927 1041 1084 1084 jusques
1106 1042 1123 1072 a
1144 1039 1253 1072 ladite
1276 1052 1413 1073 somme
1436 1041 1479 1073 de
1502 1041 1595 1074 deux
1617 1054 1703 1074 cens
1723 1042 1834 1075 livres
1856 1043 1987 1087 parisis
2004 1055 2096 1088 pour

230 1108 370 1140 fournir
391 1107 487 1140 droit
512 1114 546 1140 et
567 1107 738 1140 restituet*
759 1113 794 1139 et
815 1118 986 1151 repparer
1012 1113 1131 1139 tontes
1158 1106 1301 1147 saultes,
1323 1114 1597 1152 mesprentures
1623 1115 1655 1141 et
1682 1109 1865 1150 interestz7
1893 1121 1961 1153 que
1987 1110 2094 1142 ladite

231 1181 354 1207 nostre
385 1177 483 1207 inere
514 1174 748 1207 l'Universite
775 1185 821 1206 ou
847 1180 948 1206 autre
974 1173 1153 1214 auroient⁷
1176 1180 1211 1205 ct
1237 1174 1550 1207 soustiendroient
1575 1187 1637 1219 par
1661 1175 1693 1207 le
1723 1175 1785 1208 sait
1817 1175 1920 1208 dudit
1949 1176 2095 1209 maistre

230 1241 389 1282 Michiel,
417 1253 463 1273 ou
490 1241 552 1273 fait
580 1247 614 1273 et
643 1240 905 1285 deppendence
934 1240 977 1272 de
1009 1251 1075 1272 son
1104 1240 1155 1272 dit
1182 1240 1298 1279 office,
1330 1248 1364 1273 et
1390 1241 1505 1285 ycelle
1533 1253 1670 1274 somme
1692 1242 1736 1274 de
1762 1242 1855 1274 deux
1877 1254 1963 1275 cens
1984 1243 2094 1276 livres

230 1308 359 1353 parisis
388 1307 516 1353 yceulx
543 1307 668 1352 Andry
693 1307 795 1341 Giles
827 1313 861 1339 et
888 1306 1026 1339 chacun
1054 1319 1145 1351 pour
1175 1307 1208 1339 16
1236 1314 1311 1340 tout
1335 1308 1483 1352 gaigent.
1511 1315 1543 1340 et
1573 1315 1788 1352 promettent
1818 1309 1917 1353 paier
1944 1312 1961 1342 a
1985 1309 2093 1342 ladite

228 1381 352 1408 nostre
381 1379 478 1407 mere
509 1387 555 1407 ou
583 1387 625 1407 au
655 1381 817 1419 portenr,
841 1374 1032 1406 toutessoiz
1054 1385 1123 1417 que
1145 1373 1303 1419 besoing
1328 1387 1371 1406 eu
1395 1387 1487 1415 sera,
1512 1381 1731 1419 promettent
1750 1382 1781 1408 et
1805 1375 1969 1420 obligent
1989 1376 2092 1409 biens

227 1440 364 1474 chacun
386 1453 477 1486 pour
498 1441 530 1474 le
549 1448 638 1482 tout,
656 1447 723 1473 etc.
742 1441 817 1473 Fuit
832 1441 901 1473 l'an
918 1440 980 1472 mil
998 1440 1118 1473 CCCC
1137 1448 1171 1473 et
1191 1440 1280 1482 huit,
1302 1454 1341 1473 ce
1354 1442 1457 1485 jeudi
1480 1442 1538 1474 dix
1555 1442 1744 1486 huitjours
1763 1442 1967 1475 d'Octobre.

1151 1509 1197 1540 M.
1222 1509 1419 1540 DUBRUEiL.
1558 1509 1601 1541 G.
1626 1510 1756 1542 Pomm.

318 1606 396 1629 Arch.
413 1609 466 1629 unt.
483 1606 576 1634 Paris.y
594 1606 617 1628 M
631 1607 669 1633 68,
688 1610 715 1628 n⁰
731 1607 760 1629 89
776 1607 814 1635 (D.
833 1607 871 1629 18.
888 1608 939 1637 Π).
955 1619 985 1623 -
1003 1607 1084 1630 Actes
1104 1613 1279 1630 concernans
1299 1606 1322 1629 le
1334 1607 1454 1636 pouwtr
1472 1611 1497 1630 et
1515 1607 1543 1630 la
1564 1606 1697 1631 directton
1713 1607 1746 1630 de
1761 1606 1940 1631 Z'Um'versite'
1957 1609 1990 1631 de
2004 1608 2090 1632 Paris

224 1657 277 1676 sur
289 1651 328 1675 les
339 1651 503 1679 escrtvains,
520 1654 578 1678 eun,
593 1659 620 1681 p.
637 1651 675 1674 21.

229 1773 369 1810 1858.
396 1782 549 1808 Concilium
564 1782 730 1807 Parisiense
746 1781 885 1807 ecclesiae
904 1782 1072 1807 Gallicanae
1091 1785 1118 1807 et
1132 1782 1323 1818 Delphinatus
1340 1791 1386 1808 (ιιι.
1405 1783 1475 1809 1408
1490 1792 1507 1807 α
1525 1792 1618 1808 mense
1633 1783 1761 1817 Angusto
1782 1782 1955 1808 celebratum
1974 1783 2085 1808 modum

311 1834 415 1857 statuit
430 1831 604 1865 conferendi,
621 1831 808 1857 neutralitate
825 1831 955 1865 durante,
973 1831 1112 1866 beneficia
1130 1832 1195 1857 viris
1209 1831 1364 1866 gradualis
1380 1841 1414 1856 ac
1430 1832 1568 1857 litteratis
1588 1832 1721 1867 aliisque,
1741 1841 1774 1857 ne
1786 1836 1904 1868 propter
1916 1832 2086 1868 provisionis

311 1881 452 1915 defectam
467 1880 567 1906 stadia
583 1881 611 1906 in
627 1890 712 1915 regno
729 1881 870 1906 Franciao
883 1880 1069 1916 dissipentur.
1092 1881 1215 1906 Tandem
1235 1881 1331 1906 Octob.
1349 1882 1362 1907 1
1381 1881 1498 1916 quidam
1515 1881 1644 1916 episcopi
1666 1885 1692 1906 et
1710 1881 1831 1906 abbates
1847 1881 2082 1915 designabantur,

312 1930 414 1965 quibas
435 1929 637 1955 Universitates
654 1930 794 1955 Iv'raneiae
815 1929 925 1964 aliique
944 1938 1011 1954 suos
1032 1929 1139 1955 rotulos
1164 1929 1279 1955 tradere
1301 1929 1444 1963 deberent,
1469 1933 1496 1955 et
1516 1930 1565 1954 isti
1580 1929 1732 1955 collatores
1754 1930 1953 1964 beneficiorum
1975 1939 1990 1956 «
2007 1934 2084 1955 tene-

311 1979 415 2004 buntur
428 1978 583 2004 secandum
599 1978 726 2004 ordinem
743 1978 946 2004 nominationis
965 1982 991 2004 et
1007 1978 1204 2004 collocationis
1224 1978 1259 2004 cle
1276 1979 1421 2013 beneficiis
1438 1979 1606 2004 vacantibus
1671 1979 1823 2015 disponere
1840 1988 1865 2005 ».
1886 1979 1980 2005 Octob.
1997 1981 2021 2013 9,
2039 1980 2081 2013 16,

309 2029 343 2055 19
356 2032 511 2064 praeterea
527 2027 670 2063 quaedam
684 2027 881 2063 particularia
897 2027 1110 2053 statuebantur.

1225 2104 1301 2133 7408,
1318 2104 1384 2136 Any„
1403 2103 1487 2129 Octob.
1506 2105 1522 2132 7.
1541 2105 1564 2133 9,
1581 2105 1618 2133 76,
1635 2105 1671 2133 19,
1686 2105 1798 2130 Parisiis.

314 2192 381 2215 Bibl.
399 2195 452 2215 nat.
472 2191 566 2220 Paris.y
582 2200 631 2215 ms.
651 2192 697 2215 lat.
713 2192 797 2219 lllssli3,
815 2192 859 2215 sol.
877 2191 931 2216 15¹³:
948 2192 1023 2220 Bru,
1036 2192 1065 2220 V,
1080 2192 1134 2214 1827..
1150 2205 1179 2209 —
1194 2192 1262 2214 Inter
1278 2195 1338 2214 tunc
1355 2195 1506 2223 praesentes
1523 2193 1690 2214 nominantur
1705 2192 1763 2215 Joh.
1779 2192 1941 2221 Breviseoxe,
1956 2192 2082 2215 Henricus

219 2237 250 2260 de
266 2237 398 2268 Bragellu,
415 2245 485 2267 mag.
501 2237 590 2264 thcol.;
608 2237 698 2259 Petrus
715 2237 827 2264 Cochon,
844 2236 904 2259 Joh.
922 2236 1028 2266 Wnrini⁷
1046 2244 1116 2266 mag.
1132 2239 1192 2266 art⁴7
1209 2236 1252 2259 lic.
1269 2236 1294 2259 iu
1312 2237 1381 2259 decr.
1394 2250 1424 2253 —
1439 2237 1467 2259 In
1484 2237 1574 2259 eodem
1591 2237 1660 2264 msffl,
1678 2237 1722 2260 sul.
1739 2237 1781 2259 14¹1
1800 2237 1884 2266 (Utin,
1901 2245 1927 2267 p.
1945 2237 1997 2266 179)
2014 2236 2082 2259 inve-

219 2282 326 2304 niuntur
345 2290 355 2304 α
375 2281 480 2304 articuli
496 2289 647 2304 communes
666 2289 746 2312 snper
760 2281 957 2312 provisionibus
973 2281 1057 2312 quoad
1075 2281 1179 2303 modum
1196 2281 1350 2311 assignandi
1365 2290 1386 2305 υ.
1401 2281 1516 2304 Tandem
1534 2282 1578 2304 sol.
1594 2283 1696 2304 35'1-358
1713 2284 1854 2303 occurrunt
1868 2290 1878 2304 (τ
1895 2281 2080 2303 Atlvisamenta

219 2334 298 2357 super
314 2326 440 2357 regimine
456 2325 564 2349 ecclesie
580 2325 714 2349 Gallicane
730 2326 840 2348 durante
854 2326 1020 2348 ncutralitnte
1036 2325 1180 2348 deliberata
1194 2329 1219 2348 ct
1234 2326 1357 2348 conclusa
1370 2326 1487 2348 Pal-isius
1501 2334 1548 2356 per
1559 2326 1703 2349 Concilium
1717 2326 1824 2348 ecclesie
1840 2325 1976 2356 prelibate,
1990 2325 2079 2356 quintu

219 2379 301 2394 mens.
323 2370 478 2394 Novembris
501 2378 543 2393 an.
560 2370 634 2393 Dom.
652 2371 675 2393 M
687 2370 768 2393 CCCC
781 2371 852 2393 V1110
863 2379 885 2399 n,
905 2370 950 2393 ubi
966 2370 1044 2393 etiam
1065 2370 1096 2392 de
1116 2369 1266 2400 provisione
1284 2370 1479 2393 beneficiorum.
1498 2371 1593 2393 liudem
1610 2370 1635 2392 in
1652 2379 1700 2393 ms.
1717 2371 1762 2393 lat.
1779 2371 1848 2399 9739,
1872 2370 1916 2392 sol.
1938 2371 1991 2399 255,
2013 2370 2079 2392 25911.

218 2416 267 2439 Pro
285 2415 411 2440 Chartul.
428 2415 492 2438 haee
510 2418 649 2437 annotasse
663 2414 781 2438 sufficiat.

223 2559 362 2597 1859.
386 2568 523 2594 Facultas
538 2568 697 2594 medicinae
713 2577 785 2594 anas
802 2569 945 2604 resperias
961 2569 1002 2594 vel
1017 2578 1102 2594 unam
1114 2569 1288 2604 principium
1304 2568 1479 2594 solummodo
1494 2568 1615 2602 singtilis
1631 2568 1799 2603 septimanis
1812 2568 1878 2602 sieri
1887 2568 1979 2603 jubet.

1425 2656 1501 2684 1408,
1519 2654 1603 2680 Octob.
1621 2655 1662 2683 27,
1678 2654 1791 2680 Parisiis.

306 2745 416 2789 xxvij⁰
437 2745 495 2777 die
518 2744 688 2776 Octobris
706 2744 788 2776 anni
811 2743 969 2777 CCCCmi
991 2744 1106 2776 octavi
1128 2756 1192 2788 per
1212 2743 1416 2776 facultatem
1434 2743 1498 2775 suit
1520 2742 1729 2775 conclusum
1749 2742 1845 2786 quod
1862 2742 1943 2787 quia
1963 2742 2074 2787 aliqui

217 2810 395 2844 licenciati
428 2811 589 2855 incipere
620 2810 783 2843 volentes
805 2811 999 2855 magistros
1026 2811 1065 2843 ad
1094 2822 1178 2842 suas
1199 2810 1386 2854 vcsperias
1414 2816 1446 2841 et
1476 2809 1650 2853 principia
1681 2808 1952 2852 precipitabant,
1975 2816 2075 2842 actus

216 2877 393 2910 facultatis
421 2877 604 2910 solemnes
631 2877 895 2914 conculcandm
919 2889 963 2909 ne
985 2877 1138 2909 admodo
1161 2877 1229 2908 (luc
1255 2876 1421 2920 vesperie
1444 2875 1500 2908 vel
1527 2875 1636 2907 eciam
1661 2875 1731 2907 duo
1753 2875 1928 2919 principia
1949 2876 2072 2908 eadem
