2502 3418
401 332 482 353 xXVI
1186 329 1478 352 1N'1'RODUC'1'10.

399 406 529 441 mentis
545 405 815 441 el'ficientibus'.
836 407 1008 453 Legatum
1025 405 1156 440 summi
1174 404 1352 452 pontilicis
1368 405 1428 451 qui
1445 404 1488 440 ab
1504 415 1561 439 an.
1582 407 1687 448 1449,
1709 404 1908 451 Septemb.,
1926 405 1962 439 in
1980 405 2129 440 Francia
2144 416 2262 440 mora-

399 477 515 519 batur,
534 477 706 512 hactenus
722 477 955 512 nominabant
975 477 1181 524 episcopum
1203 476 1496 519 Minturnensem,
1516 475 1600 522 quia
1618 475 1819 524 d'Achery2
1835 475 1885 511 sic
1905 475 1998 524 typis
2017 476 2258 512 mandaverat.

398 550 446 584 De
462 548 679 584 Beaucou1·t⁵
695 548 799 584 etiam
818 548 894 595 ejus
911 559 1042 584 nomen
1063 547 1191 583 detexit
1212 558 1366 593 eumque
1382 550 1482 582 vocat
1496 546 1683 582 Jacobum.
1706 548 1750 582 At
1766 547 2020 583 Minturnensis
2035 548 2261 595 episcopatus

396 621 430 655 in
455 620 553 655 Italia
571 620 775 665 (Minturno)
789 620 862 666 jam
885 631 905 654 a
920 618 1083 666 pluribus
1099 618 1252 653 saeculis
1276 617 1436 653 sublatus
1455 622 1542 661 erat,
1561 629 1627 653 nec
1645 618 1749 653 eliam
1770 618 1894 653 titulus
1909 619 2019 666 hujus
2035 619 2260 666 episcopatus

394 691 562 738 cuiquam
580 690 775 726 honorifice
795 690 959 725 dabatur.
982 691 1113 725 Revera
1133 689 1312 736 d'Achery
1333 689 1425 723 male
1441 688 1538 736 legit,
1562 677 1646 724 cum¹
1671 703 1685 720 α
1705 689 1947 725 Mindonensis
1962 705 1976 722 »
2005 690 2257 737 (Mondofiedo,

393 762 425 797 in
455 761 635 809 Hispania)
660 761 849 808 legendum
882 765 986 795 esset.
1015 762 1058 795 Et
1085 760 1113 795 is
1142 760 1329 807 episcopus
1360 759 1603 795 Mindonensis
1637 763 1723 795 tunc
1751 759 1880 795 missus
1908 760 1945 796 in
1976 761 2161 797 Franciam
2188 774 2258 798 non

393 833 482 869 alius
504 832 567 867 suit
593 844 698 879 quam
719 834 931 867 ALPHoxsus
951 843 995 866 DE
1014 832 1156 867 SEGunA
1177 830 1236 877 qui
1254 831 1329 878 jam
1356 834 1473 874 antea,
1497 842 1580 866 cum
1601 834 1693 866 esset
1717 830 1871 866 decanus
1891 831 2098 877 Toletanus,
2121 833 2254 868 decret.

391 904 514 939 doctor
536 907 569 938 et
591 904 626 938 in
651 903 780 950 palatio
804 902 997 950 apostolico
1022 913 1210 937 causarum
1238 901 1389 944 auditor,
1416 902 1451 936 in
1476 901 1660 936 Franciam
1684 902 1819 949 legatus
1842 903 2040 938 destinatus
2063 904 2176 939 erat-4.

487 975 671 1010 Caeterum
686 974 741 1008 vix
757 985 944 1020 personam
962 973 1113 1020 alicujus
1130 972 1243 1007 famae
1259 973 1294 1007 in
1312 973 1545 1008 Universitate
1562 972 1748 1017 inveneris,
1768 985 1876 1020 quam
1896 974 1933 1009 in
1954 974 2048 1010 notis
2072 986 2146 1010 non
2163 987 2256 1011 nova

390 1046 562 1092 quaedam
580 1045 767 1080 illustrent.

1285 1139 1359 1175 VI

484 1260 670 1293 Rectorum
693 1257 823 1293 saeculi
839 1259 902 1293 XV
918 1257 1111 1293 elenchum
1134 1258 1294 1293 BULAEUS
1316 1256 1459 1303 edidit5‚
1486 1269 1507 1293 a
1521 1259 1663 1294 VALLET
1687 1270 1732 1293 DE
1754 1258 1965 1295 V1R1V1LLE⁶
1986 1260 2129 1304 iterum,
2155 1260 2256 1296 nulla

386 1333 519 1364 mutata
532 1341 630 1373 voce,
649 1340 869 1375 expressum.
890 1328 980 1363 Huic
1003 1329 1103 1375 quasi
1123 1328 1209 1363 sonti
1235 1329 1370 1375 optimo
1386 1329 1495 1364 fidem
1514 1329 1709 1365 indebitam
1732 1330 1933 1366 tribuerunt
1951 1331 2094 1375 eruditi,
2113 1332 2254 1378 quoties

385 1411 455 1445 quo
477 1402 636 1446 tempore
661 1400 830 1446 magister
852 1399 996 1446 quidam
1020 1399 1124 1434 suerit
1148 1403 1264 1434 rector
1287 1399 1528 1435 adnotandum
1555 1405 1642 1436 erat.
1670 1402 1748 1436 Non
1774 1401 1926 1437 Bulaeus
1952 1402 2028 1449 ipse
2052 1403 2252 1450 catalogum

384 1470 485 1505 illum
508 1470 759 1517 composuisse,
788 1470 851 1505 sed
873 1470 916 1506 ab
940 1470 1059 1517 ignoto
1084 1474 1293 1517 congestum
1316 1471 1546 1518 exscripsisse
1572 1471 1675 1507 nobis
1697 1472 1845 1516 videtur,
1873 1485 1954 1508 cum
1978 1473 2130 1509 lacunae
2153 1474 2254 1510 inve-

383 1542 525 1576 niantur
537 1545 570 1576 et
582 1553 651 1576 non
670 1553 749 1576 raro
766 1553 897 1576 nomen
912 1542 946 1576 in
961 1545 1057 1576 textu
1071 1541 1260 1576 voluminis
1277 1541 1471 1577 admissum
1488 1542 1583 1578 aliud
1601 1544 1645 1578 sit
1658 1555 1698 1579 ac
1713 1555 1846 1579 nomen
1858 1544 2006 1591 catalogi
2022 1545 2065 1580 ad
2080 1546 2251 1581 eumdem

383 1624 529 1647 annum.
545 1614 622 1647 Jam
638 1613 672 1647 in
688 1613 868 1655 Auctario,
888 1617 913 1647 t.
935 1614 961 1657 1,
981 1624 1038 1648 an.
1061 1615 1281 1656 1401-1407,
1297 1617 1476 1648 rectorum
1494 1614 1641 1649 nomina
1666 1615 1891 1651 emendando
1916 1627 1988 1651 non
2014 1617 2142 1661 semel,
2160 1617 2253 1653 dixi-

382 1696 461 1718 mus
482 1695 589 1730 quam
603 1684 871 1719 commenticius
893 1684 937 1719 sit
953 1684 1156 1731 praedictus
1170 1684 1356 1720 elenchus.
1376 1686 1477 1720 Nunc
1495 1686 1670 1721 sententia
1690 1690 1812 1722 nostra
1836 1687 2038 1723 certissima
2059 1688 2153 1724 facta
2180 1692 2249 1733 est,

383 1754 540 1790 sontibus
557 1754 703 1790 nomina
721 1755 788 1790 alia
803 1767 842 1790 ac
863 1755 1008 1790 nomina
1025 1755 1144 1791 Bulaei
1168 1756 1212 1791 ad
1228 1756 1373 1791 eosdem
1397 1767 1510 1792 annos
1539 1757 1865 1804 suppeditantibus;
1893 1770 1959 1794 nos
1987 1762 2122 1794 tantum
2153 1759 2251 1796 dolet

382 1826 477 1872 quod
498 1837 568 1860 non
597 1826 818 1873 singulorum
843 1837 1018 1861 annorum
1043 1830 1198 1862 rectores
1225 1826 1480 1871 invenerimus,
1508 1831 1545 1863 ut
1576 1828 1767 1863 elenchum
1799 1829 1920 1865 Bulaei
1946 1830 2093 1866 omnino
2125 1839 2250 1867 emen-

382 1896 561 1931 daremus.
579 1897 777 1932 Elenchum
793 1897 914 1932 Bulaei
937 1901 969 1932 et
998 1901 1158 1932 nostrum
1184 1909 1254 1933 una
1270 1898 1421 1934 edimus.
1451 1899 1605 1934 Nomina
1628 1900 1722 1947 apud
1747 1900 1917 1936 Bulaeum
1947 1901 2037 1937 salsa
2051 1901 2105 1938 vel
2122 1902 2251 1939 saltem

382 1967 606 2002 documentis
633 1968 762 2003 nostris
786 1979 857 2003 non
883 1968 1093 2004 confirmata
1118 1968 1291 2004 inclinatis
1316 1969 1437 2004 litteris
1461 1970 1721 2017 exprimuntur.
1749 1971 1803 2007 Ab
1830 1983 1886 2008 an.
1919 1975 2010 2008 1408
2036 1973 2244 2021 incipimus,

381 2038 465 2085 quia
487 2038 652 2085 copiosae
674 2038 804 2074 abhinc
834 2039 923 2074 siunt
952 2040 1239 2082 emendationes;
1270 2052 1393 2075 rursus
1422 2052 1492 2076 non
1524 2053 1606 2076 cum
1641 2053 1698 2077 an.
1734 2045 1825 2077 1452
1859 2044 2051 2079 terminum
2078 2044 2249 2089 facimus,

380 2109 441 2144 sed
469 2121 581 2155 usque
606 2110 649 2145 ad
679 2121 735 2145 an.
767 2112 857 2145 1464
885 2111 1081 2158 pergimus,
1104 2115 1144 2146 ut
1171 2111 1282 2147 nostri
1304 2111 1465 2147 Auctor-ii
1490 2116 1610 2147 tomus
1634 2114 1664 2147 ll
1691 2114 1815 2160 prosit.
1842 2116 1920 2149 Jam
1944 2119 2063 2151 caveat
2087 2116 2247 2152 monitus

379 2180 491 2215 lector
508 2192 552 2215 ne
576 2180 781 2216 nominibus
792 2185 971 2216 rectorum
988 2182 1024 2216 in
1045 2181 1120 2217 solo
1137 2182 1270 2217 Bulaeo
1286 2183 1556 2219 occurrentibus
1572 2187 1701 2228 utatur,
1721 2184 1851 2232 quippe
1872 2198 1963 2232 quae
1985 2187 2098 2223 multo
2114 2187 2244 2235 proba-

378 2250 484 2286 bilius
508 2251 596 2286 salsa
619 2251 701 2295 sint,
727 2251 852 2287 saltem
875 2252 910 2286 in
935 2252 1120 2287 decenniis
1144 2253 1336 2300 prioribus.
1364 2255 1509 2290 Numeri
1532 2255 1569 2290 in
1589 2259 1710 2290 nostro
1737 2256 1888 2292 elencho
1914 2258 2066 2305 oppositi
2091 2259 2242 2306 paginas

378 2322 548 2366 Auctorz'i,
566 2327 591 2358 t.
615 2324 658 2366 ll,
677 2322 890 2370 significant,
909 2323 976 2358 nisi
995 2324 1157 2359 Char-tul.
1177 2324 1339 2365 addatur,
1358 2336 1428 2371 quo
1445 2337 1526 2361 casu
1544 2326 1587 2361 ad
1605 2326 1782 2363 Clau-cul..
1796 2328 1864 2363 vol.
1884 2330 1930 2365 lv
1944 2329 1998 2364 vel
2012 2331 2056 2374 V,
2075 2330 2243 2366 refertur,

470 2458 491 2483 l.
508 2460 636 2487 Auctar.,
652 2458 686 2487 11,
702 2466 727 2490 p.
743 2458 798 2488 632,
816 2459 858 2488 163
871 2459 926 2489 633,
942 2459 985 2489 363
999 2459 1053 2490 635,
1067 2460 1125 2483 3-12
1139 2462 1164 2483 et
1178 2468 1202 2484 n.
1221 2461 1246 2491 1;
1261 2462 1399 2491 Chartul„
1413 2462 1459 2492 IV,
1472 2467 1501 2485 n⁰
1511 2462 1580 2486 2603.

468 2503 491 2526 2.
508 2502 700 2532 Spicileyium,
715 2503 742 2526 2³
757 2502 806 2530 ed„
823 2503 871 2533 ΙΙΙ,
884 2511 909 2535 p.
923 2503 979 2527 785.

468 2547 491 2569 3.
505 2547 576 2570 Hisc.
592 2548 626 2570 de
642 2547 756 2571 Charles
775 2547 835 2577 VII,
851 2549 871 2571 t.
886 2547 920 2576 V,
935 2556 961 2579 p.
976 2548 1089 2579 203-205,
1104 2550 1128 2572 et
1141 2549 1187 2578 VI,
1205 2549 1258 2574 555.

467 2591 489 2615 4.
504 2591 540 2614 De
552 2590 594 2614 his
605 2591 723 2614 omnibus
735 2591 760 2614 in
772 2593 900 2622 Auctor„
916 2592 950 2623 11,
965 2600 991 2624 p.
1007 2593 1062 2623 775,
1079 2601 1104 2616 n.
1120 2593 1146 2623 33
1164 2593 1190 2617 in
1208 2595 1344 2625 Chartul.‚
1358 2595 1404 2625 IV,
1420 2600 1448 2618 n⁰
1460 2595 1530 2619 2649.

467 2635 490 2659 5.
506 2635 536 2660 T.
552 2635 584 2663 V,
598 2643 623 2666 p.
639 2635 685 2659 919
700 2643 753 2667 sqq.

466 2680 488 2703 6.
503 2680 626 2704 Histoire
638 2681 671 2703 cle
683 2680 873 2705 [instruction
884 2681 1021 2712 publique
1036 2689 1070 2706 en
1086 2682 1208 2713 Europe,
1223 2691 1247 2714 p.
1264 2683 1310 2707 385
1322 2691 1359 2715 sq.
