2502 3418
369 327 435 360 348
950 340 1267 362 annTULAmUM
1302 339 1490 361 UN1VERS.
1528 340 1655 362 rmus.
2135 326 2235 364 [1418

370 411 451 444 dele
481 412 628 456 putavit.
661 413 733 446 Nec
759 425 851 457 opus
877 421 933 446 est
958 414 1094 447 referre
1116 414 1455 447 christianissimum
1478 414 1643 458 Pipinum
1667 415 1886 446 Francorum
1907 424 2030 458 regem
2057 412 2114 446 bis
2134 419 2234 446 trans

371 477 482 522 Alpes
509 479 685 512 adversus
711 479 940 525 Aistulphum
963 481 1110 525 impium
1139 493 1260 525 regem
1289 479 1613 525 Longobardorum
1636 480 1831 512 exercitum
1859 479 2027 512 duetasse
2054 486 2093 512 ut
2119 486 2234 513 terras

371 544 533 577 Ecclesie
563 545 606 578 ab
636 545 698 578 illo
730 547 871 579 tiranno
901 546 1090 585 liberarem
1121 559 1186 580 nec
1217 546 1432 579 arbitramur
1458 553 1626 591 oportere
1657 558 1699 578 ex
1724 544 1915 578 annalibus
1945 546 2096 578 recitare
2126 558 2234 592 reges

371 609 527 653 (etiamsi
549 611 638 645 libet
657 613 827 645 Karolum
846 614 1030 658 Magnum,
1048 614 1109 658 qui
1130 613 1359 646 Desiderium
1378 625 1500 658 regem
1518 613 1763 646 adversarium
1781 611 1936 645 ecclesie
1957 613 2115 646 Romane
2136 612 2233 646 bello

371 676 529 723 subegit,
554 679 848 723 pretermittere),
874 680 934 724 qui
956 680 1033 712 suis
1055 679 1240 712 derelictis
1262 679 1545 724 pertinentias(?)
1567 685 1688 712 sancte
1715 680 1873 711 Romane
1899 678 1998 712 sedis
2017 691 2035 712 a
2056 679 2234 713 crudelis-

370 743 471 776 simis
492 751 528 777 et
547 745 811 789 potentissimis
832 746 983 778 tirannis
1005 745 1262 779 liberaverunt.
1287 746 1377 778 Sunt
1397 745 1491 777 enim
1517 745 1626 789 hujus
1647 745 1785 778 Gallice
1807 745 1951 790 pietatis
1972 752 2008 778 et
2027 745 2232 779 devotionis

369 810 412 842 ad
439 817 594 843 sanctam
626 811 748 844 sedem
778 812 1010 856 apostolicam
1040 812 1124 845 libri
1156 812 1359 856 plenissimi
1387 818 1422 844 et
1450 812 1593 844 Damasi
1621 823 1724 856 pape,
1752 812 1943 853 Jeronimi,
1971 812 2168 858 Augustini
2198 819 2234 847 et

369 883 570 909 ceterorum
598 878 826 922 scriptorum.
856 879 985 911 Vestra
1015 890 1172 923 quoque,
1203 878 1411 911 beatissime
1441 884 1556 923 pater,
1583 878 1691 911 latius
1716 878 1968 923 complectitur
1987 879 2171 921 memoria,
2194 886 2234 912 ut

369 954 433 986 pro
465 944 620 976 Romana
642 944 771 976 virtute
797 945 896 988 juste
927 945 1124 988 sumpserit
1153 945 1306 985 animos,
1330 945 1470 977 tametsi
1500 944 1598 979 nulla
1629 945 1897 989 precessissent
1925 946 2063 987 merita,
2092 946 2232 980 afflictis

368 1008 478 1042 rebus
499 1010 585 1042 tanti
616 1010 719 1054 regni
747 1010 951 1043 consulere.
980 1011 1085 1053 Quod
1113 1023 1274 1056 congrue
1306 1010 1384 1043 fieri
1414 1023 1487 1043 non
1518 1017 1639 1056 potest
1668 1011 1698 1044 si
1729 1012 1765 1044 in
1794 1011 1927 1044 Italiam
1956 1012 2066 1045 fuerit
2090 1013 2232 1047 animus

367 1076 499 1108 curiam
523 1076 723 1109 traducere.
746 1077 887 1110 Videtis
909 1078 1003 1110 enim
1026 1078 1120 1110 inter
1141 1078 1212 1110 duo
1234 1090 1346 1123 regna
1367 1077 1502 1110 bellum
1525 1077 1617 1111 malo
1638 1078 1803 1123 germine
1824 1085 2038 1123 conceptum
2059 1079 2096 1112 in
2117 1080 2233 1113 sevis-

367 1141 490 1174 simam
512 1143 814 1175 concertationem
837 1143 1054 1177 adolevisse.
1078 1144 1168 1187 Quis
1196 1150 1316 1189 potest
1344 1144 1427 1177 huic
1453 1144 1625 1177 divisioni
1652 1145 1768 1190 magis
1794 1157 1986 1178 occurrere
2007 1157 2112 1190 quam
2134 1157 2232 1179 sum-

366 1220 445 1240 mus
467 1209 625 1240 omnium
648 1208 926 1242 christianorum
948 1212 1095 1255 pastor?
1116 1212 1159 1243 Et
1179 1222 1334 1255 quonam
1356 1211 1464 1243 modo
1490 1211 1635 1255 poterit,
1663 1211 1694 1244 si
1720 1223 1793 1244 non
1816 1212 1959 1254 viderit,
1987 1212 2229 1257 prospexerit,

365 1273 584 1307 intellexerit
603 1287 642 1307 ac
663 1287 755 1320 pene
777 1287 930 1320 presens
952 1277 1122 1318 extiterit,
1145 1277 1242 1322 quod
1263 1277 1419 1322 Alpibus
1441 1278 1534 1322 septi
1556 1285 1591 1311 et
1610 1290 1628 1311 a
1648 1278 1755 1311 nobis
1776 1279 1931 1323 sejuncti
1956 1279 2103 1312 minime
2129 1285 2230 1324 pote-

365 1340 466 1373 ritis?
491 1341 652 1386 Agnovit
675 1348 793 1375 vestra
819 1343 989 1376 sanctitas
1015 1343 1148 1388 quibus
1174 1343 1339 1376 cladibus
1369 1344 1511 1377 interne
1539 1344 1731 1378 divisionis
1757 1357 1911 1390 regnum
1935 1345 2004 1378 hoc
2025 1352 2081 1378 est
2100 1345 2231 1378 debili-

365 1413 484 1439 tatum.
518 1408 606 1441 Huic
632 1409 683 1441 rei
711 1415 831 1453 potest
858 1410 1008 1442 maxime
1030 1411 1074 1443 V.
1098 1411 1132 1443 S.
1156 1410 1339 1455 opitulari,
1362 1411 1459 1456 quod
1486 1418 1666 1456 oportuno
1694 1412 1781 1445 citra
1812 1418 1953 1445 montes
1979 1413 2109 1453 facere,
2137 1412 2230 1446 ultra

362 1480 503 1506 montes
529 1481 677 1519 propter
700 1475 903 1508 distantiam
931 1483 966 1509 et
989 1477 1159 1509 itinerum
1182 1477 1426 1510 difficultatem
1451 1490 1576 1523 parum
1597 1485 1729 1523 potest.

450 1541 656 1585 Propterea,
671 1541 954 1575 clementissime
970 1549 1081 1587 pater,
1094 1543 1222 1576 fideles
1237 1543 1373 1578 Christi
1390 1556 1407 1577 a
1423 1544 1528 1578 vobis
1543 1557 1665 1589 pacem
1681 1545 1835 1578 duorum
1851 1557 2047 1591 regnorum
2063 1551 2229 1590 petentes

361 1613 516 1639 vestram
538 1619 672 1640 moram
696 1608 782 1641 citra
803 1615 946 1642 montes
968 1616 1187 1654 exposcunt;
1212 1611 1315 1656 regni
1337 1623 1423 1643 vero
1445 1610 1572 1644 fideles
1594 1618 1629 1645 et
1653 1611 1786 1653 incole,
1808 1618 1847 1645 ut
1871 1624 1936 1657 pro
1958 1612 2117 1645 sedanda
2138 1612 2230 1646 divi-

362 1673 464 1705 sione
486 1673 682 1707 Galliarum
705 1687 817 1720 prope
839 1687 989 1720 regnum
1014 1689 1147 1709 moram
1170 1677 1304 1710 ducere
1320 1677 1454 1718 velitis,
1472 1685 1587 1720 orant,
1607 1678 1815 1724 supplicant
1833 1685 1868 1712 et
1889 1691 1953 1724 per
1974 1685 2226 1712 testamentum

360 1740 458 1784 pacis
480 1740 718 1774 obtestantur.
749 1742 938 1786 Equidem,
962 1742 1172 1776 beatissime
1194 1750 1306 1789 pater,
1329 1756 1409 1777 cum
1431 1757 1548 1790 nuper
1569 1746 1666 1778 omni
1688 1745 1882 1779 devotione
1903 1745 2068 1790 duplices
2089 1745 2228 1779 litteras

360 1805 574 1850 plumbatas,
600 1808 733 1841 veteris
760 1809 840 1841 date
866 1821 904 1841 ac
929 1810 1000 1842 ....¹
1024 1810 1085 1843 diu
1111 1817 1147 1843 et
1171 1803 1349 1844 inutiliter
1375 1818 1551 1857 receptas,
1578 1824 1596 1845 a
1622 1819 1741 1846 vestra
1763 1812 1955 1846 Sanctitate
1981 1813 2225 1857 suscepimus,

361 1873 586 1916 speravimus
618 1875 691 1918 jam
726 1875 817 1908 viam
852 1876 950 1919 pacis
981 1876 1151 1910 omnibus
1185 1878 1262 1910 sore
1295 1885 1466 1923 apertam.
1504 1879 1598 1924 Ipsis
1629 1879 1724 1912 enim
1755 1886 1790 1912 et
1823 1879 1998 1912 relatione
2028 1879 2224 1912 missorum

359 1946 561 1972 vestrorum
584 1953 651 1973 nos
673 1942 812 1974 moneri
837 1943 1075 1987 cognovimus
1099 1943 1215 1977 tribus
1238 1944 1348 1978 rebus
1369 1957 1514 1990 operam
1537 1946 1634 1987 dare,
1658 1946 1735 1991 paci
1760 1946 1877 1991 regni,
1899 1945 2056 1978 libertati
2077 1957 2116 1979 ac
2131 1945 2226 1990 juri-

359 2005 427 2038 bus
449 2006 603 2039 ecclesie
625 2009 796 2050 Romane,
821 2015 856 2041 et
879 2009 1093 2042 damnorum
1111 2011 1313 2056 aliquorum
1341 2012 1471 2045 civium
1493 2013 1723 2046 Januentium
1746 2013 1976 2058 reparationi.
2000 2012 2071 2046 Sed
2093 2011 2155 2045 ubi
2179 2012 2224 2045 de

358 2073 509 2105 transitu
532 2073 677 2119 Alpium
700 2082 853 2108 vestram
878 2076 1106 2109 Sanctitatem
1129 2090 1237 2123 agere
1259 2079 1512 2124 cognovimus,
1530 2080 1605 2113 sere
1627 2079 1670 2113 ab
1694 2080 1791 2112 omni
1813 2091 1877 2125 spe
1898 2079 2113 2113 decidimus.
2135 2080 2221 2112 Nam
2245 2071 2247 2073 ‚

358 2138 388 2170 si
410 2140 521 2172 Rome
541 2147 602 2173 aut
621 2141 657 2173 in
677 2141 793 2174 Ytalia
813 2154 908 2175 nunc
930 2150 1029 2176 esset
1047 2151 1166 2177 vestra
1188 2145 1390 2187 clementia,
1411 2153 1528 2179 tamen
1549 2146 1700 2180 deberet
1720 2147 1886 2192 protinus
1906 2146 1975 2179 huc
1996 2146 2176 2179 advolare.

446 2206 711 2241 Nichilominus
728 2208 827 2241 velut
847 2216 969 2242 sancte
991 2210 1199 2244 obedientie
1221 2212 1285 2244 filii
1301 2213 1406 2257 jussa
1425 2213 1623 2258 apostolica
1645 2225 1709 2258 pro
1733 2213 1878 2246 modulo
1900 2219 2024 2246 nostre
2044 2212 2223 2246 facultatis

358 2273 497 2305 executi
519 2285 657 2315 sumus,
682 2286 798 2319 usque
820 2276 909 2308 adeo
931 2283 970 2309 ut
999 2289 1071 2309 non
1100 2277 1308 2312 dubitemus
1329 2280 1549 2324 presentiam
1573 2287 1693 2314 vestre
1720 2280 1924 2313 Sanctitatis
1949 2291 2058 2325 posse
2080 2279 2222 2324 operari

357 2351 478 2383 pacem
500 2340 652 2373 istorum
674 2353 883 2386 regnorum,
907 2343 1094 2377 libertates
1119 2351 1154 2377 et
1169 2346 1251 2389 jura
1274 2346 1520 2380 ecclesiastica
1540 2347 1577 2379 in
1598 2347 1715 2380 lucem
1733 2347 1909 2380 reducere
1935 2353 1970 2379 et
1994 2357 2221 2391 quecumque

357 2407 548 2450 expetierit
574 2407 701 2452 placita
722 2407 765 2441 ab
786 2408 854 2441 hoc
876 2421 991 2454 regno
1013 2410 1191 2444 obtinere.
1215 2413 1321 2455 Quod
1346 2413 1439 2446 bene
1465 2414 1726 2447 intellexerunt
1751 2425 1986 2459 precessores
2010 2413 2138 2453 vestri,
2159 2413 2221 2458 qui

356 2472 443 2505 citra
473 2480 614 2506 montes
644 2475 779 2507 curiam
810 2475 1002 2516 habentes,
1031 2478 1236 2511 universam
1265 2479 1457 2513 ecclesiam
1487 2480 1643 2514 feliciter
1670 2492 1808 2514 rexere.
1840 2481 1920 2514 Non
1950 2480 2045 2513 enim
2077 2491 2222 2524 semper

357 2540 479 2580 Rome,
508 2541 573 2572 sed
601 2541 705 2574 etiam
726 2542 945 2576 Anthiochie
975 2545 1104 2577 Petrus
1133 2545 1338 2579 cathedram
1369 2547 1495 2580 habuit
1523 2548 1770 2592 apostolicam.
1801 2549 1874 2580 Nec
1904 2553 1973 2580 tam
2002 2546 2220 2580 universatis

355 2612 478 2649 pastor
497 2607 694 2649 videretur,
721 2609 752 2641 si
780 2609 831 2641 sic
860 2611 971 2642 Rome
998 2613 1205 2645 necessario
1227 2613 1321 2646 foret
1340 2613 1521 2659 alligatus.
1546 2615 1687 2648 Deinde
1708 2614 1848 2647 accedit
1866 2613 1950 2646 huic
1971 2613 2218 2658 oportunitati,

356 2671 453 2715 quod
474 2672 559 2704 citra
582 2680 721 2707 montes
743 2674 850 2708 habet
871 2676 1046 2710 Sanctitas
1069 2685 1189 2711 vestra
1210 2686 1325 2713 terras
1347 2680 1503 2713 ecclesie
1525 2682 1683 2714 Romane
1704 2681 1842 2726 opimas
1863 2687 1897 2713 et
1922 2691 2080 2721 amenas,
2103 2679 2220 2712 omni-

356 2736 424 2770 bus
445 2738 722 2772 christianorum
744 2742 943 2786 provinciis
965 2744 1053 2776 satis
1074 2751 1252 2789 patentes,
1269 2746 1440 2788 humiles,
1458 2754 1613 2792 pacatas,
1632 2747 1861 2789 obedientes,
1879 2753 1914 2780 et
1933 2753 1987 2780 tot
2000 2747 2074 2791 jam
2095 2745 2220 2779 laben-

356 2803 452 2836 tibus
474 2806 577 2838 annis
608 2808 788 2850 presentia
819 2810 949 2842 summi
979 2811 1161 2855 pontificis
1191 2813 1401 2846 nullatenus
1423 2814 1640 2847 consolatas.
1663 2815 1754 2848 Cum
1784 2815 1904 2859 itaque
1924 2813 2006 2847 talis
2037 2813 2083 2846 sit
2109 2812 2219 2857 hujus

355 2870 471 2915 regni,
491 2871 644 2905 ecclesie
662 2874 819 2907 Romane
838 2887 982 2921 semper
998 2877 1230 2920 deditissimi,
1250 2887 1284 2913 et
1304 2887 1373 2913 tam
1395 2880 1465 2914 late
1482 2888 1609 2926 patens
1625 2881 1782 2923 afflietio,
1799 2888 1839 2914 ut
1855 2881 1887 2914 ei
1903 2880 2072 2914 celeriter
2089 2879 2220 2912 debeat
