2502 3418
224 342 322 378 1415]
570 354 615 375 ΑΒ
650 353 754 375 ΑΝΝΟ
788 352 1080 375 MCCCLXXXXIV
1111 353 1242 382 USQUE
1278 356 1325 377 An
1360 356 1498 377 ANNUM
1535 357 1740 379 nccccmi.
2024 350 2086 382 297

224 435 341 461 menta
358 428 400 461 ad
422 427 487 460 hec
505 427 708 460 necessaria
728 426 862 458 fuerint
882 426 1049 470 primitus
1071 427 1245 468 instituta,
1265 429 1433 472 quoniam
1456 442 1611 474 papyrus
1633 443 1696 474 per
1713 438 1901 463 extraneos
1920 439 2087 464 mercato-

226 508 283 528 res
301 495 344 527 de
366 493 579 527 Lombardia
600 505 664 538 per
679 499 780 526 antea
797 492 909 525 multo
927 493 1044 525 carius
1061 493 1296 535 vendebatur,
1318 502 1352 527 et
1369 496 1465 539 quod
1483 508 1525 527 ex
1542 496 1677 528 eisdem
1703 497 1902 541 privilegiis
1919 498 2087 537 omnihus

226 560 520 606 impositionibus
548 566 583 592 et
612 559 801 604 quibusvis
831 558 911 591 aliis
942 559 1173 603 pecuniarum
1205 561 1452 593 exactionibus
1482 574 1546 594 seu
1569 562 1813 595 solutionibus
1835 575 1898 607 pro
1920 564 2086 597 factione.

226 628 406 672 emptione
437 633 471 659 et
496 626 703 659 venditione
734 626 856 670 papyri
884 625 1093 669 hujusmodi
1122 627 1190 670 ipsi
1221 634 1256 659 ct
1286 628 1341 659 sui
1373 628 1654 672 predecessores
1685 630 1856 673 papetarii
1887 630 2025 662 fuerant
2055 638 2086 662 et

227 701 327 727 erant
348 693 515 738 exempti,
538 693 654 737 quitti,
677 692 782 724 liberi
804 692 947 736 penitus
969 698 1004 724 et
1024 692 1203 725 immunes
1229 694 1373 738 pariter,
1398 694 1491 727 sicut
1518 695 1794 739 pergamenarii,
1817 695 1953 727 librarii
1976 703 2010 728 et
2030 696 2087 728 alii

221 761 331 805 jurati
353 760 479 796 nostri„
503 759 672 804 quodque
694 758 831 791 similes
853 765 1071 791 mercatores
1094 771 1157 791 scu
1179 760 1351 804 papetarii
1374 767 1538 805 tanquam
1562 761 1698 794 librarii
1724 768 1759 794 et
1780 762 1890 806 jurati
1913 763 2026 794 nostri
2047 762 2090 794 ab

227 827 458 871 impositione
491 833 525 858 et
559 825 743 858 exactione
776 832 898 857 contra
933 825 1128 867 firmarios,
1160 826 1391 870 impositione
1423 827 1613 860 duodecim
1642 828 1870 860 denariorum
1906 841 1969 872 pro
2002 828 2090 861 libra

228 905 344 926 coram
368 893 493 925 electis
515 899 547 925 et
569 892 827 925 eommissariis
849 904 892 924 ex
913 898 1011 936 parte
1033 892 1169 924 domini
1192 894 1306 926 nostri
1330 894 1426 939 regis
1448 895 1484 926 in
1506 894 1600 935 villa,
1624 895 1765 927 civitate
1787 901 1822 927 et
1842 895 1978 927 diocesi
2000 896 2092 927 Pari-

229 960 341 993 siensi
363 972 473 1004 super
493 960 584 992 facto
606 958 853 991 subsidiorum
876 959 1121 991 ordinatorum
1145 972 1209 1004 pro
1231 972 1373 1004 guerra,
1397 961 1491 1005 apud
1520 962 1687 993 Sanctum
1719 961 1875 1006 Eligium
1898 962 1933 993 in
1954 962 2092 1005 judicio

229 1026 506 1060 contradictorio
522 1026 664 1058 fuerant
679 1025 942 1058 sententialiter
958 1025 1126 1067 absoluti,
1146 1033 1253 1070 prout
1274 1039 1337 1071 per
1353 1034 1516 1071 patentes
1537 1028 1744 1072 hujusmodi
1763 1029 1940 1060 sententie
1958 1028 2094 1060 litteras

229 1094 336 1126 hodie
358 1105 476 1125 coram
498 1092 604 1125 nobis
626 1091 801 1125 exhibitas
832 1092 948 1124 tribus
979 1092 1111 1137 sigillis
1138 1092 1314 1125 dictorum
1337 1094 1666 1126 commissariorum
1690 1095 1725 1126 in
1747 1107 1826 1127 cera
1855 1094 1965 1127 rubea
1994 1095 2095 1139 sigil-

230 1160 329 1199 latas,
354 1172 457 1192 sanas
479 1166 514 1192 et
534 1159 707 1204 integras,
730 1165 765 1191 et
792 1159 835 1191 de
862 1159 940 1191 data
968 1159 1051 1191 anni
1083 1160 1180 1200 1389,
1210 1160 1266 1192 die
1300 1161 1469 1193 mercurii
1503 1161 1542 1194 18
1570 1161 1705 1193 mensis
1727 1162 1895 1205 Augusti,
1919 1162 2094 1206 premissa

230 1227 387 1259 vidimus
408 1226 552 1271 plenius
574 1226 763 1266 contineri,
786 1238 824 1258 ac
847 1225 952 1258 nobis
974 1226 1089 1258 extitit
1109 1226 1269 1271 legitime
1291 1228 1378 1259 facta
1401 1227 1503 1259 fides.
1530 1228 1707 1272 Quodque
1729 1228 1833 1260 etiam
1856 1241 1873 1260 a
1895 1228 1989 1260 dieto
2012 1235 2095 1260 tcm-

232 1306 319 1339 pore
341 1295 382 1327 60
403 1305 577 1326 annorum
605 1293 691 1325 citra
722 1293 758 1325 in
778 1293 887 1333 villis,
911 1293 1089 1337 passagiis
1120 1300 1155 1325 et
1183 1293 1262 1326 aliis
1293 1293 1397 1335 locis,
1420 1295 1456 1326 in
1486 1294 1618 1338 quibus
1650 1295 1785 1327 exactio
1817 1307 1880 1327 seu
1914 1295 2096 1339 impositio

233 1360 379 1393 aliarum
403 1366 682 1392 mercaturarum
700 1360 868 1404 exigitur,
889 1366 1005 1392 tamen
1026 1373 1043 1392 a
1065 1361 1276 1393 mercaturis
1298 1368 1333 1393 et
1353 1361 1614 1393 mercatoribus
1636 1362 1758 1406 papyri
1781 1368 1816 1393 et
1836 1368 1902 1393 tam
1926 1362 1962 1393 in
1984 1374 2096 1405 regno

234 1439 336 1472 quam
361 1433 457 1459 extra
479 1426 588 1459 nichil
610 1427 754 1471 penitus
776 1427 932 1471 exigitur·
950 1439 1014 1459 nec
1035 1427 1130 1471 exigi
1152 1428 1352 1460 consuevit.
1373 1428 1437 1459 sed
1459 1434 1657 1460 mercatura
1679 1434 1712 1460 ct
1734 1435 1952 1460 mercatores
1974 1428 2099 1473 hujus-

235 1494 331 1526 modi
353 1507 369 1526 a
392 1493 571 1526 solutione
593 1493 802 1538 hujusmodi
824 1500 856 1526 et
878 1493 1068 1538 quibusvis
1090 1494 1169 1526 aliis
1191 1494 1438 1527 exactionibus
1460 1496 1606 1527 suerunt
1627 1507 1771 1539 semper
1789 1502 1824 1527 et
1844 1507 1925 1527 esse
1948 1508 2101 1527 consue-

235 1567 364 1594 verunt
385 1561 500 1604 quitti,
524 1560 629 1592 liberi
652 1567 686 1593 et
706 1561 898 1600 immunes,
922 1560 1190 1601 nichilominus,
1222 1561 1315 1593 sicut
1346 1562 1505 1606 ipsorum
1534 1562 1791 1606 exponentium
1814 1562 1965 1594 assertio
1987 1562 2101 1594 conti-

237 1628 354 1663 nebat,
386 1634 469 1660 sunt
499 1627 663 1659 nonnulli
694 1627 925 1671 impositores
957 1640 1020 1659 seu
1052 1628 1295 1672 impositionis
1326 1628 1470 1660 firmarii
1504 1629 1547 1661 de
1580 1628 1780 1673 privilegiis
1811 1635 1845 1661 et
1875 1628 2102 1661 libertatibus

237 1694 445 1739 hujusmodi
467 1694 705 1739 ignorantiam
728 1694 996 1738 pretendentes,
1022 1695 1114 1727 sicut
1135 1695 1271 1735 dieunt,
1296 1702 1330 1727 et
1357 1696 1417 1739 qui
1449 1695 1516 1727 sub
1538 1695 1715 1728 velamine
1744 1702 1779 1727 et
1808 1702 1971 1740 pretextu
2000 1696 2103 1740 igno—

239 1762 351 1794 rantie
381 1761 544 1793 nituntur
569 1761 612 1793 de
643 1761 734 1793 sacto
765 1760 808 1793 ab
837 1761 973 1793 eisdem
1005 1761 1271 1805 exponentibus
1301 1762 1568 1806 impositionem
1601 1763 1639 1794 12
1671 1762 1794 1794 denar.
1827 1774 1890 1806 pro
1922 1762 2011 1794 libra
2042 1775 2104 1806 pro

238 1828 449 1860 mercaturis
471 1828 592 1872 papyri
615 1828 759 1872 exigere
788 1834 822 1860 et
851 1828 1023 1872 pecunias
1044 1835 1315 1872 extorquete...
1339 1829 1515 1871 Quocirca
1548 1841 1613 1861 nos
1720 1829 1884 1862 volentes
1915 1835 2104 1873 propterea

241 1908 285 1927 ne
312 1901 475 1939 pretextu
506 1895 708 1939 ignorantie
741 1894 926 1927 libertates
956 1901 991 1927 et
1020 1895 1209 1939 privilegia
1235 1902 1356 1928 nostra
1378 1895 1466 1928 tales
1489 1902 1522 1928 et
1544 1896 1753 1928 consimiles
1776 1896 1923 1928 firmarii
1947 1902 2107 1940 pretextu

243 1968 277 1994 et
298 1961 474 1994 velamine
495 1962 584 1993 facte
607 1967 666 1993 aut
686 1960 808 1994 fictitie
830 1961 1033 2005 ignorantie
1056 1962 1254 2007 infringere
1275 1974 1314 1994 ac
1336 1974 1446 2006 penas
1467 1968 1501 1994 et
1523 1963 1721 1995 sententias
1753 1963 1932 2006 predictas
1959 1966 2108 2002 [excom-

244 2028 509 2068 municationis]
539 2027 790 2060 damnabiliter
818 2029 1016 2069 incurrere,
1039 2041 1078 2060 ac
1103 2029 1234 2072 juratis
1263 2035 1298 2061 et
1328 2029 1527 2073 suppositis
1560 2029 1695 2061 nostris
1726 2029 1866 2066 damna,
1890 2029 2107 2073 gravamina.

243 2095 465 2135 vexationes,
487 2094 671 2127 molestias
700 2102 734 2127 et
758 2096 916 2139 jacturas
947 2096 1079 2127 inferre
1112 2108 1175 2127 scu
1207 2095 1417 2139 impendere
1446 2102 1667 2140 presumant,
1691 2096 1727 2127 in
1753 2095 1960 2139 hujusmodi
1990 2102 2109 2127 nostra

245 2161 404 2206 generali
428 2168 459 2193 et
483 2161 637 2194 solemni
658 2162 953 2206 congregatione,
973 2169 1107 2194 matura
1130 2161 1390 2194 deliberatione
1413 2162 1610 2206 prehabita,
1635 2174 1697 2206 per
1718 2169 1870 2205 quatuor
1892 2162 2054 2194 nationes
2077 2168 2110 2194 et

245 2228 445 2269 facultates,
468 2235 505 2260 ut
530 2228 641 2260 moris
663 2235 729 2268 est,
753 2228 983 2261 concorditer
1003 2228 1296 2269 deliberavimus,
1320 2228 1501 2261 voluimus
1532 2235 1565 2261 ct
1596 2228 1841 2260 conclusimus
1871 2229 1975 2260 dictis
2002 2241 2110 2272 expo-

248 2295 418 2328 nentibus
441 2301 475 2327 et
495 2295 575 2327 aliis
597 2296 796 2339 suppositis
827 2296 863 2327 in
893 2296 1082 2340 premissis
1113 2308 1176 2340 pro
1203 2296 1477 2328 conservatione
1506 2296 1682 2328 dictorum
1716 2295 1986 2339 privilegiorum
2014 2295 2108 2326 omni

249 2362 416 2407 possibili
438 2362 675 2394 dess'ensionis
696 2369 730 2394 et
751 2363 987 2406 protectionis
1009 2362 1169 2407 presidio
1191 2363 1374 2403 assistere,
1398 2369 1433 2395 et
1453 2375 1513 2394 eas
1536 2362 1570 2393 in
1592 2369 1622 2394 et
1652 2361 1719 2393 sub
1746 2361 1967 2405 protectione
1990 2368 2110 2393 nostra

250 2436 283 2461 et
306 2429 527 2473 salvagardia
550 2428 697 2472 speciali
718 2441 932 2461 conservare
960 2436 993 2461 et
1018 2429 1062 2461 ad
1083 2441 1188 2461 omne
1210 2429 1359 2461 dubium
1387 2435 1421 2461 et
1450 2428 1659 2472 scrupulum
1687 2427 1913 2472 singulorum
1941 2428 2113 2472 deinceps

251 2497 287 2528 in
309 2502 521 2541 perpetuum
545 2495 756 2536 tollendum,
780 2496 880 2540 ipsos
902 2503 1124 2540 exponentes
1147 2503 1181 2528 et
1201 2496 1290 2528 alios
1316 2496 1518 2540 papetarios
1547 2502 1579 2527 et
1611 2495 1732 2539 papyri
1761 2501 1977 2526 mercatores
2000 2494 2114 2527 volui-

253 2575 344 2600 mus,
364 2562 625 2595 declaravimus
647 2569 681 2594 et
701 2562 941 2603 decrevimus,
963 2563 1144 2603 volumus,
1164 2562 1386 2594 declaramus
1404 2569 1438 2594 et
1455 2562 1684 2594 decernimus
1706 2573 1768 2605 per
1790 2567 1978 2605 presentes
2000 2562 2112 2593 suisse

253 2636 285 2661 et
308 2642 389 2661 esse
411 2629 454 2661 de
478 2629 661 2661 consortio
684 2635 718 2661 et
740 2641 888 2661 numero
905 2630 1107 2673 juratorum
1135 2636 1165 2661 et
1196 2629 1468 2673 suppositorum
1498 2635 1703 2660 nostrorum
1731 2634 1763 2659 et
1795 2628 1894 2671 ipsos
1922 2628 2057 2659 eisdem
2082 2635 2115 2659 et

254 2695 435 2728 similibus
463 2695 678 2740 privilegiis,
701 2695 905 2728 sranehisiis
935 2703 966 2727 et
998 2695 1225 2727 libertatibus
1257 2696 1305 2727 uti
1340 2701 1373 2727 et
1405 2695 1562 2739 gaudere
1594 2706 1700 2737 posse
1728 2700 1762 2725 et
1791 2693 1936 2733 debere,
1962 2706 2025 2726 nec
2055 2706 2118 2738 per

255 2774 504 2807 quoscumque
533 2762 708 2794 firmarios
740 2762 970 2806 impositores
1003 2769 1059 2794 aut
1094 2768 1278 2794 exactores
1311 2761 1400 2793 alios
1433 2761 1568 2793 ratione
1590 2760 1810 2792 venditionis
1836 2759 1892 2792 vel
1923 2761 2116 2804 emptionis

257 2830 377 2874 papyri
413 2841 520 2873 posse
548 2829 604 2861 vel
636 2828 769 2861 debere
801 2828 1070 2873 quomodolibet
1106 2828 1287 2860 molestari
1387 2839 1512 2859 omnes
1539 2834 1572 2859 et
1599 2826 1777 2870 singulos,
1801 2827 1992 2859 universos
2020 2828 2116 2871 prin-

258 2896 370 2940 cipes,
393 2896 555 2931 comites,
580 2895 747 2936 barones,
770 2895 916 2936 milites,
947 2901 1025 2936 etc„
1054 2902 1185 2927 attente
1218 2895 1444 2938 requirentes
1471 2900 1501 2925 et
1526 2899 1695 2938 rogantes
1803 2899 1979 2937 quatenus
2002 2893 2117 2926 dictos

380 2957 444 2972 *¹⁶³⁶*
463 2955 557 2977 Chart.
579 2953 657 2977 Unio.
677 2953 769 2977 Paris.
790 2953 830 2976 tv.
1967 2952 1995 2973 38
