2502 3418
403 357 469 389 204
985 366 1306 388 CHARTULARIUM
1340 365 1531 388 UNIVERS.
1568 365 1696 388 rmus.
2175 351 2272 388 [1411

412 483 551 519 1917.
581 493 754 518 Universitas
770 501 787 517 α
803 492 930 517 Iohanne
948 493 1046 517 XXIII
1057 496 1193 526 quattuor
1205 492 1278 527 petit
1293 501 1302 517 :
1317 493 1347 517 1⁰
1361 496 1391 517 ut
1407 491 1514 517 bullam
1531 490 1695 516 Alexandr-i
1716 492 1738 516 V
1747 499 1799 526 pro
1818 490 2050 516 Mendicantibus
2070 490 2182 515 omnino
2201 498 2275 516 revo-

495 545 556 571 cet,-
571 542 599 567 2⁰
616 545 645 566 ut
661 541 814 566 Concilium
833 541 993 576 prozimum
1008 541 1035 565 in
1052 540 1147 566 Gallia
1164 540 1336 574 celebretur,-
1350 541 1380 566 3⁰
1394 549 1428 566 ne
1444 540 1603 575 suppositis
1623 539 1821 565 Universitcztis
1837 543 1957 565 noceant
1972 538 2125 564 atztidatae
2142 538 2276 572 familia-

496 590 575 615 ribus
591 599 743 616 concessae
759 594 785 615 et
801 594 830 615 11!
846 590 969 623 quintus
986 590 1125 615 articulus
1137 589 1280 623 signetur;
1298 590 1327 615 4⁰
1343 593 1372 614 ul
1384 589 1510 614 Parisiis
1518 588 1613 623 judex
1624 597 1674 614 seu
1691 588 1813 613 vicarius
1828 588 1998 613 instituatur
2009 588 2058 622 qui
2071 587 2276 613 controversias

497 639 532 665 de
549 639 694 673 beneficiis
712 639 739 664 in
754 647 838 672 regno
855 638 995 663 Franciae
1011 638 1073 663 sine
1086 638 1167 663 curia
1184 637 1444 672 Bomanajudicet.

1618 686 1681 714 1411,
1695 688 1758 718 post
1771 686 1857 718 April..
1872 685 1987 711 ParIslls.

497 776 697 808 Clementia
714 782 847 814 vestra,
866 774 1076 806 beatissime
1098 780 1210 818 pater,
1229 773 1339 806 multa
1362 773 1469 806 nobis
1489 785 1527 805 ac
1548 773 1685 805 nostris
1707 772 1750 805 ab
1771 772 1875 805 initio
1895 772 2058 816 gloriose
2079 773 2274 806 creationis

406 849 526 874 vestre
547 842 735 886 hucusque
756 841 882 885 largita
905 847 960 873 est
986 846 1093 884 atque
1120 840 1156 872 in
1177 839 1306 884 amplis
1335 840 1531 884 gratiarum
1554 838 1767 871 muneribus
1793 850 1876 871 sese
1904 839 2117 872 monstravit
2143 839 2275 872 libera-

407 908 489 940 lem.
513 909 674 950 Quatuor
694 914 827 940 tantum
851 913 999 946 restant,
1024 918 1094 950 que
1115 906 1145 938 si
1165 912 1285 938 vestra
1307 906 1478 938 sanctitas
1500 904 1605 949 plane
1626 905 1829 937 concedere
1850 905 2013 938 renuerit
2039 912 2099 938 aut
2128 906 2275 950 quovis-

407 975 514 1007 modo
537 974 730 1013 distulerit,
761 985 829 1017 quc
858 972 964 1005 nobis
992 972 1106 1016 gratie
1136 972 1226 1004 facte
1254 978 1339 1004 sunt
1365 971 1503 1004 nullius
1523 970 1745 1004 videbuntur
1769 971 1946 1004 utilitatis.
1979 973 2115 1004 Horum
2137 972 2209 1005 duo
2230 972 2274 1005 ad

406 1041 518 1073 decus
539 1040 621 1072 fidei
645 1046 808 1084 spectant
829 1045 863 1071 et
884 1045 1018 1071 rectum
1042 1038 1225 1079 ordinem3
1249 1038 1388 1083 reliqua
1409 1050 1495 1071 vero
1517 1037 1561 1069 ad
1582 1037 1788 1070 universam
1806 1038 1984 1082 justitiam
2009 1045 2044 1071 et
2064 1045 2273 1071 nostrorum

406 1107 587 1151 pertinent
607 1106 740 1151 gratias
762 1105 1048 1150 suppositorum.

493 1173 586 1205 Illud
608 1173 728 1216 itaque
751 1172 904 1216 primum
929 1178 983 1204 est
1004 1171 1088 1203 fidei
1111 1178 1146 1204 et
1168 1171 1418 1204 ecclesiastico
1447 1173 1618 1217 regimini
1648 1173 1896 1216 conjunctum,
1925 1171 2022 1216 quod
2053 1171 2274 1205 novitatibus

404 1239 502 1272 bulle
524 1238 817 1271 Mendicantibus
839 1250 903 1283 per
919 1237 979 1270 sel.
999 1250 1071 1270 rec.
1090 1237 1335 1270 Alexandrum
1358 1251 1483 1283 papam
1506 1240 1671 1284 quintum
1694 1239 1994 1284 predecessorem
2012 1245 2172 1271 vestrum
2193 1250 2276 1271 con-

403 1318 505 1338 cesse
526 1306 745 1345 continetur,
764 1317 853 1349 quas
872 1305 1049 1338 novitates
1072 1305 1218 1349 penitus
1240 1305 1346 1338 evelli
1368 1312 1475 1350 atque
1492 1306 1641 1351 sepeliri
1657 1307 1729 1350 jam
1752 1306 1814 1338 diu
1836 1305 2112 1350 postulavimus.
2134 1306 2181 1338 Ut
2201 1317 2274 1338 non

401 1373 548 1417 gravius
577 1372 752 1412 dicamus,
777 1371 994 1404 videbantur
1024 1371 1131 1403 nobis
1159 1371 1424 1405 intollerabiles
1451 1379 1486 1405 et
1512 1373 1623 1405 totius
1645 1372 1786 1405 ordinis
1811 1372 2051 1405 ecclesiastici
2079 1371 2272 1413 turbative,

403 1439 499 1483 quod
522 1451 600 1471 cum
625 1445 723 1471 esset
738 1446 860 1471 vestre
882 1438 1062 1470 sanctitati
1084 1437 1218 1470 clarius
1239 1445 1417 1482 apertum,
1435 1439 1540 1471 etiam
1558 1446 1748 1484 antequam
1771 1439 1814 1472 ad
1835 1450 2015 1472 summum
2033 1438 2273 1483 apostolatum

401 1505 694 1546 assumeremini,
713 1505 800 1537 satis
822 1511 858 1537 ut
881 1517 944 1549 per
965 1504 1106 1549 legatos
1128 1511 1275 1537 nostros
1297 1505 1544 1538 intelleximus
1565 1506 1626 1539 tali
1647 1505 1746 1538 bulle
1767 1505 1942 1550 signastis
1965 1505 2174 1538 nullatenus
2191 1516 2273 1538 esse

401 1572 650 1604 deserendum.
675 1571 814 1603 Deinde
836 1570 969 1603 bullam
991 1571 1094 1603 aliam
1118 1571 1286 1612 dedistis,
1304 1584 1377 1604 non
1395 1572 1510 1616 prime
1528 1572 1799 1614 revocatoriam,
1818 1578 1858 1605 ut
1877 1571 2103 1617 petebamus,
2122 1571 2187 1604 sed
2204 1583 2274 1616 que

401 1638 494 1670 illam
519 1638 668 1682 primam
692 1637 932 1682 periculosam
956 1644 1062 1682 atque
1090 1638 1331 1682 perniciosam
1354 1650 1421 1671 nec
1442 1639 1661 1684 approbaret
1687 1651 1753 1672 nec
1780 1638 2004 1684 reprobaret.
2034 1638 2174 1671 Idcirco
2200 1650 2274 1671 non

402 1712 487 1737 sunt
507 1705 646 1749 precisa
668 1711 719 1737 tot
741 1711 775 1737 et
799 1711 892 1737 tanta
915 1704 1096 1745 scandala,
1115 1717 1185 1749 que
1206 1704 1308 1738 brevi
1331 1712 1494 1750 tempore
1517 1706 1676 1751 predicta
1697 1705 1795 1739 bulla
1815 1705 2014 1751 generavit,
2034 1704 2167 1750 quibus
2188 1704 2275 1738 abo-

402 1772 521 1804 lendis
543 1771 627 1804 fidei
649 1771 786 1804 Christi
812 1771 983 1816 religiosa
1005 1771 1120 1816 pietas
1140 1772 1362 1816 compellere
1384 1772 1494 1805 debet
1514 1780 1670 1806 vestram
1692 1772 1991 1813 sollicitudinem,
2014 1783 2080 1804 nec
2102 1771 2146 1804 ad
2168 1771 2273 1804 talem

401 1838 535 1870 bullam
558 1838 800 1870 revocandum
825 1845 1014 1882 expectare
1036 1838 1143 1871 debet
1164 1845 1285 1872 vestra
1307 1840 1492 1876 sanctitas,
1515 1852 1708 1884 quousque
1728 1839 1858 1872 alienis
1878 1838 2050 1884 precibus
2076 1838 2242 1883 pulsetur
2262 1850 2272 1871 ·.

401 1904 660 1937 nichilominus
691 1911 808 1937 tamen
838 1916 918 1942 nos,
949 1905 1010 1949 qui
1042 1905 1238 1949 predictam
1269 1905 1404 1938 bullam
1435 1918 1515 1939 cum
1546 1913 1642 1940 recta
1671 1906 1893 1939 conscientia
1920 1905 2076 1950 amplius
2104 1904 2273 1938 tollerare

401 1983 474 2004 non
504 1983 713 2016 possumus,
742 1971 989 2015 supplicamus
1016 1979 1135 2004 vestre
1164 1973 1342 2005 sanctitati
1372 1979 1410 2006 ut
1437 1973 1540 2006 aliam
1569 1973 1703 2006 bullam
1732 1972 1941 2006 concedatis
1972 1984 2036 2017 per
2060 1972 2272 2005 universum

401 2038 524 2071 orbem
548 2037 816 2082 publicandam,
835 2050 904 2082 que
926 2037 1021 2070 illam
1045 2039 1202 2083 priorem
1226 2040 1503 2084 predecessoris
1519 2041 1630 2073 vestri
1650 2040 1789 2081 recitet,
1812 2051 1876 2084 per
1893 2050 2105 2084 expressum
2127 2044 2274 2071 revocet

404 2112 438 2138 et
458 2105 606 2146 anullet,
627 2116 740 2150 penas
762 2104 810 2136 ibi
833 2105 990 2149 adjectas
1008 2105 1241 2138 decernendo
1259 2106 1393 2139 nullam
1412 2106 1578 2140 obtinere
1598 2107 1743 2140 roboris
1760 2106 1977 2147 firmitatem,
1995 2105 2169 2138 articulos
2185 2117 2272 2138 vero

403 2172 545 2205 noviter
567 2171 824 2216 superadditos
845 2171 887 2203 ad
910 2171 1063 2204 Consilii
1086 2172 1269 2216 generalis
1285 2173 1463 2217 judicium
1486 2174 1720 2207 reservando.
1741 2175 1820 2206 Non
1841 2180 1909 2214 est,
1926 2172 2136 2205 beatissime
2158 2178 2270 2217 pater,

402 2239 656 2271 inconsuetum
674 2244 734 2270 aut
753 2237 954 2270 inauditum
974 2238 1117 2271 decreta
1136 2239 1296 2283 priorum
1320 2240 1530 2284 pontificum
1553 2253 1617 2286 per
1635 2241 1858 2285 posteriores
1875 2239 2022 2284 corrigi,
2040 2238 2272 2283 interpretari

402 2312 462 2338 aut
491 2305 635 2350 penitus
663 2304 933 2349 ant1llari,y1no
956 2311 1010 2337 est
1038 2305 1191 2349 plurima
1218 2306 1323 2338 laude
1350 2307 1516 2352 dignum,
1545 2314 1579 2340 et
1606 2319 1878 2352 nonnumquam
1907 2306 2167 2339 necessarium.
2199 2306 2271 2337 Nec

402 2372 468 2404 ista
486 2372 666 2404 revocatio
689 2371 801 2403 decus
822 2371 959 2403 minuet
980 2372 1091 2403 vestri
1114 2372 1403 2416 predecessoris,
1424 2375 1616 2418 presertim
1638 2387 1717 2407 cum
1741 2374 1902 2419 predicta
1923 2373 2021 2406 bulla
2043 2379 2165 2417 preter
2181 2371 2272 2404 deli-

404 2439 625 2471 berationem
649 2439 728 2482 ejus
757 2444 792 2470 et
820 2438 912 2470 sacri
934 2437 1081 2482 collegii
1103 2438 1324 2471 voluntatem
1348 2440 1487 2473 dicatur
1508 2453 1589 2474 esse
1618 2441 1803 2486 subrepta,
1830 2441 1891 2485 qui
1921 2440 2041 2480 etiam,
2071 2439 2101 2471 si
2129 2450 2171 2471 ex
2192 2439 2271 2483 ejus

403 2505 599 2538 deliberata
616 2511 749 2543 mente,
768 2504 865 2549 quod
886 2504 992 2544 absit,
1011 2505 1256 2549 processisset
1273 2513 1307 2538 et
1324 2506 1440 2539 adhuc
1457 2508 1563 2540 vitam
1581 2508 1723 2541 mortali
1744 2514 1841 2541 sorte
1858 2513 1995 2553 ageret,
2014 2518 2088 2539 eam
2108 2505 2270 2550 profecto

401 2578 554 2616 cogente
575 2571 659 2603 fidei
682 2571 884 2604 reverentia
906 2578 1102 2604 revocaret.

492 2638 695 2670 Secundum
720 2645 786 2678 est,
815 2644 853 2670 ut
874 2638 960 2670 citra
983 2644 1125 2671 montes
1153 2639 1325 2681 generale
1346 2640 1548 2673 Concilium
1575 2642 1611 2673 in
1635 2642 1788 2674 termino
1814 2641 1908 2673 Pisis
1936 2651 2052 2684 nuper
2077 2638 2269 2683 prestituto

402 2704 641 2745 celcbretur¹,
660 2711 794 2737 attento
813 2705 911 2749 quod
928 2704 1105 2745 Galli[c]is
1126 2717 1236 2749 grave
1253 2716 1352 2738 esset
1371 2713 1405 2739 et
1422 2714 1570 2752 propter
1590 2707 1685 2741 bella
1702 2708 1810 2741 nimis
1826 2706 2071 2752 periculosum
2087 2705 2131 2737 ad
2147 2704 2269 2737 Ytalas

404 2778 523 2815 parles
547 2771 737 2812 accedere,
762 2771 907 2812 deinde,
931 2771 1029 2815 quod
1051 2783 1124 2803 non
1145 2772 1191 2804 ita
1213 2773 1402 2805 commode
1424 2780 1663 2807 tractarentur
1683 2775 1852 2819 [negotia]
1874 2773 2054 2818 Hyspanie
2076 2784 2118 2804 ex
2138 2770 2267 2811 Ytalis,

404 2837 506 2869 sicud
529 2849 570 2869 ex
591 2837 787 2882 Cisalpinis
810 2837 989 2882 partibus3
1014 2845 1086 2870 tum
1110 2845 1296 2883 postremo
1318 2840 1416 2884 quod
1446 2840 1604 2885 singulis
1631 2841 1794 2886 partibus
1820 2839 2093 2873 christianitatis
2114 2838 2269 2871 alterna-

402 2904 498 2936 tione
521 2904 670 2948 quadam
699 2903 849 2936 honoris
872 2904 1132 2949 dignitatisque
1159 2905 1355 2938 deseretur.
1383 2907 1546 2948 Accedit,
1572 2914 1610 2940 ut
1630 2908 1828 2941 Galliarum
1856 2907 2011 2940 confinia
2031 2905 2160 2946 Ytalis,
2186 2904 2269 2936 Ala-
