2502 3418
261 331 357 368 1435]
609 344 655 366 AB
690 344 796 366 ANNO
831 344 1120 366 MCCCLxxxxw
1154 344 1285 373 USQUE
1316 345 1364 366 An
1399 344 1537 367 ANNUM
1573 346 1778 368 mccccmr.
2063 339 2126 372 569

258 418 302 451 de
324 419 422 451 clero
453 426 488 452 et
509 419 642 464 populo
674 431 819 464 semper
852 418 981 451 habeat
1004 419 1040 451 in
1071 431 1135 451 sua
1157 418 1404 452 benivolentia
1427 426 1459 452 ct
1482 419 1679 453 dilectione
1700 433 1738 453 ae
1771 422 2125 455 recommendatione

250 486 425 531 vspeciali;
461 487 686 531 offerantque
722 486 1003 519 Universitatem
1033 493 1067 518 et
1097 486 1242 530 seipsos
1267 486 1309 518 ad
1339 486 1392 518 eis
1423 486 1728 519 subscrvicndum
1761 495 1795 520 et
1824 488 2059 521 laborandum
2090 490 2125 522 in

254 553 321 586 hae
343 553 490 586 materia
516 554 614 598 pacis
635 565 700 598 pro
723 553 819 585 omni
842 565 951 597 posse
973 564 1053 594 suo,
1076 559 1111 585 et
1130 553 1334 585 faciendum
1358 554 1536 598 quidquid
1562 566 1626 598 pre
1655 555 1802 598 negotio
1829 555 1983 587 feliciter
2008 556 2126 588 termi-

256 621 376 653 nando
404 618 520 654 visiun
558 620 667 653 suerit
698 620 885 665 expedire,
916 620 1258 653 recommendantes
1288 620 1475 653 humiliter
1505 621 1785 654 Universitatem
1823 628 1855 654 ct
1892 622 2010 654 omnia
2045 624 2124 667 ejus

256 688 446 733 supposita
467 688 583 732 gratie
603 688 802 731 majestatis
824 687 925 732 regie
948 694 983 719 et
1003 687 1296 720 dominaeionum
1320 699 1479 720 suarum.

344 754 507 788 Adibunt
535 761 699 799 preterea
726 754 923 799 supradicti
945 754 1228 787 ambassiatores
1250 755 1538 787 illustrissimum
1562 755 1762 800 principem
1786 755 1881 788 dom.
1913 757 2125 801 Burgundio

251 821 405 863 dueenn'
425 829 459 854 et
479 821 657 866 imprimis
678 822 813 866 gratias
834 828 942 866 agent
963 833 1075 866 super
1096 821 1319 867 diligeneiis7
1342 822 1544 864 laboribus⁷
1575 835 1666 867 quos
1689 835 1752 855 sua
1775 823 1954 856 celsitudo
1978 824 2124 856 exibere

251 888 404 932 dignata
429 895 484 921 est
505 901 569 933 pro
600 888 660 921 illa
687 888 925 921 celeberrima
952 889 1201 922 convencione
1223 889 1454 931 celebranda7
1483 890 1526 922 ad
1562 889 1668 922 finem
1705 890 1804 934 pacis
1834 890 2020 923 reddende
2041 890 2124 923 huic

254 955 525 989 desolatissimo
548 968 675 1001 regno,
699 968 769 1001 que
785 957 859 1000 jam
881 956 970 989 adeo
993 956 1223 989 neccessaria
1245 968 1327 989 esse
1349 957 1646 1001 conspicitulgiut
1669 957 1806 1002 linguis
1828 957 2014 990 hominum
2037 959 2124 991 satis

255 1023 426 1068 explicari
449 1035 521 1056 non
543 1023 673 1068 possit.
703 1022 925 1056 Laudabitur
944 1024 1195 1056 misericordia
1217 1025 1296 1068 ejus
1318 1031 1351 1056 et
1372 1023 1617 1056 habundantia
1639 1024 1798 1057 caritatis
1820 1037 1888 1069 qua
1919 1037 1961 1057 ex
1987 1025 2124 1058 intimis

252 1090 459 1123 ›visceribils
480 1091 697 1135 compatitur
719 1091 866 1123 miserie
897 1091 1021 1135 populi
1046 1090 1341 1123 christianissimi
1367 1092 1470 1136 regni
1499 1091 1620 1135 liujus,
1645 1103 1708 1136 pro
1735 1093 1839 1136 cnjus
1867 1091 2123 1125 consolacione

255 1168 321 1190 nec
338 1157 483 1190 labores
501 1169 567 1190 nec
591 1169 791 1202 expenssas
813 1158 976 1202 perferre
998 1165 1154 1190 recusat.
1177 1159 1425 1203 Poteruntque
1444 1158 1576 1190 ibidem
1600 1159 1709 1191 multa
1732 1159 1802 1191 dici
1825 1159 1868 1191 de
1890 1159 2123 1192 desolacione

254 1223 363 1268 hujus
385 1225 502 1269 regni,
526 1224 570 1257 de
593 1225 842 1257 destructione
865 1231 899 1258 et
920 1225 1124 1269 principum
1144 1231 1178 1257 et
1201 1224 1342 1266 militie,
1366 1231 1401 1257 et
1423 1225 1657 1258 ecclesiarum
1687 1238 1726 1258 ac
1749 1226 1979 1270 populorum⁷
2002 1226 2124 1259 multi-

254 1291 379 1324 tudine
405 1292 599 1333 scelerum,
622 1293 898 1337 perpetracione
927 1292 1087 1324 omnium
1114 1292 1303 1334 maloi-uim
1327 1293 1577 1325 destructione
1605 1300 1639 1325 et
1667 1293 1939 1326 intermissione
1962 1294 2121 1327 omnium

253 1358 446 1400 bonorum,
469 1366 575 1404 prout
607 1359 777 1404 superius
809 1371 1021 1404 expressum
1058 1366 1125 1400 cst,
1162 1360 1321 1400 mutatis,
1345 1360 1477 1392 additis
1508 1366 1565 1392 aut
1595 1360 1783 1393 diminutis
1812 1373 1881 1405 que
1902 1361 2124 1394 videbuntur

254 1426 438 1471 expedire.
463 1428 506 1459 Et
526 1426 659 1459 deinde
681 1427 895 1459 ostendatur
920 1433 1092 1471 quantum
1114 1426 1167 1459 illi
1194 1427 1356 1471 proderit
1378 1427 1421 1459 ad
1444 1434 1603 1459 eternam
1626 1427 1791 1468 salutem,
1822 1434 2026 1473 quantaque
2054 1428 2124 1461 sibi

255 1493 371 1539 gloria
392 1506 511 1527 coram
534 1495 610 1526 Deo
632 1500 668 1526 et
687 1493 897 1526 hominibus
919 1506 1065 1538 semper
1087 1494 1166 1535 erit,
1190 1506 1228 1526 ac
1250 1495 1315 1527 toti
1337 1506 1401 1527 sue
1423 1495 1593 1539 prosapie
1621 1495 1864 1536 inclitissimo,
1895 1496 1924 1527 si
1953 1496 1996 1528 ad
2024 1508 2124 1528 suam

255 1561 556 1606 prosecucionem
582 1562 789 1606 precipuum
819 1573 993 1606 suamque
1025 1562 1330 1594 intercessionem
1365 1574 1443 1594 cum
1478 1562 1663 1594 indefessa
1696 1563 1967 1606 perseverantia
2005 1563 2125 1596 divina

255 1629 447 1661 miseracio
466 1641 588 1673 pacem
607 1628 835 1674 principibus
854 1629 997 1661 dederit
1012 1635 1118 1673 atque
1136 1629 1295 1673 populis⁷
1315 1641 1420 1673 quam
1438 1629 1803 1673 insuperjocundum
1821 1630 1888 1662 erit
1909 1630 1980 1662 sibi
2000 1630 2125 1663 videre

253 1695 384 1729 diebus
406 1696 482 1729 suis
498 1695 567 1729 hoc
588 1708 741 1741 regnum
764 1696 1120 1737 christianissimum⁷
1144 1697 1248 1741 cujus
1266 1697 1344 1741 ipse
1367 1703 1399 1729 et
1422 1697 1594 1741 indigena
1616 1703 1648 1729 et
1674 1696 1875 1729 membrum
1898 1697 2125 1742 preclarissi-

255 1775 351 1796 mum
374 1763 506 1805 existit,
525 1764 598 1808 jam
619 1764 663 1796 ad
687 1776 809 1808 pacem
839 1771 874 1796 et
898 1776 1004 1796 omne
1026 1763 1160 1796 bonum
1184 1764 1339 1804 restitui7
1370 1764 1467 1808 quod
1491 1764 1570 1808 ipse
1604 1764 1711 1796 tantis
1742 1764 1778 1796 in
1800 1764 2063 1797 calamitatibus
2092 1772 2126 1798 et

253 1831 434 1875 angustiis
456 1831 692 1864 constitutum
720 1831 872 1864 invenit.
900 1831 1144 1876 Finaliterque
1176 1831 1403 1871 suadebitur,
1433 1837 1470 1863 ut
1504 1831 1602 1875 quod
1638 1832 1715 1875 ipse
1752 1831 1845 1863 bene
1882 1831 2065 1865 inchoavit
2091 1839 2126 1865 et

253 1898 421 1940 feliciter⁷
443 1898 575 1931 melius
596 1899 808 1931 continuare
831 1905 866 1931 et
886 1899 1020 1944 optime
1043 1910 1295 1931 consummare
1317 1904 1432 1939 curet⁷
1456 1899 1552 1930 omni
1577 1898 1698 1931 studio
1723 1905 1755 1931 et
1778 1898 1972 1943 diligencia
1995 1900 2124 1932 mediis

254 1966 353 2011 pacis
371 1966 569 2010 querendis
586 1972 621 1999 et
642 1966 874 1999 inveniendis
897 1978 1043 2011 operam
1067 1966 1244 2007 tribuens,
1272 1972 1309 1998 ut
1334 1978 1406 1998 non
1429 1966 1636 2006 incas[s]um
1656 1972 1707 1998 tot
1723 1965 1881 2007 labor-cs,
1902 1973 1950 1999 tot
1969 1967 2126 2011 (11113011-

256 2033 342 2074 cias,
371 2040 422 2066 tot
443 2033 698 2066 solicitudines
724 2034 934 2078 suscepisse
963 2034 1218 2078 comperiatur.
1238 2033 1410 2065 Finaliter
1438 2033 1588 2065 offerant
1610 2033 1820 2065 celsitudini
1843 2034 2005 2077 ejusdem
2029 2034 2123 2066 dom.

257 2101 360 2133 ducis
382 2101 662 2134 Universitatem
685 2107 720 2134 ct
742 2101 930 2146 supposita
952 2102 1030 2145 ejus
1048 2101 1090 2133 ad
1113 2100 1181 2132 sibi
1206 2100 1510 2133 subserviendum
1533 2101 1567 2132 in
1589 2100 1652 2132 hac
1679 2113 1716 2132 re
1739 2113 1817 2132 cum
1844 2113 1981 2133 summa
2006 2114 2125 2146 prom-

257 2169 411 2201 titudine
433 2175 468 2201 et
496 2168 702 2201 omnimoda
727 2169 916 2201 ass'ectione
936 2169 1036 2213 juxta
1065 2180 1208 2200 omnem
1240 2167 1517 2212 possibilitatem
1543 2179 1657 2208 suam,
1688 2169 2027 2201 recommendantes
2055 2168 2124 2201 sibi

257 2247 402 2281 semper
423 2236 537 2280 ipsam
559 2236 854 2277 Universitatem‚
877 2236 967 2268 sicut
985 2236 1080 2281 apud
1102 2236 1192 2268 alios
1215 2235 1414 2267 dicebatur.

346 2304 476 2337 Coram
493 2303 622 2348 legatis
644 2303 735 2336 sacri
758 2303 931 2337 Consilii²
955 2316 994 2336 ac
1016 2303 1120 2336 etiam
1145 2303 1239 2335 dom.
1264 2303 1379 2335 nostri
1406 2303 1534 2335 summi
1558 2302 1761 2347 pontificis³
1786 2302 1971 2336 habebunt
1994 2316 2127 2348 propo-

258 2383 345 2404 nere
367 2371 496 2416 primo,
520 2371 805 2415 congratulando
827 2371 996 2404 adventui
1018 2371 1178 2415 ipsorum
1198 2371 1233 2402 in
1255 2370 1322 2402 1100
1344 2370 1651 2402 desolatissimum
1671 2381 1822 2413 regnum
1840 2370 1883 2402 ad
1898 2370 2125 2403 liberandum

259 2437 433 2483 populum
456 2438 601 2470 Domini
622 2450 639 2470 a
661 2438 738 2471 suis
759 2438 1022 2471 calamitatibus
1046 2445 1081 2471 et
1110 2438 1289 2482 angustiis
1312 2449 1375 2482 per
1398 2437 1645 2469 reddicioncm
1677 2437 1987 2470 desideratissime
2014 2438 2124 2482 pacis,

260 2505 491 2550 regratiando
513 2517 556 2537 ex
577 2511 675 2550 parte
698 2505 953 2539 Universitatis
975 2506 1028 2538 eis
1046 2505 1107 2550 qui
1130 2512 1197 2537 tam
1222 2505 1406 2537 solemnes
1424 2505 1565 2549 legatos
1589 2504 1881 2545 transn1iserunt‚
1900 2511 1934 2537 et
1958 2505 2048 2549 ipsis
2066 2506 2126 2550 qui

257 2584 300 2605 ex
320 2584 449 2617 magna
466 2573 612 2605 caritate
635 2578 669 2605 et
685 2572 813 2605 affectu
834 2573 970 2617 optimo
988 2572 1083 2605 1111110
1101 2584 1334 2617 assumpsere
1353 2572 1528 2604 laborem.

349 2640 441 2672 Dein
463 2646 664 2684 exponatur
679 2640 861 2684 quomodo
883 2640 927 2672 ad
949 2646 1104 2672 sanctam
1130 2646 1275 2671 matrem
1302 2639 1490 2670 ecclesiam
1514 2638 1722 2682 specialiter
1744 2638 1900 2682 pertinet
1924 2639 2018 2671 lilios
2042 2652 2128 2673 suos

257 2707 481 2740 dissidentes
502 2707 538 2739 in
560 2707 789 2739 concordiam
821 2719 991 2740 revocare
1019 2713 1053 2739 et
1080 2707 1123 2738 ad
1150 2718 1270 2750 pacem
1294 2706 1434 2750 jugiter
1462 2705 1722 2738 confovendam
1752 2706 1849 2737 omni
1879 2706 2066 2750 diligentia
2096 2715 2130 2740 et.

261 2773 382 2807 studio
411 2774 564 2806 suadere
589 2780 624 2806 et
650 2774 838 2814 inducere,
861 2774 999 2806 scelera
1022 2773 1230 2818 prohibere7
1254 2779 1288 2805 et
1310 2785 1349 2804 ea
1373 2772 1593 2804 annunciare
1622 2784 1660 2803 ac
1690 2773 1862 2816 prosequi
1891 2785 1960 2816 que
1983 2780 2067 2806 sunt
2086 2775 2129 2807 ad

263 2841 414 2874 salutem
442 2842 639 2874 animarum
669 2847 704 2873 et
731 2841 988 2873 exaltat-ionem
1019 2840 1103 2873 fidei
1132 2840 1307 2872 catholice
1336 2846 1370 2872 et
1399 2839 1701 2871 christianissime
1727 2839 1917 2883 religionis
1946 2847 1981 2873 et
2012 2841 2130 2885 plebis

263 2908 458 2941 christiane
478 2909 648 2941 unitatem
667 2915 772 2952 atque
791 2908 1120 2953 transquillitatem.
1139 2907 1333 2952 Aperiatur
1350 2907 1454 2939 etiam
1473 2906 1665 2938 desollatio
1683 2906 1870 2939 notissima
1889 2907 1992 2951 regni
2008 2907 2128 2952 hujus,

386 2970 450 2986 *st*
468 2967 564 2990 Chart.
587 2967 667 2991 Univ-
686 2967 782 2990 Paris.
800 2967 842 2989 lv.
1966 2966 2008 2989 ‘72
