2502 3418
392 315 457 346 234
968 328 1289 350 CHARTULARIUM
1325 329 1515 351 univi-:Rs
1553 330 1681 352 PARIS.
2164 316 2262 353 [1412

393 410 471 430 sum
504 399 619 443 ipsius
651 406 813 433 tenorem
845 408 1013 447 satagunt
1042 414 1228 435 enervare.
1270 403 1389 435 Primo
1421 403 1651 436 dominorum
1683 403 1813 436 ducum
1847 395 2010 444 Biturie,
2035 403 2260 448 Burgundie,

394 466 554 498 Turonie
583 473 617 499 et
644 467 831 500 Aureliani
859 475 893 501 et
924 481 1076 501 uxorum
1106 469 1316 502 eorumdem
1346 476 1616 514 procuratores,
1645 469 1809 502 dicentes
1838 480 1877 502 se
1906 469 1991 502 alibi
2019 482 2124 514 quam
2156 470 2263 503 terris

394 532 623 566 dominorum
646 546 793 567 suorum
826 536 1014 580 supposita
1042 542 1164 568 nostra
1194 535 1329 568 debere
1362 536 1574 580 precedere.
1607 536 1774 569 Secundo
1805 536 1858 568 illi
1887 548 1960 569 non
1990 537 2188 570 existentes
2218 537 2262 570 de

394 600 554 644 exceptis
576 600 612 633 in
634 608 760 634 nostro
782 602 908 646 quinto
931 602 1096 643 articulo,
1115 602 1248 647 quibus
1269 602 1423 647 amplior
1439 602 1518 635 data
1539 614 1714 635 concessa
1734 609 1801 636 est.
1819 603 1942 636 Tertio
1964 603 2131 636 nonnulli
2152 604 2263 636 domi-

395 678 522 699 norum
543 667 778 700 cardinalium
801 669 1009 709 familiares,
1037 669 1099 713 qui
1129 669 1209 701 loco
1231 669 1498 701 nominatorum
1528 669 1565 701 in
1590 669 1826 702 cardinalium
1849 670 2112 715 principalibus
2133 670 2263 704 rotulis

392 733 553 766 fecerunt
577 746 615 766 se
637 734 673 766 in
695 734 831 767 eisdem
861 735 897 767 in
926 735 1041 768 nostri
1069 735 1310 780 prejudicium
1338 734 1545 780 subrogari.
1568 736 1703 778 Quarto
1725 736 1893 769 nonnulli
1915 737 2066 769 secundi
2087 743 2123 770 et
2143 738 2262 771 minus

393 800 602 845 principalis
625 801 732 833 rotuli
761 802 875 834 nostri
905 802 1114 846 portitores,
1141 808 1350 834 asserentes
1378 813 1417 834 se
1443 801 1585 835 hisdem
1612 803 1855 848 prerogativis
1876 803 1941 844 uti,
1964 804 2068 836 etiam
2093 811 2262 849 respectu

392 878 704 912 quorumcumque
726 868 998 912 suppositorum
1022 875 1244 907 nostrorum,
1268 868 1402 912 quibus
1423 869 1551 914 primis
1572 875 1606 902 et
1626 869 1890 915 principalibus
1912 870 2028 903 nostri
2048 870 2158 904 rotuli
2180 883 2263 916 por-

392 933 561 966 titoribus
588 934 638 966 uti
677 934 894 978 permissum
924 941 979 967 est
1013 941 1119 979 atque
1151 935 1285 974 datum,
1322 947 1401 968 cum
1431 942 1550 968 tamen
1582 937 1802 969 contrarium
1830 937 1925 970 inter
1950 949 2017 970 nos
2054 944 2190 970 matura
2220 950 2263 971 ex

390 1000 652 1033 deliberatione
673 1000 883 1033 conclusum
907 1001 1076 1034 extiterit.
1100 1002 1234 1044 Quinto
1254 1002 1423 1035 nonnulli
1444 1009 1569 1036 nostre
1591 1003 1860 1045 Universitatis,
1883 1004 1966 1037 dum
1989 1004 2131 1037 rotulus
2150 1004 2263 1037 confi-

387 1066 561 1107 ciebatur,
579 1067 762 1107 absentes,
781 1067 945 1100 dicentes
966 1080 1006 1101 se
1026 1069 1292 1113 prerogativam
1312 1069 1541 1114 impetrasse,
1561 1082 1628 1115 qua
1650 1076 1801 1104 utuntur
1817 1071 2059 1116 prerogativis
2075 1071 2262 1105 Universi'-

389 1133 483 1173 tatis,
502 1145 540 1165 ac
563 1133 591 1166 si
615 1140 777 1178 tempore
795 1134 875 1167 date
896 1135 982 1167 dicti
1005 1134 1113 1168 rotuli
1135 1135 1386 1180 principaliter
1401 1137 1604 1170 affuissent.
1624 1138 1731 1170 Sexto
1747 1150 1834 1171 vero
1851 1137 1963 1183 aliqui
1982 1137 2262 1172 ambassiatores

387 1200 539 1232 secundi
561 1200 668 1232 rotuli
691 1201 877 1240 antedicti,
895 1202 956 1246 qui
979 1201 1093 1246 palam
1116 1213 1155 1235 se
1171 1203 1354 1247 jactarunt
1374 1203 1605 1248 impetrasse,
1629 1204 1726 1250 quod
1747 1204 1961 1250 gaudebunt
1979 1205 2106 1251 gratiis
2129 1211 2163 1238 et
2183 1200 2280 1251 pres

386 1267 572 1311 rogativis,
602 1279 641 1299 ac
669 1267 699 1299 si
731 1274 893 1312 tempore
921 1269 1170 1302 coronationis
1197 1276 1319 1302 vestre
1349 1271 1550 1304 sanctitatis
1579 1270 1860 1305 ambassiatores
1891 1272 2061 1305 destinati
2091 1272 2259 1306 fuissent.

387 1334 535 1365 Domum
568 1333 735 1366 nonnulli
766 1335 1015 1379 exploratores
1046 1336 1083 1368 in
1114 1337 1272 1370 Romana
1301 1337 1401 1370 curia
1431 1338 1647 1379 existentes,
1680 1338 1761 1384 qui,
1793 1338 1877 1371 dum
1908 1338 2061 1384 alicujus
2091 1339 2260 1372 beneficii

384 1400 605 1432 vacationem
629 1400 885 1446 qualicumque
906 1414 1012 1435 causa
1035 1403 1255 1448 sompniant,
1279 1403 1582 1449 supplicationem
1606 1417 1698 1438 nove
1719 1405 1942 1450 provisionis
1963 1406 2126 1450 ejusdem
2149 1405 2261 1439 bene-

384 1467 453 1499 ficii
476 1473 663 1512 utramque
686 1474 901 1513 temptantes
923 1470 1102 1502 fortunam
1120 1477 1242 1503 vestre
1268 1471 1403 1504 cotidie
1424 1472 1619 1518 porrigunt
1639 1473 1831 1514 sanctitati,
1854 1473 1952 1518 quod
1973 1473 2012 1506 fit
2031 1479 2070 1506 ut
2090 1473 2260 1506 beneficii

384 1534 612 1578 postmodum
630 1535 817 1568 vacatione
840 1536 942 1574 scita,
961 1536 1058 1569 illam
1081 1536 1195 1570 solam
1217 1538 1522 1583 supplicationem
1545 1551 1609 1584 per
1625 1539 1845 1585 apostolicas
1862 1539 1981 1573 bullas
2002 1540 2135 1577 levantq
2153 1552 2259 1585 quam

380 1601 576 1644 gratiarum
599 1608 724 1634 nostre
744 1602 1002 1636 Universitatis
1024 1604 1299 1649 suppositorum
1323 1606 1570 1651 impeditivam
1588 1613 1854 1652 cognoverunt.
1874 1608 1916 1640 Et
1932 1607 2015 1652 quia
2035 1606 2102 1640 hec
2124 1607 2257 1648 omnia,

380 1667 592 1700 beatissime
614 1675 727 1713 pater,
756 1669 930 1714 quicquid
957 1670 1043 1703 boni
1065 1678 1192 1704 noster
1217 1672 1393 1706 articulus
1414 1673 1589 1715 continet,
1617 1685 1682 1719 per
1704 1673 1829 1707 talium
1851 1674 2159 1719 importunitatem
2179 1686 2260 1707 eva-

379 1741 519 1775 cuatur,
546 1742 701 1768 vestram
725 1736 950 1769 sanctitatem
973 1737 1165 1771 affectione
1187 1745 1319 1783 quanta
1348 1751 1546 1785 possumus
1573 1740 1743 1773 duximus
1771 1740 2058 1786 supplicandam,
2089 1741 2259 1786 quatinus

378 1808 502 1834 contra
532 1814 659 1835 omnes
686 1802 776 1835 tales
802 1810 837 1836 ct
863 1803 1032 1849 singulos
1063 1805 1099 1837 in
1131 1804 1363 1839 observantia
1395 1807 1512 1840 nostri
1539 1808 1636 1852 juris
1666 1819 1730 1840 sua
1761 1807 1798 1840 in
1828 1807 2043 1840 cancellaria
2073 1807 2258 1841 declarare

380 1868 565 1913 dignetur,
589 1876 627 1901 ut
648 1869 721 1902 sint
741 1869 902 1915 alumpni
930 1872 1046 1904 nostri
1074 1884 1270 1917 numquam
1293 1873 1428 1906 talibus
1453 1874 1571 1907 affecti
1596 1874 1805 1919 proterviis,
1835 1874 1957 1907 studio
1982 1874 2125 1908 valeant
2151 1874 2257 1908 solita

379 1934 545 1968 libertate
566 1948 705 1968 vacare.
730 1950 746 1967 »

470 2003 510 2034 Et
533 2002 615 2047 quia
637 2002 727 2036 hanc
755 2015 844 2044 rem,
872 2006 1183 2039 reverendissime
1205 2013 1319 2052 pater,
1345 2008 1528 2052 profundo
1555 2008 1666 2041 corde
1694 2015 1874 2049 tenemus,
1901 2015 2057 2042 vestram
2087 2020 2256 2042 reveren-

380 2069 566 2102 dissimam
596 2071 846 2114 paternitatem
876 2071 912 2103 in
936 2072 1032 2116 juris
1060 2074 1179 2106 nostri
1206 2073 1413 2107 subsidium
1442 2075 1693 2120 deprecamur,
1719 2075 1980 2109 nichilominus
2008 2075 2257 2121 supplicantes

380 2135 550 2180 quatinus
572 2136 607 2168 in
632 2138 904 2181 presentatione
926 2146 1131 2173 nostrarum
1154 2140 1355 2174 litterarum
1373 2141 1495 2175 velitis
1515 2142 1689 2176 assistere
1706 2143 1875 2188 circaque
1895 2142 1987 2176 hanc
2003 2154 2077 2175 rem
2096 2149 2255 2176 nostram

382 2209 530 2241 tantum,
549 2203 599 2235 uti
623 2215 767 2248 semper
786 2205 938 2246 fecistis,
963 2219 1153 2252 peragere,
1175 2214 1214 2240 ut
1237 2208 1335 2253 quod
1357 2209 1514 2254 petimus
1534 2209 1642 2242 finem
1668 2210 1790 2243 veniat
1814 2209 1858 2243 ad
1878 2216 2051 2255 optatum.
2075 2211 2257 2243 Reveren-

381 2269 532 2301 dissime
558 2276 670 2314 pater,
693 2277 848 2303 vestran]
874 2274 1215 2307 reverendissimam
1239 2276 1491 2320 paternitatem
1511 2288 1731 2310 conservare
1751 2277 1924 2322 dignetur
1943 2277 2156 2309 Altissimus
2176 2276 2257 2309 feli-

381 2336 470 2368 citer
492 2343 524 2368 οἱ
553 2337 595 2368 ad
622 2343 758 2370 votum.
782 2358 827 2362 —
853 2340 980 2371 Datum
1010 2340 1046 2372 in
1073 2348 1195 2374 nostra
1216 2343 1504 2387 congregatione
1529 2343 1692 2388 generali
1717 2343 1812 2389 apud
1839 2344 2007 2376 Sanctum
2030 2343 2253 2376 Bernardum

382 2403 541 2435 l'arisius
563 2403 743 2436 celebrata
766 2405 824 2437 die
846 2406 892 2450 xij
915 2407 1047 2439 Martii.

676 2471 796 2505 Vestri
816 2472 969 2506 benivoli
989 2479 1109 2507 rector
1124 2476 1300 2520 ceterique
1318 2477 1494 2521 magistri
1513 2478 1775 2512 Universitcztis
1793 2477 1911 2511 studii
1929 2477 2163 2511 Parisiensis.

473 2567 608 2598 Originnle
627 2569 807 2592 membranae.
821 2570 846 2592 iu
863 2570 941 2593 Arch.
958 2574 1011 2594 nat.
1028 2572 1120 2600 Paris„
1136 2573 1160 2595 M
1174 2574 1225 2601 65⁸,
1240 2578 1269 2596 n⁰
1285 2574 1313 2597 77
1327 2574 1399 2603 (olim
1415 2575 1444 2598 A.
1461 2575 1499 2598 33.
1515 2575 1549 2604 a).
1566 2575 1657 2598 Exstat
1673 2575 1826 2604 taeniolum,
1842 2583 1892 2606 quo
1909 2574 2028 2605 sigillum
2043 2573 2255 2605 appendebatur.

379 2625 409 2627 —
426 2612 444 2634 E
462 2615 550 2634 tenore
566 2612 695 2643 epistolae
709 2613 802 2644 liquet.
818 2622 875 2637 eam
888 2615 969 2645 paulo
986 2619 1047 2646 post
1063 2616 1163 2639 bullam
1179 2618 1347 2648 plumbatam
1362 2627 1405 2642 an.
1422 2619 1492 2648 1412,
1507 2620 1568 2643 Jan.
1586 2621 1608 2648 7,
1625 2619 1788 2651 proindeque
1805 2627 1847 2644 an.
1865 2619 1934 2644 1412.
1949 2619 2075 2650 scriptum
2091 2626 2157 2641 esse.

505 2934 543 2954 30.

2483 1555 2502 1638 ‚nanim-r*
2493 1527 2502 1547 εκ.
2489 1492 2502 1521 μζ·

2480 1655 2502 1839 mamaeam
2498 1641 2502 1644 .

2495 2302 2502 2310 .-
2496 2259 2502 2290 ...t
2491 2217 2502 2253 ..Α
2492 2196 2502 2213 ,ν
2490 2174 2502 2192 :1
2490 2145 2502 2169 ..Ἀ
2486 1924 2502 2141 mamma-<nium
2485 1911 2502 1919 ’.
2489 1868 2502 1906 12⁴⁴
2488 1843 2502 1864 ‘.-.¹-·
