2502 3418
1170 302 1337 325 TABULA.
2123 299 2187 330 763

322 371 2187 396 —Q—ff———ffi——m—

320 417 380 440 2175

318 519 380 542 2176

318 621 378 644 2177

317 678 378 701 2178

317 780 378 803 2179

316 882 377 905 2180

316 985 375 1008 2181

314 1042 376 1065 2182

316 1100 376 1123 2183

314 1158 376 1181 2184

314 1215 376 1238 2185

314 1317 376 1340 2186

314 1464 374 1487 2187

314 1610 375 1632 2188

314 1668 375 1691 2189

314 1725 375 1748 2190

313 1833 373 1856 2191

299 1965 302 1968 ⁴
313 1984 374 2007 2192

313 2091 371 2114 2701

312 2153 373 2176 2193

312 2215 371 2238 2194

312 2277 373 2300 2195

311 2340 373 2363 2190

312 2402 372 2425 2197

312 2465 372 2488 2198

312 2572 372 2594 2199

282 2667 284 2669 Ι
311 2634 372 2657 22οο

283 2790 285 2794 '
311 2786 368 2808 2201

456 417 521 443 1421

451 1467 516 1493 1422

631 419 729 450 Aprilis
746 420 775 442 28

604 520 679 543 Circa
695 521 755 544 Maii
768 522 795 544 11

647 623 709 646 Maii
725 624 755 646 30

660 681 739 705 Junio

629 783 741 814 Augusti
757 786 770 807 5

605 884 680 908 Circa
695 887 762 918 Aug.
778 889 791 910 5

594 987 755 1018 Septembris
776 991 804 1013 12

624 1045 777 1077 Septembre

627 1162 774 1187 Novembre

599 1220 749 1244 Decembris
766 1222 795 1244 22

639 1469 726 1492 Martii
742 1471 756 1493 2

669 1688 699 1691 -
716 1675 746 1697 20

646 1732 706 1755 Maii
723 1733 752 1756 10

642 1835 707 1858 Julii
723 1836 749 1858 21

617 1986 729 2017 Augusti
745 1987 772 2010 31

601 2093 664 2116 Post
678 2093 745 2124 Aug.
763 2094 790 2116 31

609 2155 781 2187 April.-Sept.

618 2218 771 2249 Septembre

618 2342 740 2366 Octobris
757 2344 770 2366 2

604 2405 759 2428 Novembris
777 2407 791 2428 3

589 2590 798 2598 ·········

592 2636 747 2659 Novembris
767 2637 793 2660 19

609 2787 779 2811 Octob.-Nov.

836 420 927 442 Petrus
950 419 981 442 de
1006 420 1086 442 Sacco
1111 420 1142 442 de
1163 421 1265 443 Verona
1290 421 1386 451 petita
1411 422 1523 444 Murtino
1544 423 1571 449 V,
1594 426 1622 445 ut
1643 426 1704 453 post
1723 424 1931 455 quinquennium
1955 425 2040 447 solum
2065 425 2097 447 ad

866 471 955 486 sacros
970 463 1077 486 ordines
1090 463 1177 495 possit
1191 465 1341 495 promoveri
1345 482 2096 492 ..............................
2141 471 2186 492 393

836 521 1032 552 Assignationes
1050 521 1265 545 baccalareorum
1282 530 1329 553 per
1344 523 1496 554 Capitulum
1512 525 1633 554 gencrale
1653 525 1716 548 Ord.
1737 525 1854 549 Praedic.
1874 525 1901 548 in
1923 526 2009 549 studio
2025 526 2098 549 Pari-

866 565 946 588 siensi
954 583 2096 594 .............................................
2141 571 2187 594 393

835 623 922 646 Novus
936 624 1105 655 praepositus
1122 624 1216 654 Paris„
1232 625 1325 648 Petrus
1341 625 1372 648 de
1387 625 1520 657 Marigny,
1533 626 1606 657 jurat
1621 635 1709 649 coram
1724 626 1902 650 Universitate
1911 645 2096 653 ........
2142 629 2188 651 394

835 681 957 704 Mandata
972 681 1160 705 Universitatis
1180 691 1228 713 pro
1249 682 1304 706 suis
1320 683 1415 714 legatis
1431 684 1605 714 Rotomagum
1622 684 1654 707 ad
1673 684 1814 707 Henricum
1834 693 1923 716 regem
1942 685 2096 716 Anglarum,

864 729 998 757 regentem
1014 726 1162 756 Franciam,
1178 727 1277 751 missis.
1294 728 1329 751 De
1345 729 1474 759 magistro
1489 728 1595 759 linguae
1612 729 1755 752 Hebraicae
1759 746 2096 754 ..............
2142 730 2187 752 394

835 784 910 807 Natio
930 784 1067 808 Gallicana
1086 785 1215 808 deliberat
1237 786 1270 808 ad
1292 793 1381 817 regem
1404 786 1514 817 Angliae
1535 786 1676 810 mittendos
1699 786 1914 816 ambassiatores,
1936 790 1965 810 ut
1986 787 2019 810 ab
2039 787 2097 817 ipso

865 829 994 860 quosdam
1009 830 1112 852 favores
1129 830 1215 860 quoad
1231 830 1358 853 beneficia
1373 833 1398 853 et
1413 830 1629 854 cancellariatum
1644 831 1779 855 obtineant
1783 848 2096 856 .............
2142 831 2187 854 395

835 886 999 910 Universitus
1022 887 1055 909 ad
1076 888 1217 918 quemdam
1239 887 1387 919 principem
1409 888 1599 918 (verisimiliter
1621 889 1714 912 ducem
1737 889 1926 920 Burgundiae),
1950 892 1978 912 ut
1998 897 2047 920 pro
2070 897 2097 912 se

864 939 955 962 preces
970 931 1122 962 interponat
1136 932 1207 963 apud
1222 940 1311 963 regem
1328 932 1438 963 Angliae
1441 950 2096 958 ..........................
2142 933 2187 955 397

834 988 986 1020 Capitulum
998 990 1119 1020 generale
1135 989 1243 1012 Cisterc.
1259 990 1381 1020 deplorat
1394 990 1499 1013 ruinam
1515 991 1626 1021 Collegii
1641 992 1666 1016 S.
1680 991 1808 1014 Bernardi
1812 1008 2096 1015 ............
2141 990 2187 1012 398

834 1047 1004 1070 Sententiarii
1017 1050 1042 1070 et
1057 1047 1153 1070 Biblici
1168 1047 1331 1070 Parisienses
1335 1065 2094 1074 ..............................
2142 1048 2187 1070 399

833 1105 955 1136 Magistri
970 1108 1091 1136 regentes
1103 1105 1129 1127 in
1147 1105 1270 1128 facultate
1284 1105 1434 1136 theologiae
1441 1123 1889 1130 ..................
1910 1128 1914 1131 .
1935 1124 2096 1131 .......
2141 1105 2187 1128 399

834 1162 954 1194 Magistri
967 1166 1088 1193 regentes
1103 1163 1236 1185 facultatis
1250 1162 1395 1186 medicinae
1411 1172 1453 1186 an.
1468 1164 1602 1186 1421-1422
1604 1181 2095 1188 ....................
2141 1164 2188 1186 400

835 1221 962 1244 Robertus
981 1220 1082 1243 Faudin
1099 1223 1237 1251 suspectus
1259 1220 1284 1243 in
1300 1221 1411 1244 materia
1427 1221 1497 1250 fidei,
1516 1221 1549 1244 ab
1565 1222 1722 1252 archiepisc.
1739 1222 1882 1245 Senonensi
1904 1223 2053 1252 damnatus,
2070 1222 2096 1245 in

863 1265 1030 1288 Parlamento
1046 1266 1145 1288 frustra
1158 1265 1278 1296 appellat
1289 1282 2095 1291 ................................
2141 1266 2187 1288 400

833 1322 1009 1352 Universitas,
1031 1325 1059 1346 ut
1074 1323 1155 1346 Paulo
1171 1323 1202 1346 de
1218 1323 1290 1346 Bona
1309 1323 1380 1352 Fide,
1400 1331 1471 1354 mag.
1486 1323 1513 1346 in
1533 1323 1632 1354 linguis
1656 1324 1774 1347 Hebraea
1794 1328 1819 1347 et
1836 1324 1976 1352 Chaldaea,
1994 1333 2097 1348 summa

867 1367 909 1390 100
925 1368 1075 1390 francorum
1090 1367 1209 1390 solvatur
1222 1367 1297 1398 eique
1311 1368 1342 1390 de
1356 1368 1530 1398 proventibus
1546 1368 1664 1399 episcopi
1680 1368 1765 1392 Paris.
1780 1372 1850 1392 certa
1867 1377 1877 1392 a
1893 1372 1972 1400 quota
1986 1378 1997 1392 υ
2015 1370 2098 1400 septi-

863 1411 990 1434 manatim
1005 1411 1177 1442 percipienda
1193 1412 1345 1442 assignetur
1348 1429 2094 1437 ..............................
2140 1412 2185 1435 401

834 1471 892 1493 Fac.
915 1469 1060 1492 medicinae
1079 1469 1200 1500 petitioni
1220 1477 1292 1500 mag.
1311 1469 1447 1493 Guillelmi
1469 1470 1500 1492 de
1520 1470 1639 1499 Camera,
1660 1478 1712 1501 qua
1734 1470 1874 1501 prandium
1897 1479 1912 1494 a
1935 1471 2096 1494 haccalareis

863 1514 981 1537 oblatum
994 1513 1020 1536 in
1035 1514 1112 1536 domo
1126 1514 1305 1545 antiquissimi
1316 1514 1503 1537 examinatoris
1515 1517 1655 1543 teneretur,
1670 1523 1720 1537 non
1734 1515 1834 1544 annuit,
1846 1515 1987 1538 dummodo
2000 1516 2026 1538 in
2041 1516 2096 1538 loco

862 1559 972 1582 honesto
987 1559 1135 1582 celebretur
1138 1575 2095 1584 ......................................
2139 1560 2186 1582 402

832 1616 969 1640 Licentiati
983 1617 1010 1639 in
1025 1616 1150 1639 facultate
1164 1616 1314 1647 theologiae
1317 1633 2093 1641 ...............................
2140 1618 2186 1640 402

833 1674 969 1698 Licentiati
984 1674 1011 1697 in
1028 1674 1152 1697 facultate
1168 1673 1313 1697 medicinae
1317 1691 2093 1700 ...............................
2140 1676 2186 1698 402

833 1732 998 1756 universitas
1023 1732 1075 1755 Deo
1099 1731 1200 1763 gratias
1225 1731 1282 1762 agit
1305 1732 1375 1763 quod
1399 1731 1527 1754 llenricus
1547 1740 1592 1755 rex
1611 1731 1744 1755 civitatem
1764 1732 1922 1755 Meldcnsem
1938 1741 1951 1756 e
1966 1736 2096 1764 potestate

863 1777 1086 1808 Francigenarum
1102 1776 1230 1807 eripuerit
1237 1792 2093 1801 ..................................
2139 1779 2185 1802 403

832 1835 990 1859 Guillelmus
1005 1835 1037 1857 de
1053 1834 1171 1861 Cnmera,
1188 1837 1251 1856 natu
1267 1833 1360 1864 major,
1382 1842 1453 1864 mag.
1475 1833 1580 1862 medic„
1601 1833 1708 1864 reginae
1729 1834 1866 1865 physicus,
1887 1835 1976 1858 vendit
1995 1835 2094 1858 nationi

863 1879 988 1903 Franciae
1006 1887 1110 1902 murum
1127 1878 1195 1901 inter
1211 1878 1318 1901 hortum
1333 1878 1427 1901 domus
1449 1886 1512 1901 suae
1528 1878 1564 1907 (in
1584 1878 1642 1901 vico
1659 1879 1818 1902 Garlandiae
1839 1879 1913 1908 sitae)
1934 1887 1964 1902 ac
1984 1888 2093 1911 magnas

863 1924 967 1947 scholas
982 1923 1133 1955 praedictae
1150 1923 1264 1946 nationis
1283 1925 1463 1945 constructum
1467 1940 2093 1949 .........................
2138 1926 2184 1948 403

831 1987 954 2010 Mandata
969 1986 1002 2009 ab
1018 1985 1195 2009 Universitate
1212 1984 1308 2007 tradita
1326 1984 1425 2007 nuntiis
1441 1984 1496 2007 suis
1515 1984 1547 2007 ad
1563 1992 1651 2015 regem
1670 1984 1802 2013 Carolum,
1823 1985 1856 2008 ad
1874 1993 1963 2016 regem
1984 1986 2094 2017 Angliae

861 2034 886 2054 et
898 2031 931 2054 ad
945 2031 1037 2054 ducem
1051 2029 1220 2060 Burgundiae
1232 2037 1280 2060 pro
1293 2029 1493 2052 conservatione
1508 2029 1711 2060 privilegiorum
1724 2029 1911 2052 Universitatis
1928 2030 2041 2054 missis..
2061 2050 2066 2055 .
2085 2049 2092 2055 .
2137 2033 2183 2056 403

831 2094 959 2122 Querelae
972 2093 1120 2116 incolarum
1135 2093 1320 2122 Rotomagens.
1337 2092 1465 2114 adversus
1482 2091 1688 2114 Universitatem
1702 2091 1777 2114 Paris
1781 2109 2092 2117 .............
2139 2096 2183 2118 739

831 2157 957 2179 Cursores
973 2155 999 2178 in
1016 2155 1140 2178 facultate
1155 2154 1304 2184 theologiae
1307 2170 1831 2178 .....................
1833 2181 1836 2183 Α
1853 2171 2091 2179 ..........
2137 2158 2184 2181 405

832 2217 1000 2242 Sententiarii
1016 2220 1041 2240 et
1056 2216 1152 2240 Biblici
1167 2216 1329 2239 Parisienses
1334 2232 2091 2242 ..............................
2136 2220 2183 2242 405

832 2280 950 2312 Magistri
967 2282 1088 2311 regentes
1104 2279 1130 2302 in
1148 2279 1271 2301 facultate
1286 2277 1436 2308 theologiae
1440 2294 2090 2304 ..........................
2136 2283 2184 2305 406

829 2345 983 2367 Juramenta
993 2342 1178 2365 herbariorum
1191 2349 1237 2363 seu
1250 2339 1480 2371 apothecariorum
1494 2339 1682 2362 Parisiensium
1697 2347 1784 2362 coram
1800 2340 1923 2363 facultate
1938 2341 2091 2365 medicinae.
2136 2345 2183 2367 406

831 2405 951 2437 Magistri
968 2408 1088 2435 regentes
1104 2403 1238 2427 facultatis
1259 2402 1403 2425 medicinae
1421 2410 1463 2425 an.
1482 2402 1617 2424 1422-1423
1620 2419 2090 2428 ...................
2136 2407 2182 2429 407

830 2469 922 2491 Rector
934 2466 1130 2493 universitatis,
1148 2469 1176 2488 ut
1191 2473 1281 2488 omnes
1295 2464 1377 2495 jurati
1392 2467 1417 2487 et
1434 2473 1485 2487 non
1498 2464 1581 2495 jurati
1597 2464 1783 2487 Universitatis
1796 2464 1960 2495 conveniant,
1975 2466 2091 2489 associa-

860 2512 913 2536 turi
928 2520 1025 2542 corpus
1041 2510 1156 2534 defuncti
1172 2510 1243 2540 regis
1257 2509 1382 2532 Franciae
1386 2525 2089 2535 ............................
2136 2514 2181 2536 408

829 2575 900 2598 Ordo
916 2582 991 2605 quem
1008 2576 1077 2596 tenet
1091 2572 1255 2595 Universitas
1271 2571 1297 2594 in
1313 2571 1444 2594 delatione
1457 2579 1599 2601 corporum
1615 2578 1708 2601 regum
1724 2570 1848 2593 Franciae
1852 2587 2090 2596 ..........
2136 2576 2182 2598 408

829 2638 885 2660 Dux
898 2635 1055 2659 Bedfordiae
1070 2635 1095 2657 in
1112 2634 1279 2657 Parluniento
1295 2633 1400 2656 recitari
1410 2633 1486 2664 jubet
1498 2633 1628 2663 quomodo
1642 2641 1654 2655 e
1667 2633 1769 2655 foedere
1784 2633 1907 2656 Trecensi
1919 2634 2045 2657 Henricus
2059 2636 2091 2658 VI

858 2682 912 2713 jam
932 2689 977 2703 rex
992 2679 1118 2703 Franciae
1135 2678 1295 2709 Angliaeque
1316 2677 1359 2700 sit.
1379 2677 1474 2700 Omnia
1494 2677 1681 2700 Universitutis
1705 2677 1845 2708 supposita
1866 2679 1899 2700 ad
1916 2678 1993 2701 fidem
2013 2687 2087 2710 prae-

860 2725 982 2749 standam
998 2726 1140 2747 convocata
1150 2738 2090 2747 .....................................
2135 2727 2182 2750 410

830 2787 994 2811 Universitas
1010 2786 1121 2809 Max-tino
1136 2786 1163 2814 V,
1180 2788 1208 2807 ut
1227 2792 1298 2815 mag.
1321 2783 1380 2807 Joh.
1396 2784 1498 2807 Nanton
1514 2783 1539 2806 in
1558 2783 1787 2814 archiepiscopum
1803 2784 1978 2807 Senonensem
1995 2786 2093 2809 confir-

860 2835 945 2855 metur
948 2845 2090 2855 .............................................
2136 2833 2182 2855 410
