2502 3418
391 317 450 339 XVI
1173 312 1468 337 1N'1'RonUC'r10.

391 395 535 428 auctore
552 390 667 435 diarii,
692 390 850 437 illudque
872 390 1050 426 detectum
1071 390 1237 437 opinatus
1258 389 1364 425 estin
1379 387 1600 435 oppositione
1626 384 1779 421 auctoris
1802 387 1924 420 contra
1947 381 2054 418 omne
2077 381 2250 429 regimen.

393 462 461 499 Sed
477 462 601 498 merito
616 465 720 509 atque
740 461 874 508 optimo
890 462 968 509 jure
983 473 1025 496 ex
1041 472 1084 497 eo
1106 460 1254 508 quilibet
1269 459 1356 496 alius
1372 457 1518 495 omnino
1539 456 1758 493 contrarium
1783 454 1934 502 probare
1953 457 2089 501 posset,
2118 452 2255 488 scilicet

392 536 572 569 auctorem
596 532 697 567 diarii
720 531 826 567 fuisse
849 532 962 567 virum
983 543 1067 567 suae
1089 531 1226 578 spontis
1251 542 1291 566 ac
1316 529 1482 573 liberum,
1506 527 1653 563 minime
1673 525 1915 562 ambit10sum.
1941 523 2080 566 Quibus
2098 523 2254 559 textibus

392 604 499 640 etiam
514 603 709 639 fulciuntur
722 602 946 646 assertiones,
965 606 1145 638 auctorem
1165 602 1268 637 diarii
1283 601 1351 636 iter
1366 600 1487 636 fecisse
1504 599 1549 634 ad
1563 598 1779 635 Meldensem
1795 596 2019 632 obsidionem
2040 595 2116 642 (ubi
2132 605 2255 630 revera

394 675 458 710 fuit
474 674 645 721 Chuffart)
658 687 666 717 3
690 677 869 709 auctorem
897 673 1005 709 fuisse
1025 672 1201 708 excelsam
1224 682 1416 719 personam
1432 668 1678 706 Universitatis
1700 667 1813 716 (cujus
1837 667 1999 703 Chuffart
2015 665 2254 702 cancellarius

394 745 472 792 fuit)
488 758 497 788 ;
521 749 700 781 auctorem
722 744 831 779 fuisse
848 755 958 779 unum
978 755 996 779 e
1018 743 1156 779 clericis
1173 743 1293 780 domui
1310 741 1481 778 Isabellae
1498 743 1649 776 Bavarae
1665 738 1842 787 adjunctis
1863 738 1981 785 (cujus
2002 737 2164 773 Chuffart
2187 736 2254 771 suit

392 815 660 862 cancellarius)‘?
674 817 806 850 Auctor
825 814 926 850 diarii
952 815 995 850 de
1014 814 1071 849 his
1094 814 1198 849 nihil.
1218 816 1351 861 Regem
1367 813 1515 860 Angliae
1532 811 1658 847 Meldis
1673 809 1802 846 morari
1818 809 2038 845 Parisienses
2056 819 2129 844 non
2146 808 2254 855 igno-

393 887 530 928 rabant,
548 898 628 922 cum
647 897 710 921 rex
730 889 764 921 et
790 885 913 932 regina
925 885 1029 933 ,inter
1051 884 1120 920 alia
1148 885 1281 920 litteras
1306 896 1349 919 ex
1373 895 1414 919 ea
1436 883 1573 919 civitate
1598 881 1821 918 Universitati
1849 877 2067 923 misissent⁴,
2089 883 2122 914 et
2146 879 2253 926 Capi-

391 957 505 993 tulum
535 956 726 992 Parisiense
757 956 892 1003 legatos
922 967 964 991 eo
995 955 1252 991 destinavisset.
1288 957 1338 990 De
1362 954 1546 990 obsidione
1568 957 1603 989 et
1636 951 1896 1000 expugnatione
1927 950 2101 986 Meldens.
2127 961 2253 986 omnes

392 1027 556 1075 aequales
580 1027 789 1074 loquuntur,
818 1030 853 1061 et
875 1027 1030 1062 narratio
1054 1026 1210 1062 auctoris
1233 1025 1347 1070 diarii,
1377 1036 1466 1072 quae
1495 1024 1606 1060 corda
1630 1023 1827 1071 legentium
1855 1025 1984 1066 movet,
2017 1021 2117 1057 nullo
2146 1024 2253 1068 pacto

390 1102 572 1135 auctorem
588 1101 809 1145 praesentem
825 1097 873 1132 ibi
892 1097 999 1132 fuisse
1016 1097 1158 1132 evincit.
1180 1097 1250 1141 Sic,
1271 1096 1423 1143 exempli
1439 1096 1561 1143 gratia,
1580 1095 1755 1131 Robertus
1770 1093 1938 1129 Blondel²
1958 1092 2043 1128 vivis
2071 1091 2253 1128 coloribus

390 1169 594 1205 incendium
610 1168 750 1203 Milliaci
764 1180 783 1203 a
795 1168 958 1203 Johaune
973 1167 1172 1203 Fitz-Alain
1191 1167 1322 1203 comite
1339 1167 1382 1203 de
1396 1166 1554 1202 Arundel
1566 1166 1706 1214 jussum
1722 1164 1898 1212 depingit3
1912 1164 2030 1211 ipsum
2046 1167 2252 1199 «tecturam

390 1240 526 1287 plumbi
541 1240 577 1274 in
592 1239 699 1286 guttis
720 1238 928 1274 ardentibus
955 1239 1147 1274 resolutam
1171 1239 1390 1274 miserrimos
1413 1237 1694 1284 compluentem,
1725 1240 1760 1272 et
1785 1247 2039 1283 campanarum
2065 1234 2253 1270 metallum

389 1322 494 1358 super
516 1322 575 1346 eos
598 1310 800 1357 liquescens
831 1324 846 1342 »
875 1309 1002 1345 vidisse
1025 1309 1234 1353 credideris3
1262 1309 1323 1356 qui
1350 1313 1469 1344 tamen
1503 1319 1575 1344 non
1601 1307 1713 1351 testis,
1746 1307 1810 1343 sed
1834 1318 1878 1343 ex
1899 1306 2051 1342 aliorum
2080 1306 2253 1342 relatione

389 1381 608 1429 conscripsit,
623 1393 704 1417 cum
721 1381 853 1416 reserat
868 1392 974 1416 unam
991 1381 1103 1416 solam
1119 1380 1309 1416 mulierem
1330 1392 1412 1415 cum
1433 1380 1586 1415 lactente
1610 1390 1723 1426 puero
1737 1390 1779 1414 ex
1804 1379 1872 1414 hac
1897 1377 2099 1414 calamitate
2125 1388 2252 1424 super-

390 1452 511 1488 fuisse.
530 1452 665 1488 Deinde
698 1463 851 1498 quonam
880 1451 1110 1487 fundamento
1136 1451 1365 1487 admittamus
1388 1455 1568 1486 auctorem
1605 1449 1783 1486 excelsum
1810 1450 1846 1485 in
1869 1449 2102 1485 Universitate
2128 1448 2251 1484 locum

388 1523 568 1559 tenuisse?
588 1524 690 1558 Certe
717 1534 760 1558 ex
783 1522 1016 1558 Universitate
1040 1522 1117 1566 suit,
1146 1534 1229 1558 cum
1254 1522 1330 1569 ipse
1358 1534 1393 1569 p.
1413 1524 1478 1558 381
1496 1525 1530 1557 et
1546 1533 1582 1568 p.
1602 1522 1671 1557 385
1700 1521 1768 1556 hoc
1792 1520 1940 1565 indicet,
1964 1520 2031 1559 ,sed
2055 1519 2185 1555 nullibi
2215 1530 2252 1556 se

386 1594 563 1630 excelsam
578 1594 593 1628 s
595 1593 687 1629 uisse
702 1604 892 1640 personam
909 1593 1063 1640 suggerit
1071 1606 1080 1636 ;
1095 1593 1206 1628 immo
1223 1592 1396 1628 sententia
1411 1604 1519 1640 quam
1534 1592 1633 1640 eligit
1645 1594 1788 1628 TUETEY
1804 1591 1922 1638 potius
1939 1591 2117 1627 evinceret
2132 1593 2254 1627 aucto—

388 1677 461 1701 rem
475 1677 547 1700 non
564 1664 757 1700 eminentia
773 1676 933 1708 munera,
952 1664 1070 1699 minus
1090 1665 1196 1700 etiam
1211 1664 1472 1708 cancellariam,
1491 1663 1705 1699 exercuisse.
1727 1663 1785 1698 Ait
1805 1663 1902 1698 enim
1921 1674 1929 1698 :
1961 1676 1976 1695 «
1993 1663 2080 1698 ltem
2096 1673 2140 1698 en
2156 1662 2252 1698 celui

386 1748 443 1772 an.
462 1735 619 1784 (1446)³‚
636 1735 709 1770 vint
733 1747 804 1782 ung
815 1736 926 1782 jeune
940 1735 1133 1771 homme...
1161 1735 1187 1770 il
1204 1747 1224 1771 a
1248 1735 1386 1782 dispute
1401 1737 1422 1770 a
1436 1746 1528 1770 nous
1549 1746 1594 1770 au
1622 1734 1765 1782 College
1789 1733 1833 1769 de
1847 1735 2015 1778 Navarre,
2035 1733 2096 1781 qui
2116 1733 2251 1770 estions

388 1807 466 1854 plus
489 1807 532 1842 de
557 1807 747 1853 cinquante
773 1806 816 1842 de
842 1806 921 1854 plus
945 1807 1076 1853 parsaiz
1096 1806 1206 1842 clercs
1230 1806 1274 1842 de
1298 1806 1522 1842 l'Universite
1546 1805 1590 1842 de
1611 1805 1710 1842 Paris
1737 1809 1771 1841 et
1791 1805 1872 1853 plus
1897 1805 1940 1842 de
1964 1806 2011 1840 111
2041 1804 2104 1840 mil
2131 1809 2251 1842 autres

384 1877 495 1913 clercs
514 1892 546 1922 »‚
566 1877 769 1924 significans
784 1877 833 1913 ibi
849 1877 928 1924 plus
944 1889 1053 1924 quam
1070 1880 1115 1914 50
1140 1878 1328 1925 magistros
1351 1881 1386 1913 et
1408 1879 1501 1913 3000
1519 1876 1700 1913 scholares
1716 1881 1963 1924 congregatos.
1991 1876 2103 1921 Unde,
2128 1876 2249 1912 maxi-

387 1960 485 1984 mum
502 1948 597 1995 quod
615 1947 809 1984 concedere
825 1947 904 1995 quis
919 1948 1044 1995 possit,
1062 1952 1186 1984 auctor
1212 1960 1304 1984 unus
1326 1960 1369 1984 ex
1383 1948 1454 1984 illis
1471 1950 1516 1984 50
1531 1947 1705 1995 magistris
1731 1947 2000 1984 existimandus.
2027 1948 2072 1983 At
2095 1947 2252 1984 infauste

388 2022 492 2062 errat,
511 2019 652 2066 quando
669 2019 855 2054 adventum
875 2019 1050 2055 Fernandi
1067 2019 1308 2056 Cordubensis
1323 2019 1422 2067 ponit
1441 2020 1485 2055 ad
1501 2031 1635 2055 annum
1661 2031 1732 2066 quo
1744 2019 1882 2067 jamdiu
1904 2019 2045 2067 juvenis
2071 2018 2251 2066 Hispanus

388 2090 535 2133 abierat,
555 2090 633 2126 scil.
651 2102 708 2125 an.
732 2092 837 2134 1445,
856 2091 939 2126 Dec.
962 2093 1024 2134 14;
1051 2091 1158 2126 etiam
1183 2090 1347 2138 ignorare
1363 2090 1498 2127 videtur
1513 2090 1740 2127 Fernandum
1763 2091 1946 2126 detentum
1975 2089 2084 2126 fuisse
2106 2089 2150 2126 ab
2165 2089 2251 2126 Uni-

390 2161 552 2196 versitate
579 2161 694 2196 donec
713 2161 886 2208 promissa
906 2161 1084 2208 impleret,
1111 2161 1147 2197 id
1173 2167 1224 2197 est
1250 2174 1286 2198 se
1308 2162 1570 2209 disputaturum
1591 2173 1708 2197 coram
1732 2165 1805 2198 tota
1824 2162 2071 2206 Universitate,
2093 2161 2249 2208 denique

390 2243 459 2268 non
488 2231 670 2279 promissis
698 2231 925 2276 satisfecisse,
955 2232 1018 2268 sed
1047 2244 1171 2268 causas
1200 2233 1325 2269 inanes
1355 2233 1400 2269 ad
1433 2244 1470 2269 se
1498 2233 1740 2269 excusandum
1765 2233 1999 2280 praetexisse.
2030 2234 2079 2268 Ea
2111 2232 2247 2277 omnia,

388 2314 478 2349 quae
494 2313 588 2338 nunc
601 2302 786 2338 lucescunt
802 2314 844 2338 ex
856 2303 1056 2347 Auctario⁴‚
1072 2303 1305 2340 cancellarius
1320 2303 1562 2340 Universitatis
1579 2304 1655 2340 sine
1670 2303 1780 2340 dubio
1796 2302 2068 2351 cognoscebat⁵.
2085 2305 2112 2339 E
2126 2307 2249 2340 contra

388 2377 511 2408 auctor
524 2373 622 2409 diarii
646 2385 666 2409 a
676 2374 805 2421 juvene
822 2373 979 2421 Hispano
1000 2374 1216 2421 stupefactus
1238 2375 1315 2419 suit,
1337 2379 1371 2411 et
1391 2374 1672 2423 divagationibus
1694 2386 1799 2423 super
1822 2374 2049 2411 Antechristo
2073 2374 2245 2422 indulget,

480 2526 502 2549 l.
520 2527 658 2556 Chartul.‚
675 2531 703 2550 n⁰
715 2527 785 2551 2190.

478 2570 502 2594 2.
518 2571 641 2600 OEuvres,
657 2570 697 2595 ed.
713 2572 820 2602 HERON,
835 2580 861 2603 p.
877 2572 923 2596 207
935 2579 972 2604 sq.

477 2614 500 2638 3.
521 2615 594 2638 Hunc
613 2622 707 2639 annum
726 2615 847 2639 adventui
865 2616 965 2647 juvenis
984 2616 1093 2648 Hispani
1112 2617 1273 2648 assignatum
1291 2625 1346 2641 csse
1364 2617 1397 2642 ab
1416 2619 1518 2642 auctore
1537 2617 1613 2641 diarii
1627 2618 1743 2642 TUETEY
1756 2618 1861 2648 indicat,
1881 2627 1907 2650 p.
1926 2618 1981 2648 381,
1997 2626 2022 2644 n.
2044 2618 2065 2648 1,
2079 2617 2196 2643 addendo
2210 2616 2246 2646 id,

385 2658 525 2682 secundum
539 2658 604 2683 alios
618 2658 700 2683 fontes
715 2660 808 2691 quibus
822 2668 871 2684 non
889 2661 1061 2685 omnimodam
1081 2661 1159 2685 fidem
1176 2661 1281 2686 adhibet
1294 2664 1315 2692 («
1333 2662 1373 2686 s'il
1391 2662 1447 2687 faut
1464 2662 1564 2694 ajouter
1578 2661 1613 2686 foi
1628 2669 1678 2686 aux
1697 2670 1799 2687 sources
1814 2663 1946 2695 indiquees
1961 2670 2008 2695 par
2024 2662 2113 2687 Vanet
2129 2662 2161 2686 de
2177 2661 2248 2687 Viri-

385 2702 445 2726 ville
460 2703 493 2734 n),
507 2710 548 2727 an.
566 2703 625 2726 1445
638 2703 704 2727 circa
715 2703 858 2728 Adventum
871 2705 994 2729 evenisse.
1010 2705 1092 2729 Hodie
1106 2706 1207 2730 nullum
1221 2706 1328 2730 dubium
1344 2707 1468 2738 superest.

478 2747 501 2771 4.
518 2747 551 2777 ΙΙ,
565 2747 619 2777 632,
634 2748 675 2777 16;
691 2748 750 2777 633;
764 2748 818 2777 635,
834 2749 898 2778 3-12,
913 2751 938 2773 et
952 2751 1005 2773 not.

477 2791 501 2815 5.
518 2791 575 2814 Non
593 2791 670 2815 semel
684 2794 772 2816 auctor
789 2792 864 2816 diarii
884 2801 925 2817 res
939 2793 1123 2818 Universitatis
1136 2796 1259 2826 tanquam
1274 2802 1382 2827 persona
1396 2794 1466 2820 haud
1481 2796 1592 2825 actuosa,
1609 2794 1653 2819 sed
1670 2803 1700 2819 ex
1714 2803 1817 2820 rumore
1831 2795 1919 2820 refert.
1936 2795 1977 2820 Sic
1991 2803 2083 2821 causas
2101 2803 2147 2820 cur
2163 2796 2247 2819 rector

384 2834 566 2859 Universitatis
580 2842 622 2860 an.
635 2835 694 2859 1418
706 2837 846 2868 prehensus
859 2839 925 2861 esset
940 2837 1093 2863 falsissimas
1108 2841 1208 2869 narrat3
1222 2839 1248 2863 in
1263 2847 1312 2871 quo
1324 2839 1442 2863 insistere
1456 2839 1576 2864 nolumus
1590 2847 1648 2864 cum
1658 2840 1774 2864 TUETEY
1789 2840 1843 2872 ipse
1855 2848 1976 2870 errorem,
1990 2848 2015 2872 p.
2027 2840 2066 2870 85,
2081 2848 2107 2864 n.
2120 2839 2144 2871 3,
2161 2847 2246 2864 emen-

383 2879 461 2904 darit.

507 2931 530 2948 c.
