2502 3418
420 340 484 375 580
796 357 798 359 ·
1000 350 1317 374 CHARTULARIUM
1352 349 1541 373 UNIVERS.
1578 350 1706 373 rmus.
2186 337 2287 374 [1436

421 427 576 460 matione
599 427 897 472 previllegiorum
915 427 1185 467 Universitatis,
1208 433 1240 458 et
1263 426 1327 458 suit
1349 432 1518 470 quotatus
1539 426 1583 458 ad
1603 426 1779 466 francum,
1803 432 1837 458 et
1857 425 2016 470 obligata
2039 425 2106 457 suit
2133 424 2286 458 Univer-
2311 413 2313 415 ι

421 495 508 527 sitas
529 494 626 539 quod
647 501 790 526 curaret
809 494 1047 526 semibursani
1070 494 1157 526 alias
1179 492 1382 537 impositam
1406 504 1470 537 pro
1488 492 1669 525 solutione
1691 493 1853 537 ipsorum
1875 491 2207 524 ambassiatorum'.

512 593 656 616 Comment.
675 593 724 615 sae.
741 592 819 620 med.‚
834 592 865 619 ΙΙ,
880 600 907 622 p.
924 594 947 615 6.

514 675 538 700 1.
554 676 637 707 April.
656 676 692 699 13.
717 676 849 703 Quantum
870 676 902 698 ad
918 676 986 698 hanc
1006 675 1185 698 reductionem
1206 675 1279 697 urbis
1299 675 1384 700 Paris.
1407 675 1459 698 vid.
1478 675 1613 703 Cosn'EAu,
1630 675 1667 698 Le
1682 675 1843 699 corme'tablc
1857 676 1889 699 de
1907 675 2083 709 Richemom,
2103 683 2130 705 p.
2152 675 2197 697 240
2212 682 2285 706 sqq.;

421 722 505 744 sontes
520 729 568 752 pro
584 721 632 744 hoc
649 722 734 744 fausto
748 724 850 748 eventu,
867 720 942 748 ibid.,
959 729 985 751 p,
1003 721 1056 748 253,
1071 723 1123 743 not.
1138 721 1161 743 3.
1174 733 1200 736 —
1216 719 1240 744 2.
1258 720 1382 750 Sequitur
1397 720 1433 751 (p.
1449 721 1489 749 7)·.
1506 729 1517 742 «
1532 720 1595 743 Item
1611 724 1673 742 xxv²
1688 720 1749 743 Maii
1764 719 1899 743 redierunt
1919 720 2124 743 ambassiatores
2140 723 2165 742 et
2180 722 2288 750 aporta-

421 769 515 789 verunt
529 766 757 788 confirmacionem
773 765 990 796 previllegiorum
1008 764 1195 788 Universitatis
1212 764 1367 795 sigillatam,
1384 767 1443 793 eta,
1459 767 1484 787 et
1498 764 1547 787 suit
1562 764 1649 796 positu
1664 765 1690 787 in
1705 764 1784 788 urchn
1800 765 1999 788 Universitatis.
2012 772 2022 787 ι)

422 934 566 971 2480.
590 945 622 968 In
638 942 856 976 congregatione
878 941 1076 967 Universitatis
1090 941 1118 966 in
1136 942 1162 967 S.
1181 941 1347 966 Mallzurino
1363 940 1456 977 April.
1474 942 1507 968 20
1519 941 1601 977 prior
1617 942 1644 966 S.
1659 941 1759 967 Jacobi
1779 940 1846 966 ord.
1865 941 1972 967 Praed.
1992 943 2080 975 refert
2098 940 2132 966 de
2149 940 2288 966 relatione

510 1001 563 1017 sua
586 1001 622 1017 ex
644 995 728 1027 pat-te
755 991 953 1017 Universitatis
978 990 1081 1016 habita
1105 999 1200 1015 coram
1221 990 1352 1026 principe
1369 990 1512 1025 [Artlzure
1528 990 1563 1016 de
1579 989 1772 1024 Riclzemontj,
1791 989 2007 1015 constabulario
2026 989 2175 1015 Franciae.
2195 990 2288 1015 Novus

510 1044 689 1066 conservator
700 1040 914 1076 privilegiorum
930 1039 1054 1074 eligitur,
1070 1039 1134 1066 scil.
1151 1039 1302 1075 episcopus
1317 1039 1554 1065 BellovacensisL
1569 1039 1708 1065 Solemnis
1724 1039 1907 1064 ambassiala
1921 1039 1962 1064 ad
1978 1047 2071 1073 regem
2090 1038 2221 1064 Carolum
2241 1039 2292 1064 VII

510 1090 600 1116 electa
617 1094 659 1115 est
674 1089 709 1115 de
726 1089 855 1125 qualibet
869 1089 987 1115 natione
1001 1093 1027 1115 et
1042 1088 1211 1123 facultatess⁴
1225 1089 1340 1114 Placuit
1354 1090 1441 1114 etiam
1455 1088 1711 1125 processionaliter
1726 1088 1767 1114 ire
1780 1088 1820 1113 ad
1837 1090 1864 1114 S.
1880 1088 2067 1113 Catharinam
2081 1087 2116 1113 de
2134 1087 2211 1114 Valle
2224 1089 2288 1113 Sco-

510 1140 613 1166 larium
630 1139 670 1164 ad
686 1139 800 1173 gratias
816 1138 958 1173 agendum
972 1138 1007 1164 de
1017 1139 1143 1175 pacifico
1160 1142 1186 1164 et
1204 1138 1351 1164 laudabili
1370 1138 1500 1173 ingressu
1520 1148 1535 1164 ‹
1552 1147 1586 1164 ac
1602 1139 1688 1173 quasi
1707 1137 1883 1163 miraculosa
1901 1137 2066 1163 reductione
2081 1137 2165 1173 liujus
2186 1136 2288 1173 inclyte

509 1189 604 1215 Paris.
621 1188 717 1214 urbis³
729 1197 752 1214 ›.

1634 1224 1707 1254 1436,
1723 1224 1814 1256 Aprilis
1828 1224 1872 1253 20,
1887 1224 2002 1250 Parisiis,

514 1274 589 1303 BUL.,
607 1274 635 1303 V,
652 1282 677 1304 p.
697 1274 748 1302 ¹435,
766 1282 779 1296 e
793 1273 849 1297 Lib.
862 1282 934 1305 proc.
950 1277 1003 1296 nat.
1016 1273 1118 1296 Picard.

513 1359 537 1384 1.
556 1359 688 1390 Episcopo
708 1359 834 1382 Meldensi
849 1359 905 1390 jam
923 1367 965 1382 nn.
987 1359 1056 1387 1435,
1072 1359 1139 1389 Aug.
1156 1359 1194 1387 23,
1210 1358 1341 1381 defuncto.
1363 1358 1511 1389 Episcopus
1532 1357 1723 1387 Bellovucens„
1746 1357 1880 1380 Johnnnes
1905 1356 2042 1380 ,luvenalis
2062 1356 2107 1379 des
2130 1355 2224 1379 Ursins
2246 1355 2288 1385 (ab

419 1412 462 1427 an.
479 1405 556 1433 1433),
574 1407 602 1427 ut
612 1407 782 1427 conservator
794 1403 974 1435 juramentum
990 1403 1124 1434 praestitit
1138 1411 1227 1426 coram
1243 1403 1421 1426 Universitnte
1432 1411 1475 1425 un.
1489 1403 1558 1428 1436.
1574 1402 1659 1433 April.
1674 1403 1704 1425 30
1719 1401 1844 1432 (Recueil
1857 1402 1903 1426 des
1912 1400 2061 1432 privilfiyes
2071 1402 2103 1425 de
2117 1400 2291 1425 l’b’niversite'

417 1450 449 1472 de
463 1449 556 1477 Paris,
574 1457 600 1480 p.
618 1449 681 1479 225).
699 1449 749 1471 Sed
765 1449 791 1471 in
808 1457 856 1471 ms.
873 1449 919 1472 lut.
933 1449 1002 1476 5494,
1019 1457 1047 1479 p.
1058 1448 1112 1478 174,
1128 1448 1264 1477 scribitur,
1278 1448 1333 1478 jum
1353 1448 1472 1477 Januar.⁷
1494 1455 1536 1472 an.
1559 1447 1628 1475 1436,
1645 1447 1784 1478 deputatos
1801 1448 1851 1470 sac.
1874 1445 1954 1469 theol.
1971 1445 2053 1469 fuisse
2068 1448 2244 1477 congregatos
2261 1445 2287 1468 in

417 1502 520 1516 cuinera
536 1502 605 1524 mag.
619 1493 747 1516 Johannis
766 1493 882 1516 Testoris
898 1501 908 1516 ι(
928 1501 1008 1524 super
1026 1493 1159 1515 discordia
1175 1493 1243 1515 inter
1258 1493 1327 1516 dom.
1345 1493 1472 1515 decanum
1488 1495 1513 1515 et
1525 1494 1736 1514 conservatorem
1755 1499 1776 1516 )ῑ.
1793 1505 1822 1508 -
1838 1490 1861 1515 2.
1875 1491 1933 1515 vid.
1950 1490 1976 1513 in
1993 1495 2021 1513 n⁰
2036 1490 2155 1522 sequenti
2172 1490 2288 1513 nomino.

417 1538 492 1561 Natio
512 1538 615 1562 Picard.
633 1541 694 1561 tune
715 1538 863 1561 Johannem
885 1539 1006 1561 llaneron
1025 1538 1050 1560 in
1069 1538 1290 1560 ambassiatorem
1308 1537 1398 1568 clegit.
1415 1551 1445 1554 —
1460 1536 1483 1561 3.
1502 1537 1527 1559 ln
1544 1537 1605 1560 Lib.
1623 1536 1718 1560 bedelli
1735 1536 1836 1565 facult.
1857 1536 1937 1559 theol.
1955 1537 2013 1564 (ms.
2035 1536 2080 1558 lat.
2102 1536 2171 1564 5494,
2192 1544 2219 1566 p.
2235 1535 2288 1564 174)

416 1584 529 1614 legitur:
548 1592 558 1605 (ι
575 1583 646 1614 [Pro]
663 1583 804 1606 offertoriis
819 1583 846 1606 in
858 1582 1074 1614 processionibus
1089 1582 1276 1606 Universitatis
1290 1582 1316 1605 in
1331 1582 1357 1605 S.
1370 1582 1513 1604 katharina
1529 1581 1560 1604 de
1574 1581 1646 1604 Valle
1661 1581 1818 1610 Scolnrium,
1835 1580 1939 1612 quando
1951 1580 2052 1611 Anglici
2068 1581 2173 1603 fuerunt.
2185 1579 2288 1611 expulsi

417 1636 431 1650 a
447 1628 512 1651 villa
527 1628 622 1657 Paris„
636 1628 677 1651 die
699 1636 730 1650 xx
752 1628 849 1659 Aprilis
874 1627 908 1659 xij
928 1628 986 1651 den.
1006 1628 1071 1650 Item
1086 1636 1132 1659 pro
1151 1627 1233 1650 cereis
1250 1627 1356 1650 traditis
1374 1626 1400 1649 in
1420 1626 1517 1649 eisdem
1533 1625 1751 1657 processionibus
1767 1625 1904 1656 magistris
1922 1625 2020 1647 nostris
2033 1633 2049 1647 x
2065 1625 2113 1648 sol.
2129 1624 2173 1656 viij
2190 1624 2249 1648 den.
2266 1632 2287 1648 n.

417 1673 454 1696 Ad
465 1673 528 1695 haee
543 1673 595 1696 vid.
608 1675 738 1701 Auctar„
754 1673 786 1701 ΙΙ,
800 1682 827 1704 p.
840 1674 895 1698 [187.
912 1676 964 1696 not.
982 1673 1005 1701 2,
1021 1676 1046 1696 et
1060 1673 1186 1697 Journal
1201 1673 1270 1696 d'un
1285 1671 1438 1703 bourgeois,
1453 1680 1481 1703 p.
1496 1672 1550 1694 320.

418 1847 563 1884 2481.
592 1856 767 1882 Universiias
782 1856 890 1890 Paris„
913 1856 974 1889 regi
994 1855 1094 1881 Carolo
1119 1857 1172 1882 VII
1185 1856 1299 1890 gratias
1317 1855 1428 1890 agendo
1446 1855 1481 1881 de
1499 1854 1664 1881 reductione
1685 1854 1763 1880 urbis
1782 1854 1888 1887 Paris.‚
1912 1853 2150 1887 ambassiatores,
2169 1861 2287 1888 quorum

507 1907 621 1932 nomina
638 1907 808 1940 afferuntur,
827 1906 867 1931 ad
883 1914 945 1931 eum
962 1906 1059 1932 mittit.

1585 1941 1656 1970 1436,
1670 1941 1762 1973 Aprilis
1775 1941 1811 1966 27
1814 1941 1871 1969 -30,
1887 1940 2001 1966 Parisiis.

508 2032 598 2063 Tres
627 2030 810 2063 chrestien
841 2037 876 2063 et
903 2037 977 2063 tres
1011 2030 1191 2063 excellent.
1225 2031 1363 2075 prince,
1402 2037 1525 2063 nostre
1555 2029 1749 2063 souverain
1784 2028 1959 2073 seigneur
1994 2034 2029 2060 et
2058 2031 2158 2072 pere,
2188 2033 2286 2060 toute

420 2098 568 2131 humble
590 2105 625 2131 et
644 2098 761 2143 loyale
782 2097 1007 2143 obeyssance
1023 2104 1058 2130 et
1073 2097 1279 2142 subjection
1301 2097 1517 2142 precedens.
1539 2098 1657 2141 Apres
1678 2096 1732 2129 les
1749 2096 1860 2128 dures
1881 2094 2091 2128 turbacions
2103 2106 2172 2139 que
2193 2106 2286 2127 nous

421 2177 533 2199 avons
554 2166 748 2198 souffertes
769 2165 1024 2210 longueinent¹
1049 2172 1084 2197 et
1104 2165 1294 2209 lajoieuse
1316 2164 1551 2197 consolacion
1573 2176 1643 2209 que
1664 2164 1755 2196 Dieu
1773 2164 1817 2196 de
1835 2166 1896 2204 [sa]
1919 2174 2026 2208 grace
2047 2174 2140 2195 nous
2161 2174 2180 2194 a
2200 2173 2290 2194 nou-

419 2233 616 2266 vellement
636 2233 786 2266 envoiee
805 2245 868 2277 par
897 2233 930 2264 le
953 2232 1074 2264 moien
1105 2232 1149 2264 de
1179 2232 1210 2264 la
1232 2232 1391 2277 benigne
1422 2235 1559 2272 [entree
1594 2235 1639 2271 et]
1670 2231 1860 2263 reduction
1893 2230 2082 2271 [soudaine
2121 2236 2156 2262 et
2193 2241 2294 2262 mer-

420 2300 608 2341 veilleuse]
632 2300 675 2332 de
692 2307 814 2332 vostre
836 2300 958 2332 bonne
979 2299 1064 2332 ville
1093 2300 1137 2331 de
1159 2299 1258 2332 Paris
1280 2306 1316 2332 et
1340 2299 1384 2331 de
1406 2311 1499 2331 nous
1530 2305 1612 2331 tous
1634 2310 1698 2331 vos
1720 2305 1794 2330 tres
1815 2297 1984 2330 humbles
2006 2296 2169 2342 subgiez,
2195 2308 2287 2342 pour

420 2380 510 2400 vous
532 2379 688 2412 exposer
708 2379 770 2399 sur
791 2379 844 2409 ce,
863 2371 1000 2407 [nostre
1024 2367 1219 2400 souverain
1244 2367 1444 2411 seigneur]‚
1467 2373 1502 2398 et
1521 2365 1684 2398 declarer
1705 2368 1722 2398 i«
1744 2365 1840 2410 plain
1862 2377 1929 2397 nos
1955 2364 2097 2397 bonnes
2123 2364 2285 2409 loyautes

421 2441 456 2466 et
477 2435 702 2476 entencions,
722 2446 788 2467 nos
809 2434 966 2479 longues
986 2434 1192 2475 afflictions,
1211 2433 1242 2466 Ia
1264 2434 1349 2478 joye
1366 2445 1436 2478 que
1457 2445 1570 2467 avons
1591 2433 1635 2466 de
1657 2432 1790 2466 nouvel
1812 2444 1956 2474 receue,
1974 2432 2006 2464 la
2027 2431 2165 2477 grande
2195 2430 2285 2463 deli-

422 2513 548 2546 genre,
571 2502 747 2534 doulceur
767 2508 803 2534 et
822 2501 1010 2547 benignite
1032 2501 1076 2534 de
1092 2501 1192 2534 hault
1213 2508 1248 2534 et
1267 2501 1433 2546 puissant
1448 2501 1573 2545 prince
1591 2500 1852 2545 monseigneur
1868 2500 1901 2532 le
1918 2498 2152 2532 connestable
2165 2505 2200 2531 et
2220 2498 2285 2531 des

422 2575 542 2601 autres
564 2569 790 2613 seigneursss
814 2569 875 2614 qui
897 2581 942 2602 en
960 2575 1212 2614 representem
1238 2575 1361 2602 vostre
1390 2569 1539 2613 lnajeste
1562 2568 1657 2601 reale
1683 2575 1746 2600 ont
1768 2575 1842 2600 tres
1865 2567 2127 2612 benignement
2151 2572 2186 2598 et
2212 2572 2286 2598 tres

423 2635 637 2669 doucement
660 2648 766 2669 recen
788 2636 819 2668 la
841 2636 1032 2669 reduction
1050 2636 1182 2669 dessus
1205 2636 1298 2669 dicte
1321 2643 1354 2669 et
1370 2636 1469 2668 aussi
1490 2625 1522 2668 le
1543 2635 1726 2668 necessit&
1747 2635 1834 2680 qu'il
1855 2641 1911 2667 est
1927 2634 1971 2667 de
1988 2634 2072 2666 bien
2087 2633 2286 2666 entretenir

422 2702 620 2735 l'abolition
641 2703 830 2747 generale‘⁵
866 2716 959 2748 pour
979 2704 1060 2748 paix
1080 2704 1273 2736 maintenir
1294 2703 1619 2748 perpetuelement.
1644 2704 1687 2735 Et
1707 2715 1751 2735 en
1775 2702 1933 2747 especial
1951 2714 2042 2746 pour
2061 2701 2201 2746 conjoir
2222 2712 2286 2733 sur

424 2781 462 2801 ce
479 2776 599 2802 vostre
617 2770 736 2814 royale
760 2770 1032 2815 nmgnificence,
1056 2778 1090 2804 et
1110 2783 1201 2804 vous
1222 2771 1310 2803 faire
1332 2777 1367 2803 et
1383 2770 1544 2810 exhiber,
1564 2777 1688 2803 nostre
1715 2770 1907 2803 souverain
1930 2769 2104 2814 seigneur
2124 2774 2158 2800 et
2183 2771 2282 2812 pere,

424 2836 657 2880 obeyssance,
676 2836 842 2869 honneur
862 2844 895 2870 et
913 2850 1106 2871 reverance
1128 2838 1357 2883 loyalement,
1377 2850 1515 2870 comme
1537 2849 1629 2870 nous
1651 2837 1683 2869 le
1706 2837 1875 2869 desirons
1896 2843 1931 2869 et
1950 2835 2079 2869 volons
2099 2836 2283 2879 tousjours

424 2903 523 2944 sane
543 2910 574 2935 et
593 2915 684 2947 pour
704 2916 794 2936 vous
812 2904 989 2937 declairer
1007 2905 1040 2937 16
1061 2912 1167 2950 grant
1190 2905 1310 2950 proffit
1333 2912 1367 2938 et
1388 2905 1544 2950 besoing
1565 2917 1634 2950 que
1665 2916 1757 2937 nous
1778 2912 1890 2937 avons
1914 2904 1958 2936 de
1988 2909 2109 2936 vostre
2140 2902 2283 2935 desiree
