2502 3418
274 304 381 340 1436]
620 318 666 340 ΑΒ
701 319 806 341 ANNO
841 319 1127 342 MCCCLXXXX1V
1161 321 1293 350 USQUE
1329 323 1372 343 AD
1410 323 1550 345 ANNUM
1585 325 1790 348 Mccccmi.
2072 319 2136 352 585

271 390 543 434 processiones,
568 391 697 425 missas
719 392 875 437 privatas
901 399 936 425 et
956 393 1134 437 publicas⁷
1156 406 1196 427 ac
1217 395 1389 440 suffragia
1409 396 1527 429 facere
1554 409 1618 441 pro
1639 398 1736 431 felici
1760 411 1934 433 successu
1964 407 1998 433 et
2018 408 2135 446 optata

271 455 387 489 salute
405 457 541 490 domini
564 458 679 491 nostri
702 459 813 504 regis,
832 465 1112 505 ceterorumque
1134 461 1366 494 dominorum
1389 463 1624 507 prefatorum,
1646 471 1681 497 et
1702 471 1820 498 cetera
1852 478 1921 510 que
1943 467 1979 499 in
2003 466 2135 501 talibus

269 523 393 556 offerri
415 523 547 557 solent.

1732 576 1780 608 M.
1800 577 1957 611 Hannnr.

362 634 499 666 Originule
512 635 539 659 in
552 635 629 660 Arcb.
644 635 722 660 Univ.
735 636 830 665 Paris„
847 637 922 660 theca
938 637 957 665 Ι,
972 638 1000 661 Α.
1018 638 1040 662 1.
1056 638 1083 662 h.
1098 651 1129 656 ·-
1141 638 1217 666 BUL.¹
1234 639 1263 667 V,
1279 640 1334 663 436.

362 728 387 754 1.
404 729 466 754 Scil.
482 729 554 761 apud
567 729 718 753 Atrebatem
734 738 776 754 un.
793 731 862 754 1435.
876 744 903 748 —
920 730 944 755 2.
962 731 981 754 Ι.
1001 739 1023 754 e.
1039 732 1191 761 Arthurem‚
1202 732 1233 755 de
1249 732 1412 757 Richemont.
1423 747 1453 752 -
1468 734 1493 758 3.
1509 734 1567 757 Vid.
1584 739 1613 757 n0
1628 735 1698 763 2485,
1715 738 1768 759 not.
1783 735 1805 759 1.
1821 749 1848 753 ——
1863 735 1889 760 k.
1906 737 2065 760 Procurator
2080 741 2136 762 nat.

267 773 420 798 Gallicanae
435 773 523 803 etiam,
539 773 672 797 Johannes
695 774 787 805 Mileti,
803 775 897 798 scribit
914 783 1003 799 mense
1022 776 1116 807 April„
1132 785 1190 800 esse
1206 785 1218 800 «
1234 777 1359 808 expulsos
1377 778 1500 809 antiquos
1517 779 1592 809 regni
1608 779 1739 809 inimicos,
1756 779 1879 803 videlicet
1895 781 2028 811 Anglicos,
2043 781 2135 805 subin-

267 818 368 849 gressis
383 818 474 841 multis
497 818 561 841 viris
581 818 716 842 nobilibus
732 819 841 842 Francie
857 822 881 842 et
897 828 993 851 magno
1011 820 1124 844 exercitu
1145 824 1309 844 armatorum
1328 830 1339 844 n
1360 822 1445 852 (Bur,
1460 823 1490 852 V,
1506 824 1571 852 893).
1590 837 1621 841 —-
1638 822 1663 848 5.
1680 824 1698 848 Ι.
1715 831 1737 848 e.
1757 824 1898 855 Philippus
1917 825 1948 848 de
1963 826 2087 855 Ternant,
2103 826 2137 849 ab

267 870 310 887 nn.
327 862 396 892 1436,
412 862 495 893 April.
512 863 549 893 13,
565 862 734 894 praepositus
750 863 835 887 Paris.
849 863 908 888 Vid.
925 863 1063 893 niumm,
1079 865 1148 890 Hist.
1163 866 1195 889 de
1209 865 1302 895 PariS,
1319 866 1361 895 IV,
1377 875 1403 897 p.
1420 868 1475 891 597.
1490 880 1520 885 —·
1535 866 1559 892 6.
1577 868 1596 891 1.
1615 876 1636 891 e.
1653 868 1877 892 ambassiatorum
1890 869 2005 892 civitatis
2021 870 2105 894 Puris.

269 1069 415 1107 2484.
438 1087 454 1105 ‹
475 1080 638 1114 Sequuntur
651 1079 819 1114 juramenta
839 1088 892 1115 que
913 1081 1012 1114 facere
1032 1085 1163 1107 tenentur
1184 1082 1440 1117 ambaxffiatores]
1462 1082 1502 1108 ad
1521 1083 1665 1109 dominum
1681 1088 1808 1110 nostrum
1830 1094 1923 1120 regem
1943 1086 2063 1112 Francie
2083 1095 2137 1122 pro

354 1131 441 1164 parte
461 1127 670 1155 Universitatis.
686 1137 701 1154 >

1435 1176 1510 1206 7436,
1523 1177 1615 1209 Aprilis
1627 1179 1723 1208 27-30,
1737 1179 1851 1206 Parisiis.

356 1260 475 1293 Primo
506 1260 603 1306 quod
634 1261 725 1295 infra
754 1261 850 1294 diem
878 1261 963 1294 lune
993 1262 1119 1307 [April.
1142 1264 1196 1303 30]
1218 1263 1280 1295 ubi
1308 1263 1597 1306 ambax[iatores]
1630 1266 1786 1299 civitatis
1820 1267 1897 1311 ipsa
1924 1267 1982 1300 die
2016 1279 2138 1300 reces-

264 1326 393 1368 serint,
417 1327 603 1368 recedent,
626 1340 692 1361 nec
715 1340 902 1361 recessum
925 1341 1029 1361 suum
1053 1329 1145 1362 ultra
1167 1330 1457 1372 ambax[iatores]
1479 1331 1634 1365 civitatis
1655 1333 1901 1377 protelabunt.

354 1395 459 1435 Item,
481 1395 579 1439 quod
601 1401 684 1440 post
713 1395 891 1440 inceptam
922 1396 1014 1429 viam
1042 1396 1151 1429 simul
1186 1404 1221 1430 et
1246 1397 1341 1430 inter
1369 1409 1408 1430 se
1434 1397 1588 1431 honeste
1614 1405 1649 1432 et
1669 1399 1908 1433 amicabiliter
1929 1401 1971 1433 ad
1993 1401 2136 1434 laudem

265 1459 332 1493 Dei
353 1467 389 1493 et
408 1460 585 1494 honorem
608 1461 867 1495 Universitatis
889 1474 927 1495 se
950 1470 1091 1508 regent.

354 1528 456 1569 Item,
481 1528 577 1572 quod
599 1528 642 1561 ab
668 1528 729 1561 illa
751 1529 809 1562 die
832 1541 901 1574 qua
922 1529 966 1562 ad
989 1530 1169 1563 civitatem
1197 1543 1301 1575 quam
1333 1531 1511 1565 inhabitat
1531 1539 1591 1565 aut
1612 1539 1696 1565 tunc
1726 1533 1940 1566 inhabitabit
1968 1534 2137 1568 (lominus

265 1600 393 1627 noster
413 1606 476 1627 rex
496 1594 838 1637 christianissimus,
868 1596 1066 1642 diligenter
1088 1604 1336 1642 excequentur
1360 1598 1600 1631 intentionem
1622 1600 1879 1633 Universitatis
1902 1601 2137 1634 conformiter

264 1661 308 1694 ad
330 1672 414 1694 suas
436 1662 713 1704 instructiones,
735 1663 837 1696 nullo
858 1663 967 1696 modo
990 1676 1056 1696 nec
1078 1663 1192 1708 palam
1214 1677 1281 1697 nec
1303 1665 1393 1698 clam
1415 1672 1473 1698 aut
1490 1666 1631 1699 occulte
1646 1666 1683 1699 in
1704 1667 1923 1700 contrarium
1939 1669 2134 1710 veniendo,

264 1728 329 1760 sed
346 1729 447 1772 juxta
468 1729 566 1762 vires
588 1730 819 1763 sustinendo.

353 1796 455 1837 Item,
474 1796 572 1841 quod
594 1796 728 1829 nullam
751 1797 1053 1842 suppli0ationem
1077 1798 1120 1832 ad
1142 1806 1279 1844 partem
1299 1811 1364 1844 pro
1387 1812 1426 1832 se
1447 1806 1507 1832 aut
1527 1800 1597 1833 alio
1619 1802 1779 1845 (excepta
1796 1801 1979 1835 dumtaxat
1995 1803 2134 1848 suppli—

263 1847 404 1895 catione
427 1863 594 1905 rectoris,
624 1875 689 1908 pro
711 1876 780 1908 qua
806 1871 914 1909 prout
939 1865 1070 1898 melius
1097 1873 1132 1899 et
1158 1866 1374 1911 diligentius
1400 1873 1574 1912 poterunt
1603 1867 1831 1912 laborabunt)
1863 1869 1941 1914 regi
1968 1877 2028 1902 aut
2053 1871 2131 1914 ejus

260 1928 499 1962 familiaribus
548 1930 812 1974 presentabant
852 1943 918 1964 seu
958 1933 1160 1977 presentari
1194 1932 1252 1966 vel
1284 1933 1492 1978 promoveri
1526 1934 1786 1978 procurabunt,
1827 1935 1943 1968 donec
1983 1949 2133 1981 presen-

261 1995 370 2028 tarint
391 1996 530 2030 litteras
552 1997 810 2031 Universitatis
832 2005 866 2031 et
886 1999 1198 2032 confirmationem
1217 1999 1495 2045 privilegiorum
1517 2001 1774 2034 Universitatis
1796 2002 2032 2036 obtinuerint.

350 2064 452 2104 Item,
471 2064 569 2108 quod
591 2070 754 2109 tempore
789 2077 860 2109 quo
887 2065 1074 2099 habebunt
1100 2079 1287 2099 accessum
1323 2067 1367 2100 ad
1395 2067 1582 2100 dominum
1610 2075 1775 2101 nostrum
1807 2081 1943 2114 regem,
1990 2071 2127 2103 nullum

260 2141 384 2162 secum
415 2130 662 2173 associabant,
704 2144 748 2165 ne
783 2133 876 2165 forte
904 2140 1054 2178 propter
1081 2134 1353 2167 multitudinem
1386 2135 1603 2167 intrancium
1640 2135 1833 2168 multitudo
1872 2137 2128 2181 magistrorum

259 2197 476 2230 retardetur.

347 2265 451 2305 Item,
474 2265 571 2309 quod
602 2265 725 2299 nullus
747 2266 1027 2311 particulariter,
1050 2268 1114 2300 sed
1143 2280 1270 2300 omncs
1296 2269 1537 2301 communiter
1566 2269 1830 2313 promotionem
1863 2277 1967 2314 prout
1996 2272 2126 2305 melius

258 2336 430 2375 poterunt
449 2332 710 2376 procurabunt,
734 2333 871 2378 absque
893 2335 1103 2379 acceptione
1126 2347 1377 2379 personarum.

345 2398 433 2430 Item
465 2399 563 2443 quod
595 2399 753 2433 fideliter
782 2401 941 2434 reserent
968 2402 1070 2446 juxta
1101 2413 1185 2434 suas
1212 2402 1309 2435 vires
1337 2402 1616 2446 responsionem
1645 2403 1783 2435 domini
1805 2404 1920 2437 nostri
1943 2405 2041 2450 regis
2080 2407 2124 2439 ad

257 2463 402 2509 singula
419 2472 550 2509 puncta
571 2467 821 2511 proponenda.

349 2571 465 2596 Minuta
480 2572 597 2597 chartac.
614 2572 641 2596 in
656 2573 734 2597 Arch.
749 2577 803 2598 nat.
819 2574 914 2604 Paris„
931 2575 955 2598 M
970 2574 1022 2606 65¹²,
1039 2579 1067 2597 n⁰
1078 2577 1107 2598 55
1124 2574 1195 2604 (olim
1211 2575 1239 2598 Α.
1254 2576 1276 2598 3.
1291 2576 1346 2605 gg),
1362 2582 1443 2605 supra
1456 2578 1485 2597 n⁰
1501 2575 1559 2597 ‘2481
1577 2575 1665 2603 citata,
1683 2583 1698 2597 n
1711 2578 1794 2606 tergo.
1815 2576 1949 2604 Quaedam
1967 2579 2126 2603 conveniunt

253 2622 313 2637 cum
325 2614 484 2646 juramentis
501 2617 724 2641 ambassiatorum
741 2619 772 2641 ad
787 2619 861 2642 Rom.
877 2619 977 2642 curiam
994 2619 1186 2642 destinatorum
1200 2618 1226 2642 in
1243 2618 1372 2643 Churtul.
1389 2619 1422 2649 ΙΙ,
1434 2627 1460 2649 p.
1472 2620 1517 2641 682
1528 2620 1589 2649 (23).
1600 2620 1729 2650 Tempore
1741 2624 1865 2651 sequente
1878 2621 1942 2645 haec
1955 2623 2125 2654 «juramenta

253 2659 464 2683 nmbaxiatorum
478 2661 624 2693 ad'regiam
639 2663 803 2694 majestatem
819 2663 1010 2687 destinatorum
1025 2672 1036 2686 ))
1053 2663 1219 2695 aliquantum
1234 2666 1335 2686 mutata
1349 2664 1455 2686 fuerunt
1470 2671 1475 2686 :
1496 2671 1507 2686 t<
1520 2663 1608 2686 Primo
1622 2663 1747 2695 jurabitis
1764 2666 1833 2696 quod
1849 2666 1919 2689 infra
1933 2675 1976 2690 sex
1992 2668 2047 2692 dies
2065 2673 2127 2700 post.

252 2703 429 2735 receptionem
446 2705 597 2729 litterarum
617 2707 805 2730 Universitatis
825 2711 850 2731 et
871 2708 1044 2739 pecuniarum
1064 2707 1191 2732 recedetis
1211 2716 1226 2730 a
1244 2707 1307 2731 villa
1323 2707 1467 2730 parisiensi
1482 2710 1507 2730 et
1527 2707 1663 2731 suburbiis
1683 2708 1809 2739 ejusdem.
1832 2710 1981 2735 Secundum
1999 2714 2068 2744 quod
2092 2714 2126 2737 ad

254 2747 355 2779 regiam
375 2749 541 2780 majestatem
562 2751 691 2774 accedetis
712 2752 867 2783 quantocius
890 2753 1025 2775 commode
1045 2752 1167 2783 poteritis
1191 2760 1212 2775 ».
1234 2752 1342 2775 Caetera
1362 2754 1490 2782 quantum
1510 2752 1544 2774 ud
1562 2760 1668 2775 sensum
1684 2754 1851 2778 conveniunt.
1873 2755 1972 2779 Ultima
1995 2758 2102 2782 rubrica
2119 2767 2124 2783 :

254 2800 266 2815 (ι
284 2793 348 2816 Item
364 2793 390 2816 in
402 2802 526 2825 regressu
544 2799 632 2818 vestro
648 2805 699 2819 non
715 2796 849 2820 intrabitis
865 2797 982 2828 aliquam
998 2797 1105 2819 domum
1123 2796 1240 2819 Parisius
1257 2797 1338 2819 donec
1354 2796 1472 2819 dixeritis
1489 2796 1595 2819 domino
1612 2797 1706 2820 rectori
1723 2798 1765 2829 qui
1786 2807 1834 2830 pro
1851 2799 1897 2823 illo
1915 2804 2032 2832 tempore
2049 2805 2127 2828 sumit

253 2836 395 2861 adventum
412 2842 529 2862 vestrum
544 2848 555 2862 ι)
570 2841 646 2870 (Mus.
664 2841 794 2869 Britann.,
811 2841 872 2866 add.
888 2842 973 2870 17304.
991 2842 1036 2865 sol.
1053 2841 1111 2864 131¹)
1137 2841 1239 2864 noviter
1255 2841 1330 2869 155b).

377 2886 442 2903 *Μ*
460 2884 556 2908 Chare.
579 2885 659 2909 Um'v.
677 2886 769 2910 Paris.
788 2886 830 2910 IV.
1114 2861 1120 2873 ⁷
1974 2892 2002 2915 74
