2502 3418
254 367 358 403 1419]
597 381 643 402 ΑΒ
677 380 782 402 ANNo
816 380 1104 402 MCCCLXXXXIV
1138 380 1268 408 USQUE
1306 380 1354 401 An
1388 380 1527 402 ANNUM
1562 381 1767 403 mccchii.
2052 374 2114 407 361

254 510 398 546 2126.
422 518 558 545 Facultas
570 518 729 544 medicinae
741 519 908 554 portitorem
920 519 967 544 sui
979 518 1065 544 rotuli
1081 518 1167 553 elegit
1177 519 1291 544 Petrum
1303 518 1456 552 Bernicoti,
1469 518 1527 544 nisi
1543 520 1643 544 Petrus
1657 519 1822 552 Bechebien,
1837 529 1964 546 reversus
1976 522 2115 555 Parisios,

342 572 459 604 portare
475 567 554 593 illum
571 567 643 594 velit.

1454 612 1522 641 1479.
1538 613 1671 639 Februarii
1683 614 1707 642 4,
1723 614 1836 639 Parisiis.

346 700 411 732 Die
432 706 556 744 quarta
578 699 765 732 Februarii
792 699 859 731 fuit
884 705 1078 732 convocata
1098 698 1249 731 facultas
1275 699 1455 732 medicine
1481 699 1576 744 apud
1603 701 1769 733 Sanctum
1800 701 2018 733 Maturinum
2042 708 2124 746 post

258 767 403 799 missam
434 766 612 799 facultatis
719 765 763 798 ad
790 765 1001 810 eligendum
1032 766 1246 810 portitorem
1274 765 1426 798 rotuli...
1459 766 1765 811 Supplicaverunt
1794 768 1966 812 magister
1997 769 2123 801 Petrus

258 833 494 867 Cardonnelli
516 840 548 866 et
577 833 751 877 magister
771 833 900 865 Petrus
928 832 1114 865 Bernicoti
1138 832 1304 865 volentes
1325 832 1430 865 ambo
1453 828 1617 878 recipere
1638 833 1887 866 ambassiatam
1915 841 1950 867 et
1977 834 2127 879 legatio-

259 911 340 932 nem
363 900 522 945 propriis
549 899 756 944 sumptibus
784 899 873 940 suis,
901 898 1039 944 absque
1070 899 1138 932 hoc
1164 899 1262 944 quod
1291 898 1428 944 aliquid
1459 900 1665 945 reciperent
1694 913 1711 933 a
1737 901 1923 946 magistris
1948 901 2127 934 facultatis

259 967 336 1000 sive
357 966 571 1012 regentibus
592 972 652 999 aut
672 978 745 999 non
766 965 980 1010 regentibus
1002 972 1062 998 aut
1082 966 1187 998 etiam
1209 966 1436 1007 absentibus,
1464 966 1532 999 sub
1555 968 1816 1012 protestatione
1839 957 1954 1001 tamen
1979 968 2076 1013 quod
2099 968 2128 1000 si

260 1033 492 1078 contingeret
521 1045 613 1078 mag.
644 1034 787 1065 Petrum
820 1031 1046 1065 Bechebien¹
1074 1033 1208 1066 reverti
1238 1033 1413 1073 Parisius,
1437 1034 1498 1078 qui
1524 1046 1589 1078 pro
1617 1041 1701 1067 tunc
1723 1046 1796 1067 non
1818 1041 1893 1067 erat
1913 1035 2074 1067 Parisius
2096 1042 2131 1067 et

261 1099 349 1133 alias
370 1100 487 1132 fuerat
507 1099 647 1133 electus
668 1111 733 1144 pro
756 1099 932 1144 portitore
953 1098 1076 1140 rotuli,
1098 1099 1178 1144 ipse
1204 1100 1430 1145 reciperetur
1456 1100 1500 1133 ad
1530 1101 1746 1145 portandum
1776 1101 1934 1134 rotulum
1966 1101 1996 1134 si
2022 1101 2133 1134 vellet

262 1164 420 1211 portare,
438 1173 473 1199 et
493 1165 555 1199 ubi
576 1178 650 1199 non
670 1165 781 1199 vellet
800 1171 958 1210 portare,
985 1166 1046 1210 qui
1076 1177 1142 1211 pro
1169 1178 1265 1199 nunc
1287 1166 1486 1212 eligeretur
1506 1166 1657 1200 haberet
1686 1174 1842 1212 portare,
1866 1175 1901 1200 et
1921 1168 2040 1212 quoad
2065 1167 2133 1200 hoc

263 1230 438 1278 magister
458 1234 586 1266 Petrus
608 1233 793 1266 Bernicoti
812 1233 880 1265 suit
900 1231 1039 1265 electus
1061 1244 1125 1277 pro
1147 1233 1325 1278 portando
1346 1233 1541 1266 rotulum'2.

357 1331 501 1354 Comment.
520 1331 570 1355 fac.
585 1331 663 1361 med„
677 1331 696 1360 I,
713 1318 768 1354 231.

356 1414 380 1439 1.
394 1415 467 1438 Tunc
482 1414 595 1446 negotiis
610 1415 699 1446 potius
720 1423 799 1446 quam
819 1415 976 1438 lectionibus
996 1416 1100 1438 functus
1114 1418 1162 1438 est.
1183 1416 1231 1438 An.
1250 1416 1310 1438 1420
1326 1415 1423 1438 dicitur
1439 1424 1449 1438 α
1467 1415 1585 1438 medecin
1605 1415 1640 1438 du
1663 1418 1738 1438 conte
1754 1415 1785 1438 de
1801 1416 1895 1438 Vei-tus
1912 1424 1923 1438 »
1940 1418 1982 1445 (DE
1999 1416 2137 1444 LABORDE,

264 1460 340 1484 Duc-5
355 1461 388 1483 de
408 1460 587 1490 Bouryoq'ne,
606 1460 727 1488 Preuves,
749 1459 795 1488 ΙΙΙ,
809 1468 837 1491 p.
854 1460 908 1488 281,
924 1461 990 1490 284).
1008 1459 1124 1482 Medicus
1147 1460 1227 1483 etiam
1250 1460 1299 1483 suit
1323 1460 1430 1491 reginae
1455 1460 1584 1483 Isabellae
1607 1460 1638 1483 de
1660 1460 1783 1488 Bavarin,
1800 1463 1825 1483 et
1842 1460 1951 1491 insuper
1967 1460 2000 1483 ab
2019 1468 2061 1485 an.
2080 1461 2139 1483 1429

265 1504 352 1535 Caroli
368 1505 412 1527 Vll
427 1504 592 1536 aliorumque
605 1504 668 1533 (vid.
685 1512 718 1527 DE
736 1504 911 1534 BEAUCOURT‚
926 1505 1000 1529 Hist.
1017 1505 1049 1528 de
1066 1504 1181 1529 Charles
1197 1504 1257 1535 VII,
1273 1508 1292 1528 t.
1304 1505 1346 1532 Vl,
1361 1514 1387 1536 p.
1400 1506 1446 1527 396
1457 1507 1521 1536 sq.);
1538 1513 1580 1528 an.
1595 1505 1651 1528 1441
1667 1505 1749 1536 epiSC.
1761 1505 1915 1528 Cnrnotens.
1931 1505 1994 1533 (vid.
2005 1507 2137 1532 Auctar„

265 1549 298 1577 11,
314 1557 340 1580 p.
357 1549 411 1576 851,
428 1552 482 1572 not.
494 1550 526 1578 5).
539 1549 631 1572 Libros
648 1549 818 1572 medicinales
834 1557 899 1580 quos
914 1549 1078 1580 possederat,
1094 1542 1259 1572 exsecutores
1276 1549 1332 1580 ejus
1348 1550 1498 1572 testamenti
1513 1549 1638 1572 librariae
1654 1550 1779 1572 ecelesiae
1795 1549 1963 1572 Carnotensis
1976 1549 2114 1577 dederunt,
2127 1558 2139 1572 e

266 1586 362 1624 quibus
379 1594 473 1616 saltem
487 1593 565 1616 hodie
582 1597 725 1625 supersunt
738 1602 802 1617 msS.
819 1593 845 1616 in
861 1593 986 1623 Cataloy.
1002 1588 1082 1624 (1889)
1094 1593 1128 1616 n³⁵
1141 1595 1195 1622 224,
1212 1595 1267 1623 278,
1281 1595 1336 1622 293,
1353 1595 1406 1624 393,
1419 1595 1472 1622 403,
1486 1595 1540 1622 406,
1557 1595 1611 1617 417.
1628 1594 1687 1617 Vid.
1703 1594 1782 1617 etiam
1798 1595 1826 1617 A.
1841 1594 1972 1622 efflavit,
1990 1594 2041 1618 Les
2054 1594 2140 1618 e'coles

266 1639 298 1662 de
316 1639 446 1662 Chai-tres
460 1645 500 1662 au
515 1645 614 1668 moyen
628 1640 688 1668 aye,
706 1639 771 1667 1895,
791 1647 818 1669 p.
833 1639 887 1668 445,
901 1639 957 1661 480.
972 1638 1032 1661 Fuit
1048 1638 1114 1661 alter
1130 1639 1222 1663 Petrus
1238 1638 1394 1667 Bechebien,
1411 1639 1529 1669 ejusdem
1546 1640 1636 1667 frater,
1654 1639 1797 1663 archidiac.
1815 1639 1950 1666 Drocens.,
1970 1639 2001 1661 de
2020 1647 2070 1670 quo
2086 1638 2140 1662 vid.

270 1682 435 1711 CLERVAL,1.
452 1691 474 1706 c.
490 1696 521 1700 —
538 1682 562 1707 2.
580 1683 639 1706 Jam
659 1683 769 1706 Januar.
786 1683 814 1705 28
836 1686 861 1705 et
883 1683 960 1706 Febr.
975 1684 988 1705 2
1005 1683 1104 1705 frustra
1124 1686 1271 1706 tentaverat
1293 1684 1405 1706 facultas
1426 1683 1519 1707 medic.
1540 1683 1697 1714 portitorem
1718 1683 1825 1714 eligere,
1845 1683 2009 1706 certantibus
2030 1683 2098 1706 inter
2114 1691 2141 1706 se

270 1727 298 1750 P.
315 1727 482 1750 Cardonnelli
496 1730 573 1758 atque
590 1727 617 1750 P.
633 1726 773 1755 Bernicoti,
788 1730 813 1750 et
824 1730 935 1758 utroque
948 1730 1001 1750 tres
1012 1735 1088 1750 voces
1105 1727 1254 1758 colligente.

273 1933 301 1968 2
312 1933 417 1970 127.
443 1944 558 1968 Statum
571 1943 725 1976 facultatis
742 1943 917 1969 decretorum
934 1943 969 1969 de
983 1943 1179 1978 licentiandis,
1194 1948 1313 1980 propter
1328 1943 1470 1969 malitiam
1487 1947 1643 1979 temporum
1661 1944 1836 1969 necessaria.

1395 2036 1463 2065 1419,
1479 2037 1536 2062 dan.
1553 2037 1672 2062 4-Martii
1686 2037 1724 2066 75,
1739 2037 1856 2062 Parisiis.

367 2122 431 2153 Die
457 2128 581 2166 quarta
607 2123 745 2155 mensis
772 2123 932 2156 Januarii
962 2123 1045 2155 anni
1076 2123 1221 2156 Domini
1251 2123 1436 2156 millesimi
1464 2124 1586 2157 CCCC
1599 2125 1719 2156 XVIII
1749 2124 1815 2156 suit
1846 2124 2050 2156 ordinatum
2082 2136 2145 2168 per

277 2188 446 2221 dominos
467 2189 649 2230 doctores,
668 2196 817 2234 propter
833 2190 1007 2222 maliciam
1026 2190 1203 2235 temporis
1219 2190 1382 2235 gentium
1401 2202 1582 2222 armorum
1601 2202 1670 2234 que
1690 2202 1753 2234 pro
1773 2196 1855 2223 tunc
1872 2190 2029 2234 vigebat,
2049 2191 2143 2234 quod

279 2255 309 2287 si
331 2255 560 2300 contingeret
585 2255 742 2300 aliquem
764 2256 993 2289 dominorum
1016 2257 1204 2289 doctorum
1232 2269 1297 2301 pro
1319 2264 1403 2289 tunc
1427 2257 1630 2301 regentium
1654 2268 1692 2289 se
1717 2257 1887 2289 recedere
1909 2256 1952 2289 ab
1978 2257 2042 2290 hac
2063 2257 2145 2290 villa

279 2322 391 2354 Paris.
416 2328 450 2354 et
477 2334 550 2354 non
572 2329 697 2366 posset
719 2323 851 2356 reverti
880 2330 1027 2368 propter
1053 2323 1253 2368 periculum
1283 2330 1500 2356 armatorum
1522 2323 1579 2356 vel
1610 2323 1810 2368 periculum
1840 2324 2026 2368 temporis,
2056 2324 2146 2356 adeo

283 2388 379 2432 quod
402 2400 474 2421 non
495 2396 619 2421 essent
640 2390 676 2421 in
698 2389 886 2422 mensibus
908 2390 1024 2423 tribus
1046 2397 1126 2423 ante
1148 2390 1375 2423 Nativitatem
1398 2390 1492 2423 beati
1517 2390 1693 2423 Johannis
1716 2390 1875 2434 Baptistc
1899 2417 1950 2431 ...,
1972 2391 2019 2422 sit
2039 2403 2147 2434 capax

282 2455 446 2488 utilitatis
468 2455 612 2488 licentie
634 2457 840 2489 immediate
861 2457 1050 2501 sequentis
1128 2458 1211 2490 dum
1235 2464 1354 2490 tamen
1375 2464 1500 2490 essent
1520 2458 1556 2489 in
1579 2457 1672 2489 dicta
1694 2457 1837 2488 licentia
1859 2464 2060 2501 presentes.

374 2523 415 2553 Et
435 2529 535 2554 erant
558 2534 622 2567 pro
645 2529 728 2555 tunc
751 2530 922 2567 regentes
942 2535 948 2555 :

372 2621 444 2653 Mag.
461 2621 526 2646 Joh.
544 2621 579 2646 de
595 2621 735 2654 Crepone.
1317 2623 1389 2655 Mag.
1407 2622 1472 2647 Joh.
1490 2622 1599 2655 Vipart.

373 2669 459 2695 Dom.
476 2669 564 2695 abbas
580 2670 606 2695 S.
623 2670 757 2703 Crispini.
1334 2686 1369 2688 —
1405 2670 1581 2702 Reginaldus
1597 2670 1697 2695 Crassi.

404 2733 437 2736 —
475 2719 708 2745 Gemeticensis'.
1334 2734 1369 2737 ——
1406 2719 1578 2752 Radulphus
1594 2718 1743 2744 Rousselli.

375 2767 448 2800 Mag.
465 2767 530 2794 Joh.
549 2768 679 2794 Guerini.
1336 2784 1371 2786 —
1407 2768 1538 2793 Nicolaus
1551 2768 1586 2793 de
1602 2768 1698 2801 Logia,
1716 2768 1794 2800 prior
1809 2768 1844 2793 (le
1862 2768 2009 2794 Pontibus.

375 2816 460 2842 Dom.
476 2817 510 2843 de
526 2817 652 2851 Bequ02.

378 2918 458 2949 Fuit
478 2918 582 2950 etiam
604 2919 808 2952 ordinatum
838 2921 934 2965 quod
962 2921 1290 2965 quotienscumque
1318 2918 1449 2963 aliquis
1481 2918 1659 2950 dictorum
1691 2917 1919 2950 dominorum
1952 2919 2150 2960 recederet,

411 2978 475 2995 *Η*
494 2976 587 3000 Chare.
611 2977 689 3000 Univ.
707 2977 799 3002 Paris.
821 2978 862 3001 IV.
1981 2991 1984 2994 ’
2001 2977 2031 2999 ‘¹⁶
