2502 3418
394 331 459 363 328
875 344 877 346 v
972 338 1294 362 CHARTULARIUM
1329 337 1520 360 uruvsns.
1558 336 1689 358 PARIS.
2166 320 2265 357 [1416

396 414 533 455 seculo,
557 415 726 459 quatinus
756 414 883 447 frande
913 414 1074 447 fraudem
1107 413 1270 458 repellat.
1303 412 1374 446 Sed
1405 417 1594 445 crescente
1621 411 1658 442 in
1686 410 1766 442 dies
1794 409 1887 442 malo
1908 420 2075 441 crescere
2097 407 2206 440 debet
2232 414 2267 455 et

397 481 499 514 malis
522 481 735 521 ostaculum,
759 493 830 526 quo
853 481 1056 514 studiorum
1079 492 1164 513 cura
1186 486 1346 524 protecta
1373 489 1518 522 semper
1543 477 1580 509 in
1609 488 1713 509 suum
1747 476 1945 521 perfectum
1969 474 2138 515 resideat,
2160 480 2266 519 atque

396 548 431 580 id
453 548 939 593 potissimum>conservetur
956 547 991 579 in
1014 559 1084 591 quo
1107 546 1370 579 solidissimum
1395 544 1550 577 ecclesie
1571 543 1709 575 residet
1730 542 2015 574 fundamentum.
2035 542 2075 573 In
2091 540 2266 573 materiali

396 615 578 659 siquidem
595 627 747 659 corpore
765 614 1008 647 sivviolentum
1029 613 1200 658 quitpiam
1219 623 1352 656 corpus
1374 610 1561 651 invaserit,
1580 610 1735 654 primum
1756 615 1864 653 caput
1883 615 1918 641 et
1939 619 2113 641 sensuum
2130 608 2264 640 sontem

395 694 521 714 manus
542 682 621 726 ipse
642 681 821 714 muniunt.
846 682 918 713 Hec
940 692 982 712 eo
1004 680 1084 724 ipso
1107 680 1143 711 in
1164 679 1323 711 medium
1340 678 1506 717 veniunt,
1524 676 1607 721 quia
1629 676 1855 708 turbationes
1876 675 2099 715 innumeras,
2120 686 2267 719 proees-

397 761 502 781 suum
525 748 724 781 lateralium
748 747 995 780 involutiones
1016 753 1122 790 atque
1144 745 1292 789 vulpine
1318 751 1413 777 artes
1439 743 1510 776 hiis
1540 743 1587 775 ita
1615 754 1680 787 pro
1701 741 1929 787 temporibus
1950 741 2206 786 obrepserunt,
2230 747 2268 774 ut

397 827 502 848 nemo
525 815 726 855 studiosus,
750 826 854 846 nemo
877 813 1088 858 sapientiam
1112 811 1285 856 diligens,
1309 822 1436 855 panem
1458 822 1501 842 ex
1521 809 1624 842 altari
1645 815 1828 854 sumptum
1850 808 1983 841 sinitur
2003 808 2040 840 in
2062 807 2267 853 justissima

398 894 483 928 pace
505 881 710 921 comedere,
734 892 852 923 neque
876 879 938 912 Dei
963 879 1060 924 pacis
1082 877 1308 911 sacerdotale
1329 876 1574 909 ministerium
1595 888 1669 908 non
1690 876 1856 920 cuiquam
1880 875 1959 908 sine
1981 875 2082 919 gravi
2102 874 2165 907 lite
2187 886 2268 919 per-

397 949 568 993 quiritur,
587 954 755 980 montana
777 946 1012 991 pertransire,
1030 945 1106 978 vias
1128 956 1322 990 peragrare
1345 943 1512 976 difficiles
1533 943 1583 981 hii
1605 949 1863 988 perurgentur,
1882 942 1943 987 qui
1965 953 2086 974 rerum
2109 941 2267 974 difficilia

397 1015 483 1048 satis
514 1014 635 1047 studio
666 1019 922 1052 tractaverunt,
954 1013 1001 1044 ita
1030 1019 1069 1044 ut
1098 1011 1214 1056 magis
1245 1010 1411 1056 corporis
1439 1010 1612 1043 exercitio
1640 1021 1745 1054 quam
1777 1009 1909 1042 mentis
1940 1008 2061 1042 studio
2091 1007 2268 1041 beneficia

397 1082 484 1114 viris
506 1081 712 1120 obveniant,
731 1087 837 1124 atque
859 1079 1090 1124 potissimum
1112 1079 1148 1111 in
1169 1078 1240 1111 hiis
1262 1077 1435 1118 medium,
1459 1076 1674 1118 scola[s]tica
1695 1076 1872 1117 doctrina,
1891 1075 2054 1120 equestri
2075 1087 2140 1120 pro
2162 1075 2269 1108 indu-

397 1150 483 1181 stria
512 1147 750 1191 relinquatur.
783 1148 966 1191 Rogamus
997 1146 1109 1191 igitur
1129 1151 1246 1178 cetum
1274 1151 1437 1178 vestrum
1469 1144 1719 1183 sacerrimum,
1749 1143 1933 1188 quatinus,
1961 1143 2013 1176 uti
2043 1142 2150 1175 nobis
2179 1142 2267 1175 alias

397 1214 576 1247 indultum
595 1220 662 1255 est,
682 1226 746 1258 pro
763 1213 882 1246 causis
904 1212 1181 1245 beneficialibus
1202 1211 1294 1244 ultra
1316 1223 1441 1244 muros
1462 1211 1689 1258 Parisienses
1710 1222 1783 1243 non
1804 1217 2011 1243 tractemur.
2034 1211 2078 1242 Et
2098 1209 2266 1254 quoniam

398 1281 504 1314 nobis
525 1281 733 1325 assignatus
760 1280 937 1313 terminus
962 1281 1035 1324 jam
1064 1279 1198 1312 labitur
1223 1285 1282 1311 aut
1309 1278 1470 1323 adspirat
1498 1278 1543 1311 ad
1572 1278 1779 1318 terminum,
1803 1276 1909 1310 nobis
1939 1276 2007 1310 hoc
2036 1276 2266 1322 privilegium

397 1355 515 1381 vestra
546 1347 740 1392 largitione
771 1347 1003 1380 scientiarum
1034 1346 1167 1379 intuitu
1195 1345 1431 1378 confirmetur
1450 1352 1511 1378 aut
1540 1345 1709 1386 donetur,
1731 1351 1767 1377 et
1785 1356 1850 1378 vos
1878 1344 1930 1377 sic
1956 1350 2102 1376 nostros
2123 1343 2160 1376 in
2181 1354 2267 1388 pace

398 1414 652 1455 confovebitis,
675 1413 821 1446 ssorebit
850 1413 1120 1446 habundantius
1147 1413 1216 1445 hoc
1238 1412 1396 1445 studium
1420 1419 1455 1445 et
1479 1411 1587 1445 bonis
1608 1411 1754 1444 Domini
1778 1410 2037 1456 locupletatum
2058 1411 2095 1443 in
2116 1410 2268 1443 aliorum

398 1482 639 1514 eruditionem
662 1481 844 1513 refundet.
869 1481 1031 1514 Sanctam
1053 1487 1223 1521 vestram,
1247 1486 1315 1512 etc.

490 1580 607 1603 lilinum
623 1579 740 1602 chartac.
753 1579 779 1602 in
796 1579 873 1602 Arch.
891 1582 945 1602 nat.
961 1579 1056 1609 Paris,
1074 1579 1095 1602 M
1110 1579 1161 1608 65¹¹,
1178 1583 1207 1601 n⁰
1222 1579 1245 1602 2.
1263 1578 1330 1601 Ibid.
1346 1578 1378 1600 nd
1393 1577 1533 1609 quemdam
1546 1577 1701 1608 episcopum
1716 1576 1769 1599 alia
1782 1576 1905 1607 epistola,
1922 1579 1950 1598 ut
1963 1584 1990 1598 se
2003 1578 2179 1607 protectorem
2191 1574 2270 1606 hujus

397 1624 495 1655 negotii
512 1627 649 1647 monstret.
665 1624 730 1647 Cum
745 1632 788 1647 an.
803 1624 873 1656 1413,
890 1623 973 1654 April.
992 1627 1017 1646 et
1035 1623 1104 1650 Maii,
1121 1623 1254 1646 ,lohannes
1272 1623 1352 1646 XXIII
1367 1622 1540 1653 privilegium
1558 1621 1724 1653 praedictum
1738 1621 1771 1644 ad
1785 1620 1929 1644 triennium
1945 1619 2109 1648 indulsisset,
2126 1619 2175 1642 hoc
2189 1619 2272 1642 docu-

398 1672 514 1692 mentum
528 1669 560 1691 ad
572 1677 614 1692 an.
630 1669 690 1691 1416
704 1668 828 1699 pertinet.
845 1669 877 1691 Et
889 1668 951 1699 quia
966 1676 1026 1691 cum
1041 1668 1092 1691 isto
1108 1668 1249 1699 privilegio
1266 1667 1397 1696 cohaeret,
1414 1675 1461 1690 nos
1475 1667 1551 1696 illud,
1566 1666 1688 1698 quamvis
1702 1665 1818 1689 Concilio
1833 1664 2030 1689 Constantiensi
2044 1664 2215 1691 destinatum.
2229 1663 2272 1687 hic

396 1714 509 1736 edimus.
528 1714 583 1736 Non
599 1716 686 1736 tamen
703 1716 843 1744 antequam
859 1713 918 1736 novi
936 1713 1016 1744 legati
1031 1713 1064 1735 nd
1077 1712 1224 1736 Concilium
1239 1712 1342 1740 iverint,
1360 1712 1473 1743 epistola
1484 1710 1644 1734 transmissa
1659 1714 1708 1734 est.

399 1867 543 1904 2079.
567 1876 706 1902 Iohannis
728 1876 763 1902 de
784 1875 969 1901 Monsterolio
989 1875 1029 1901 ad
1053 1875 1270 1901 Universitatem
1290 1875 1450 1900 Par-isiens.
1472 1874 1610 1900 adversus
1626 1882 1726 1908 mores,
1743 1873 1886 1899 levitatem
1908 1876 1936 1898 et
1955 1872 2062 1898 malam
2077 1871 2164 1906 fidem
2181 1871 2272 1906 Sigis-

489 1925 594 1960 mundi,
612 1926 803 1951 Romanorum
819 1925 1012 1961 imperatoris,
1029 1924 1162 1960 epistola.
1180 1935 1193 1948 (ι
1207 1925 1365 1951 Meditabar
1378 1926 1406 1950 ct
1422 1932 1540 1950 mecum
1556 1932 1637 1950 nunc
1651 1923 1773 1957 agebam
1788 1933 1813 1948 ».

1589 2012 1660 2042 7416,
1674 2012 1859 2044 ›laqueti-1477
1873 2011 1993 2037 ineuntes

491 2103 610 2134 Epistola
633 2103 732 2125 inserta
757 2105 796 2125 est
811 2102 938 2133 epistolae
961 2102 993 2124 ad
1017 2110 1105 2133 regem
1126 2101 1249 2125 Carolum
1269 2103 1289 2131 (<‹
1307 2101 1441 2129 Quatenus
1464 2104 1551 2124 vestre
1572 2100 1718 2131 majestatis
1733 2101 1765 2129 u),
1783 2107 1849 2131 quae
1871 2099 1962 2122 finitur
1976 2107 1982 2122 :
1998 2107 2009 2121 «
2027 2098 2161 2129 Scriptum
2180 2097 2230 2120 hac
2245 2097 2273 2120 in

400 2149 465 2171 hora
482 2156 521 2170 mc
537 2148 569 2170 de
582 2147 788 2178 congregatione
801 2147 989 2170 Universitatis
1005 2146 1121 2178 generali
1140 2155 1269 2177 regresso,
1283 2146 1308 2169 in
1325 2155 1376 2177 qua
1393 2146 1484 2177 plures
1501 2145 1562 2168 altis
1580 2145 1689 2168 vocibus
1705 2144 1858 2167 obtulerunt
1872 2143 1990 2175 plurima
2006 2144 2075 2166 faeta
2090 2146 2179 2166 vestra
2193 2142 2274 2174 (quod

400 2193 467 2215 Deus
485 2195 594 2221 avertat)
610 2192 642 2214 ad
659 2191 838 2222 suspicionem
853 2191 978 2214 reducere
993 2191 1093 2214 heresis
1110 2191 1301 2214 vehementem.
1317 2191 1403 2221 Super
1417 2190 1514 2221 quibus
1530 2190 1691 2212 audiendum
1705 2188 1794 2220 potius
1809 2192 1950 2216 vectorem,
1966 2196 2046 2219 quam
2064 2187 2164 2218 scripto
2183 2186 2273 2218 palam

401 2238 486 2260 facere
502 2237 591 2260 fideles
610 2240 696 2259 vestre
715 2236 880 2259 celsitudinis
897 2239 1056 2259 censuerunt
1072 2243 1093 2259 ν).
1110 2235 1173 2258 Cod.
1190 2236 1247 2258 Vat.
1265 2236 1327 2266 Reg.
1341 2236 1396 2264 332,
1411 2235 1456 2258 fol.
1472 2234 1581 2258 [ιω-501).
1599 2233 1739 2263 MARTizNE,
1761 2234 1817 2258 Vet.
1832 2233 1930 2263 script.
1946 2232 2023 2262 Coll.'‚
2038 2233 2070 2262 II,
2084 2240 2111 2263 p.
2128 2232 2273 2255 1443-1452.

404 2390 548 2427 2080.
578 2400 753 2425 Universitas
770 2400 864 2424 Par-is.
885 2398 950 2433 (snb
966 2402 1074 2424 rectore
1088 2407 1162 2432 mag.
1180 2398 1308 2423 Johanne
1323 2397 1439 2431 Probffl)
1454 2397 1541 2422 mittit
1556 2396 1597 2422 ‹zd
1615 2396 1772 2422 Iohannem
1794 2395 1962 2431 delphinum
1984 2395 2175 2423 Viennensem,
2192 2393 2274 2430 apud

494 2448 695 2484 Compendium
712 2452 930 2474 commorantem
940 2447 959 2481 ²,
974 2448 1000 2473 ei
1014 2447 1183 2483 supplicans
1200 2451 1230 2472 ut
1247 2446 1318 2472 bono
1334 2447 1414 2481 regni
1430 2450 1457 2472 et
1468 2445 1571 2482 populi
1586 2445 1718 2471 consulat
1730 2445 1910 2481 proindeque
1927 2445 1955 2470 in
1971 2453 2052 2469 suum
2065 2443 2272 2479 patrimonium

492 2498 566 2523 inter
578 2507 645 2523 suos
661 2497 792 2523 subditos
810 2506 840 2523 se
856 2499 995 2531 conferat,
1015 2497 1064 2532 qui
1080 2505 1141 2522 enm
1162 2500 1342 2532 exspectant.
1361 2506 1374 2519 «
1389 2494 1455 2522 Tres
1471 2496 1555 2521 hault
1575 2497 1604 2522 et
1618 2496 1751 2529 puissant
1770 2495 1871 2528 prince
1891 2496 1919 2521 et
1938 2495 2035 2520 nostre
2054 2491 2112 2519 tres
2128 2490 2272 2519 redoubtd

492 2548 634 2580 seigneur.
654 2548 730 2573 Pour
743 2555 773 2573 ce
788 2554 845 2580 que
860 2547 900 2573 les
914 2547 1025 2572 affaires
1039 2546 1075 2572 de
1090 2554 1121 2572 ce
1135 2553 1276 2578 royaume
1337 2547 1390 2571 ont
1407 2545 1428 2571 si
1444 2547 1529 2579 grant
1545 2545 1664 2578 besoing
1682 2545 1718 2570 de
1734 2544 1793 2570 bon
1810 2544 1874 2570 aide
1890 2553 1915 2569 ».
2208 2540 2210 2542 ’

1569 2631 1640 2659 1417,
1656 2630 1725 2655 circa
1738 2631 1796 2655 dan.
1817 2630 1853 2658 74,
1871 2628 1988 2655 Parisiis.

498 2719 574 2742 Arch.
592 2723 644 2742 nat.
662 2719 755 2748 Paris„
770 2720 792 2742 M
806 2719 849 2742 651>
864 2723 892 2742 ιν)
908 2720 952 2742 105
971 2719 1043 2748 (olim
1057 2720 1086 2742 A.
1101 2720 1124 2742 3.
1139 2719 1199 2749 1111).
1214 2718 1290 2746 Bm„
1309 2719 1335 2747 V,
1352 2719 1406 2741 306.
1424 2731 1450 2735 -
1467 2718 1526 2741 Jan.
1545 2718 1572 2740 14
1587 2717 1661 2740 curia
1679 2717 1839 2748 pax-lamenti
1854 2716 1987 2740 commisit
2000 2715 2099 2738 ,Iacobo
2115 2715 2150 2738 du
2166 2714 2236 2739 Gnrd
2251 2717 2278 2738 et

406 2763 529 2785 Oudai-do
547 2763 670 2792 Geneien,
686 2767 715 2786 ut
734 2764 925 2794 Compendium
942 2772 1002 2786 cum
1017 2763 1245 2786 ambassatoribus
1262 2762 1449 2786 Universitatis
1464 2765 1574 2793 propter
1589 2762 1637 2785 hoc
1655 2762 1790 2793 negotium
1807 2761 1842 2784 ud
1861 2761 2017 2792 delphinum
2032 2760 2101 2783 irent
2115 2759 2203 2789 (ΑΙ-011.
2219 2761 2275 2782 nat.

406 2807 499 2834 Paris.v
513 2808 557 2829 X¹2
574 2808 642 2835 1180,
661 2808 704 2831 sol.
719 2809 761 2836 78;
778 2809 853 2836 BUL„
871 2809 887 2831 1.
903 2817 940 2835 c.;
954 2808 1079 2832 Journal
1092 2809 1124 2832 de
1136 2808 1249 2832 Nicolas
1264 2808 1297 2831 de
1309 2808 1396 2837 Bitye,
1414 2807 1447 2836 ΙΙ,
1464 2808 1528 2836 276).

499 2891 522 2915 1.
539 2892 595 2915 Vid.
613 2892 687 2920 BUL.,
704 2893 732 2920 V,
750 2901 776 2923 p.
793 2894 846 2915 305.
865 2906 894 2910 --
910 2892 935 2917 2.
951 2893 1009 2916 Vid.
1025 2894 1126 2917 Chron.
1140 2894 1172 2916 de
1185 2892 1362 2921 Monstrelet,
1379 2892 1424 2921 111,
1439 2892 1484 2914 166
1498 2899 1538 2922 sq.
