2502 3418
403 340 467 372 212
975 348 1293 370 annTuLAmUM
1329 347 1519 369 nummis.
1561 347 1690 369 PAnis.
2173 333 2269 370 [1411

406 425 591 469 antiquum
622 424 855 469 splendorem
882 407 1128 463 vendicarent,
1155 423 1250 455 inter
1280 434 1372 466 quos
1402 422 1560 467 optimus
1591 422 1746 466 quisque
1772 428 1807 454 et
1836 420 2129 466 sapientissimus
2159 420 2273 464 impe-

407 497 511 524 raret.
539 492 582 523 Et
606 503 685 523 cum
709 503 831 523 eorum
855 502 1020 531 numero,
1049 490 1110 534 qui
1136 489 1216 522 talia
1238 495 1400 533 possent,
1423 495 1542 521 vestra
1571 488 1742 520 sanctitas
1770 499 1837 520 nos
1862 487 2087 532 ascripserit,
2108 498 2181 519 non
2204 493 2271 519 tam

406 558 483 602 ipsa
510 558 744 602 promocione
773 557 988 602 gaudemus,
1016 568 1085 600 que
1116 555 1222 600 plena
1250 562 1306 588 est
1337 555 1460 587 oneris
1488 561 1522 587 et
1549 554 1714 599 periculi,
1746 566 1850 598 quam
1881 553 1925 586 ab
1955 553 2153 598 apostolica
2185 553 2272 586 sede

406 624 495 657 tales
518 625 675 669 reputari
701 624 913 657 exultamus.
942 623 1046 656 Unde
1072 622 1171 655 velut
1198 622 1241 654 ad
1269 621 1382 666 pedes
1407 628 1527 654 vestre
1551 620 1788 653 beatitudinis
1815 621 1920 653 affusi
1947 620 2081 665 gratias
2108 620 2271 661 ferimus,

406 691 504 736 quod
528 691 660 736 petitos
681 690 853 723 articulos
875 690 1020 733 signare
1041 689 1210 728 voluerit,
1233 688 1330 732 quod
1354 687 1528 720 obtulerit
1552 687 1739 719 commoda
1766 698 1909 731 queque
1933 687 2069 720 nostris
2095 687 2274 732 provisio-

408 758 527 799 nibus,
551 758 646 802 quod
669 758 811 790 demum
840 756 938 789 utilis
961 756 1058 800 pacis
1085 762 1120 787 et
1145 754 1300 787 ecclesie
1322 761 1444 787 sancte
1466 766 1504 786 ac
1533 753 1646 786 divini
1675 753 1794 786 cultus
1818 753 2052 786 exaltacionis
2078 765 2145 786 nos
2166 765 2274 798 repu-

406 825 491 857 tavit
516 831 770 869 procuratores
797 823 973 855 essicaces.
1002 824 1081 854 tlon
1107 822 1152 854 ita
1176 828 1214 853 ut
1234 821 1295 853 de¹
1318 820 1461 853 articuli
1481 821 1595 852 forma
1615 826 1650 852 et
1670 832 1739 852 una
1765 820 1844 864 ejus
1867 819 2028 853 clausula
2049 820 2214 853 illusoria
2235 832 2273 853 ac

408 891 524 924 tocius
545 890 763 923 intencionis
786 888 984 929 sanctitatis
1000 894 1121 920 vestre
1142 887 1315 919 irritativa
1337 898 1379 919 ex
1396 886 1486 918 mala
1502 885 1687 919 voluntate
1704 886 1858 919 inserta²
1879 893 2143 919 contentemur.
2167 886 2274 919 Nullo

407 957 501 990 enim
524 963 626 1002 pacto
647 962 929 1000 acceptaremus,
952 954 1050 999 quod
1071 954 1132 998 qui
1158 954 1195 985 in
1221 952 1497 998 exceptionibus
1523 959 1649 985 essent
1675 964 1747 985 non
1773 953 1950 998 expressi,
1973 953 2004 986 si
2031 953 2207 986 haberent
2231 953 2275 986 ad

408 1024 478 1056 duo
500 1023 688 1063 beneficia,
712 1022 828 1066 quoad
851 1021 1004 1066 primum
1029 1019 1245 1052 beneficium
1268 1019 1375 1052 nobis
1396 1019 1588 1060 anteirent,
1612 1019 1709 1063 quod
1730 1026 1849 1052 tamen
1869 1020 1990 1053 clausa
2011 1020 2071 1052 illa
2093 1020 2272 1065 designat,

406 1102 475 1135 qua
496 1090 627 1122 dicitur
646 1101 652 1121 1
677 1103 692 1119 «
716 1088 789 1120 illis
812 1102 842 1127 »,
865 1094 932 1120 etc.
961 1099 1076 1132 usque
1099 1101 1114 1117 «
1138 1086 1429 1130 assequendum³
1454 1100 1483 1118 ».
1506 1085 1571 1118 Illa
1591 1098 1679 1119 vero
1705 1087 1884 1119 correcta‘
1911 1086 2071 1119 clausula
2097 1093 2219 1119 sancte
2241 1093 2276 1119 et

408 1163 554 1201 paterne
573 1155 769 1188 voluntatis
791 1161 911 1187 vestre
934 1154 1099 1186 effectum
1122 1152 1382 1186 obtinebimus.
1406 1154 1453 1185 Ut
1477 1159 1594 1185 autem
1616 1153 1871 1197 hujuscemodi
1898 1153 2160 1186 concessiones
2189 1165 2275 1198 apo-

408 1222 535 1256 stolice
557 1234 661 1255 suum
682 1221 880 1254 sortiantur
901 1220 1080 1260 effectum,
1105 1219 1352 1264 supplicamus
1372 1226 1494 1252 vestre
1515 1220 1707 1260 sanctitati,
1729 1219 1939 1253 beatissime
1962 1227 2074 1265 pater,
2098 1227 2136 1253 ut
2161 1219 2275 1265 publi-

409 1296 536 1322 centur
569 1289 605 1320 in
638 1287 851 1320 cancellaria
884 1293 919 1319 et
946 1286 1151 1319 scribantur
1180 1286 1217 1318 in
1246 1286 1404 1330 registro
1440 1292 1475 1318 et
1510 1286 1635 1318 codice
1670 1286 1901 1327 cancellarie,
1937 1286 2069 1319 deinde
2099 1293 2137 1319 ut
2168 1286 2276 1319 nobis

410 1356 569 1388 mittatur
592 1354 651 1387 illa
679 1354 801 1387 ultima
833 1353 1032 1386 declaracio
1063 1360 1095 1385 et
1125 1353 1317 1385 concessio
1343 1359 1463 1385 vestre
1490 1353 1690 1386 sanctitatis
1717 1365 1828 1398 super
1855 1354 2018 1398 predicto
2044 1353 2195 1386 articulo
2224 1353 2276 1386 sic

408 1422 606 1462 correcto⁵,
634 1433 706 1454 non
734 1421 770 1452 in
796 1420 923 1453 cedula
949 1420 1107 1464 papirea,
1131 1419 1195 1452 sed
1221 1419 1258 1451 in
1284 1419 1382 1452 bulla
1414 1420 1548 1464 patenti
1577 1426 1611 1452 et
1638 1419 1818 1465 plumbea,
1846 1432 1915 1465 que
1942 1420 2039 1453 omni
2061 1420 2203 1464 judicio
2231 1420 2277 1453 sit

408 1489 513 1521 fidem
536 1487 697 1520 allatura.

499 1555 574 1587 Erit
601 1561 719 1586 autem
746 1553 929 1598 sapiencie
957 1560 992 1585 et
1017 1553 1227 1585 constancie
1251 1559 1372 1585 vestre
1400 1553 1600 1586 sanctitatis
1626 1554 1762 1586 nemini
1787 1554 1936 1599 gratiam
1964 1553 2179 1594 concedere,
2207 1565 2276 1598 que

408 1622 638 1655 concessioni
661 1620 766 1653 nobis
786 1621 876 1653 facte
894 1620 1046 1664 deroget
1067 1626 1126 1652 aut
1147 1632 1219 1652 non
1241 1619 1463 1653 obstanciam
1481 1627 1583 1665 gerat
1603 1627 1767 1654 nostrum
1784 1621 1972 1654 articulum
1997 1621 2276 1666 exprimentem3

411 1689 477 1722 hoe
506 1689 600 1721 enim
630 1694 726 1720 esset
756 1699 827 1719 non
853 1687 969 1719 solum
995 1687 1136 1719 irritare
1163 1687 1315 1728 indulta,
1339 1687 1404 1720 sed
1431 1688 1537 1720 etiam
1558 1699 1625 1721 nos
1645 1688 1745 1721 velut
1764 1695 1871 1721 vento
1900 1688 2153 1721 suffarcinatos
2180 1686 2278 1720 delu-

413 1759 512 1796 dere,
536 1755 585 1787 uti
608 1754 811 1799 exprimere
833 1754 966 1798 poterit
986 1753 1156 1786 dominus
1177 1760 1363 1786 corrector
1383 1753 1584 1787 litterarum
1607 1754 1899 1799 apostolicarum,
1919 1754 1980 1799 qui
2002 1754 2096 1787 sicut
2115 1752 2279 1786 moribus

415 1822 672 1867 integerrimus
695 1827 730 1853 et
751 1820 848 1853 omni
864 1821 948 1864 jure
970 1820 1238 1860 doctissimus⁶,
1261 1820 1307 1853 ita
1329 1820 1436 1854 nobis
1461 1821 1563 1854 visus
1585 1828 1641 1854 est
1662 1833 1773 1854 onere
1801 1828 1835 1854 et
1859 1820 1998 1853 honore
2024 1820 2278 1866 dignissimus.

415 1889 577 1921 Fecisset
597 1889 708 1928 Deus,
730 1894 768 1919 ut
789 1887 887 1919 curia
909 1888 1065 1918 Romana
1088 1886 1221 1919 multos
1243 1887 1333 1920 tales
1349 1886 1500 1920 haberet
1514 1888 1626 1920 viros.
1650 1889 1723 1920 Hec
1744 1888 1849 1921 etiam
1872 1888 2015 1920 demum
2038 1887 2174 1920 nostris
2194 1898 2281 1932 sup-

416 1954 673 2001 plicationibus
698 1953 962 1998 comprehensa
983 1953 1152 1986 volumus
1179 1960 1217 1986 ut
1241 1954 1284 1986 ad
1307 1954 1555 1987 reductionem
1573 1956 1803 1999 Yspanorum
1832 1961 1867 1987 et
1891 1955 2091 1988 Grecorum
2118 1953 2282 1986 intendat

416 2029 536 2056 vestra
562 2021 745 2060 sanctitas,
769 2032 880 2065 super
905 2032 976 2064 quo
1002 2019 1110 2064 legati
1138 2021 1252 2053 nostri
1274 2020 1317 2053 ad
1339 2021 1542 2054 Consilium
1569 2021 1758 2066 generale⁷
1786 2028 1926 2054 mentes
1949 2027 2093 2054 nostras
2118 2020 2282 2065 aperient

415 2096 536 2123 vestre
557 2087 768 2127 clemencie,
796 2093 831 2119 et
851 2098 893 2118 ex
914 2086 984 2119 hiis
1005 2087 1179 2119 nonnulla
1202 2088 1338 2120 referre
1364 2088 1497 2132 poterit
1521 2088 1656 2121 nobilis
1677 2089 1731 2121 vir
1757 2088 1926 2121 dominus
1952 2087 2121 2120 Nicolaus
2145 2087 2189 2120 de
2216 2088 2281 2120 Ro-

417 2155 530 2188 bertis
550 2154 655 2187 miles
676 2153 980 2198 Tripolitanensis
1001 2160 1120 2185 vestre
1142 2154 1342 2187 sanctitatis
1363 2155 1532 2188 nuncius.

506 2221 646 2254 Deinde
667 2227 706 2253 ut
725 2219 784 2252 illa
807 2219 1010 2264 periculosa
1032 2219 1129 2252 bulla
1150 2232 1214 2264 per
1234 2222 1276 2254 V.
1297 2222 1331 2253 S,
1350 2221 1571 2263 adnulletur,
1593 2234 1663 2266 que
1680 2221 1765 2254 olim
1786 2222 1854 2254 suit
1873 2233 1937 2267 per
1959 2221 2019 2254 fel.
2043 2233 2114 2253 rec.
2133 2220 2284 2253 Alexan—

419 2290 521 2321 drum
544 2299 668 2332 papam
690 2287 854 2331 quintum
877 2286 1170 2319 Mendicantibus
1191 2299 1378 2320 concessa.

508 2357 593 2395 Hec,
616 2353 824 2386 beatissime
846 2359 959 2397 pater,
978 2353 1111 2385 tamdiu
1136 2361 1354 2398 repetemus,
1374 2356 1545 2399 quamdiu
1570 2356 1830 2401 perficiendum
1852 2355 1989 2400 aliquid
2010 2354 2171 2388 restabit.
2189 2355 2283 2397 Quo-

420 2423 519 2455 ciens
545 2422 588 2454 de
615 2432 752 2453 summa
779 2431 864 2464 pace
890 2426 925 2451 et
952 2419 1173 2451 exaltacione
1200 2420 1355 2453 ecclesie
1382 2428 1415 2454 et
1442 2429 1557 2455 status
1578 2423 1689 2456 vestri
1715 2422 1970 2468 cogitabimus,
1992 2422 2131 2454 tociens
2157 2421 2201 2453 de
2226 2420 2284 2454 his

421 2489 536 2522 tribus
557 2487 790 2533 perficiendis
811 2499 849 2519 ac
870 2486 1099 2531 postulandis
1116 2498 1279 2531 agemus.
1303 2488 1393 2520 Sunt
1413 2489 1507 2521 enim
1526 2489 1621 2530 talia,
1644 2496 1682 2522 ut
1702 2490 1780 2522 sine
1801 2489 1872 2522 hiis
1889 2500 2006 2533 neque
2027 2488 2144 2521 honor
2163 2493 2286 2520 vester

421 2567 538 2599 neque
562 2555 680 2599 ipsum
707 2553 862 2586 ecclesie
886 2553 998 2585 decus
1024 2552 1139 2585 valeat
1164 2554 1378 2586 consistere.
1408 2555 1497 2597 Quis
1524 2556 1617 2588 enim
1645 2556 1818 2589 honorem
1846 2563 2005 2589 vestrum
2033 2554 2226 2594 custodiet,
2253 2553 2284 2586 si

421 2621 679 2654 concessiones
704 2626 824 2652 vestre
849 2619 948 2652 velut
974 2618 1167 2651 illusiones
1194 2620 1346 2663 quedam
1372 2633 1462 2653 vane
1490 2628 1524 2654 et
1549 2634 1650 2655 casse
1678 2622 1817 2655 intento
1845 2628 1989 2655 careant
2015 2621 2158 2661 effectu,
2185 2620 2215 2652 si
2240 2619 2285 2652 ad

422 2688 669 2720 reductionem
690 2688 919 2730 Yspanorum
947 2692 982 2718 et
1004 2685 1220 2727 Grecorum,
1243 2687 1273 2719 si
1297 2687 1341 2719 ad
1369 2687 1615 2720 sublacionem
1643 2689 1896 2722 scandalorum
1923 2700 1966 2720 ex
1988 2687 2122 2732 prefata
2142 2686 2285 2719 Mendi-

422 2754 575 2787 cantium
594 2753 691 2785 bulla
712 2752 1002 2797 provenientium
1019 2759 1138 2784 vestra
1159 2753 1330 2786 sanctitas
1347 2754 1463 2787 enixis
1479 2754 1619 2787 viribus
1640 2768 1712 2788 non
1734 2755 1955 2788 intenderit?
1970 2754 2059 2796 Quis
2081 2753 2192 2786 eciam
2211 2764 2284 2785 non

421 2821 560 2853 videret
582 2819 647 2851 hec
671 2820 733 2852 tria
755 2819 798 2851 ad
821 2819 932 2851 decus
952 2818 1107 2851 ecclesie
1126 2819 1321 2863 pertinere,
1341 2827 1378 2853 ut
1395 2820 1558 2854 efficaces
1575 2822 1647 2854 sint
1664 2822 1794 2854 summi
1811 2821 1992 2867 pontificis
2009 2820 2284 2861 concessiones,

425 2893 461 2919 ut
488 2898 552 2931 pax
582 2885 797 2918 universalis
826 2892 1052 2929 procuretur,
1077 2891 1112 2917 ut
1141 2885 1201 2918 illa
1230 2886 1374 2919 demum
1403 2887 1574 2920 tollantur
1602 2888 1783 2921 scandalla
1804 2900 1846 2920 ex
1874 2887 1971 2920 bulla
2000 2886 2282 2919 Mendicantium
