2502 3418
359 336 424 369 358
937 343 1255 366 CHARTULARIUM
1290 340 1481 363 umvnas.
1520 339 1649 361 PARIS.
2125 323 2226 360 [1419

360 420 393 452 le
414 419 571 464 premier
587 419 690 463 point
710 430 803 451 nous
825 430 983 451 sommes
1005 417 1178 450 molestes
1195 423 1230 449 et
1249 414 1433 448 travellies
1451 420 1486 446 et
1505 413 1550 445 de
1566 413 1653 457 jour
1669 424 1713 444 en
1729 412 1816 456 jour
1831 422 1924 443 nous
1941 411 2123 443 croissent
2138 421 2227 442 nou·
2259 401 2261 403 Ι

358 486 473 519 velles
494 485 646 530 charges
668 489 718 526 [...
742 489 878 526 contre]
899 485 931 518 la
952 484 1097 518 volente
1119 483 1166 516 du
1196 494 1259 527 roy
1284 489 1319 514 et
1347 481 1380 513 la
1405 479 1562 513 vostre-2³.
1586 480 1630 511 Et
1649 478 1748 511 aussi
1770 483 1844 510 tant
1863 489 2002 510 comme
2023 489 2066 509 au
2088 476 2225 509 second

360 552 589 585 l⁷anullacion
611 552 655 584 de
676 551 830 592 l’arrest,
849 551 984 596 duquel
1006 551 1030 583 il
1051 562 1142 583 vous
1163 562 1181 582 a
1203 552 1278 582 este
1301 547 1399 592 parle
1421 553 1456 579 et
1475 571 1671 578 ..............
1691 557 1731 577 66
1748 545 1836 577 faire
1859 543 2007 576 doivent
2026 543 2170 576 induire
2191 542 2224 575 le

360 632 425 665 roy
441 626 564 652 nostre
582 619 655 652 sire
673 625 708 651 et
723 630 826 659 vous,
845 618 900 651 n’a
918 618 1019 663 point
1036 620 1112 649 este
1133 616 1227 648 saite.
1248 616 1343 647 Pour
1359 612 1521 658 lesquelz
1538 623 1631 645 nous
1649 623 1807 644 sommes
1824 611 2008 654 contrains
2025 610 2069 642 de
2087 614 2226 651 re[cou-

358 687 409 719 rir
429 689 446 719 a
466 689 583 726 vous],
610 685 859 717 humblement
880 684 1064 728 suppliant
1085 694 1154 727 que
1176 682 1200 714 il
1222 693 1312 714 vous
1335 680 1448 725 plaise
1470 681 1487 711 a
1508 679 1690 723 rescripre
1711 690 1754 710 au
1777 683 1924 723 prevost
1946 677 2011 710 des
2037 676 2225 709 marchans

358 760 393 786 et
412 765 476 786 aus
497 752 688 785 eschevins
709 752 834 784 lettres
856 750 961 783 telles
983 762 1052 794 que
1074 749 1098 781 il
1119 747 1381 793 app[artendra]
1405 753 1440 779 et
1459 746 1571 778 ferme
1593 751 1778 786 sentence,
1801 756 1846 777 en
1866 744 1946 777 leur
1966 743 2136 776 mandant
2156 755 2225 788 que

358 820 382 852 il
404 832 448 852 ne
470 819 613 852 fachent
634 819 710 851 rien
732 824 855 850 contre
877 817 1028 861 l'octroy
1044 818 1061 848 a
1083 827 1175 848 nous
1196 814 1258 847 fait
1278 825 1341 859 par
1357 813 1390 846 le
1412 824 1477 857 roy
1493 818 1619 845 nostre
1641 812 1694 844 dit
1713 823 1874 857 segneur
1962 814 2020 853 [et]
2042 810 2226 844 ordonner
2249 801 2252 803 Δ

359 887 390 919 la
413 886 641 931 publicacion
663 885 707 917 de
729 883 951 916 l⁷anullation
973 883 1077 915 dudit
1103 888 1220 914 arrest
1250 887 1285 913 et
1314 891 1377 913 sur
1402 891 1442 912 ce
1470 879 1652 924 rescripre
1682 891 1725 911 au
1751 878 1941 923 president
1965 884 2000 910 et
2024 879 2043 910 a
2067 883 2166 910 toute
2194 876 2225 909 la

359 960 462 986 court
482 953 526 985 de
548 951 758 996 parlement,
778 962 836 983 car
852 950 909 991 [de
926 949 958 982 la
976 949 1147 982 devotion
1165 954 1200 981 et
1219 947 1400 987 affection]
1423 946 1470 979 du
1493 946 1654 982 roiaume
1672 952 1707 978 et
1722 945 1766 978 de
1783 956 1874 978 vous
1896 947 1914 977 a
1931 944 2036 985 Dieu,
2054 946 2071 977 a
2089 944 2225 977 saincte

360 1019 495 1065 esglise
518 1025 553 1051 et
572 1021 590 1051 a
611 1024 734 1050 nostre
752 1017 846 1049 saint
866 1019 952 1061 pere
974 1027 1012 1048 se
1031 1015 1185 1060 despent
1201 1013 1505 1059 principalemeut
1520 1012 1553 1045 la
1570 1012 1825 1045 conservation
1842 1011 1886 1044 de
1903 1011 1934 1043 la
1951 1010 2138 1051 nob[lesse
2146 1037 2211 1042 .....
2216 1014 2225 1050 ]

360 1093 395 1119 61
414 1086 546 1131 garder
562 1085 606 1117 de
627 1091 708 1117 tous
730 1095 789 1116 ses
810 1083 948 1115 anemis
970 1082 1061 1114 Dieu
1082 1093 1145 1126 par
1162 1093 1200 1114 sa
1222 1080 1358 1113 saincte
1380 1092 1487 1125 grace
1504 1091 1596 1112 vous
1612 1078 1732 1112 veulle
1754 1078 1896 1111 donner
1901 1104 2024 1110 .........
2027 1095 2029 1098 >
2034 1104 2112 1109 ......

1028 1215 1054 1242 3.
1078 1215 1131 1250 [Ad
1146 1223 1224 1248 mag.
1243 1215 1363 1241 Petrum
1378 1214 1518 1240 Cauchon
1529 1212 1549 1248 Ρ]
2081 1199 2088 1212 ⁶

446 1318 700 1351 Eruditissime
716 1318 771 1350 vir
792 1323 826 1349 et
847 1316 1073 1349 honorabilis
1094 1316 1254 1356 domine,
1273 1315 1388 1348 salute
1409 1315 1446 1348 in
1468 1315 1622 1347 Domino
1645 1314 1779 1359 previa.
1802 1315 1876 1346 Nos
1893 1326 1936 1346 ex
1956 1313 2070 1346 relatu
2088 1312 2227 1346 ambas-

358 1387 530 1419 siatorum
552 1391 774 1425 nostrorum,
793 1383 964 1417 videlicet
984 1383 1241 1428 magistrorum
1268 1382 1427 1415 Eustacii
1456 1382 1500 1414 de
1526 1381 1719 1415 Pavilliaco
1741 1387 1776 1414 et
1795 1381 1947 1413 aliorum
1970 1392 2123 1413 unacum
2145 1380 2225 1424 ipso

359 1453 556 1486 novissime
578 1452 800 1484 Pontisaram
828 1451 1090 1483 destinatorum
1112 1449 1156 1482 ad
1177 1449 1363 1482 dominum
1386 1455 1550 1482 nostrum
1578 1460 1701 1493 regem
1728 1455 1762 1480 et
1782 1435 2071 1480 illustrissimum
2094 1440 2228 1491 princi—

359 1532 438 1565 pem
470 1519 654 1551 dominum
686 1518 812 1550 ducem
848 1517 1075 1562 Burgundie,
1105 1516 1345 1561 cognovimus
1375 1527 1485 1561 opere
1512 1522 1547 1548 et
1571 1515 1700 1548 effectu
1728 1515 1907 1547 sinceram
1936 1514 2161 1547 affectionem
2193 1520 2228 1546 et

358 1586 501 1619 fidelem
524 1585 769 1625 dilectionem,
789 1596 893 1628 quam
916 1584 959 1616 de
976 1583 1082 1616 vobis
1103 1595 1189 1628 erga
1210 1594 1277 1615 nos
1299 1594 1602 1627 conceperamus3
1621 1593 1701 1614 nam
1719 1593 1841 1626 opera,
1860 1581 2049 1626 diligentia
2070 1580 2227 1613 61111161·-

358 1653 549 1694 [ce]ssione
565 1652 698 1684 vestris
715 1651 844 1684 mediis
861 1651 980 1683 omnia
998 1662 1067 1695 que
1089 1650 1283 1695 petivimus
1299 1662 1317 1682 a
1335 1649 1482 1682 domino
1499 1655 1625 1681 nostro
1643 1660 1730 1693 rege
1747 1660 1827 1681 cum
1845 1647 1955 1680 multa
1976 1646 2227 1687 benivolencia

358 1718 594 1759 obtinuimus,
618 1730 728 1763 super
751 1729 822 1762 quo
843 1717 948 1751 vobis
969 1717 1012 1749 ab
1039 1717 1176 1749 intimis
1203 1717 1461 1761 regraciamur.
1485 1717 1619 1749 Verum
1642 1727 1856 1760 quamquam
1877 1714 2016 1747 litteras
2037 1700 2228 1755 confirma-

358 1785 467 1818 tionis
489 1785 762 1829 privilegiorum
782 1797 800 1817 a
822 1785 934 1829 prima
957 1791 1081 1816 nostre
1099 1783 1355 1817 Universitatis
1375 1783 1560 1815 nascentia
1582 1794 1646 1827 per
1662 1794 1770 1827 reges
1792 1781 1940 1814 Francie
1962 1781 2175 1813 donatorum
2193 1767 2229 1813 61

358 1864 423 1896 per
450 1851 702 1884 liberalitatem
733 1851 860 1896 prefati
893 1851 1031 1883 domini
1063 1850 1161 1895 regis
1192 1850 1445 1883 roboratorum
1475 1849 1563 1882 alias
1594 1849 1755 1894 pl[uries]
1784 1855 1819 1881 et
1848 1860 1943 1881 nunc
1976 1845 2245 1880 recentissime⁴

359 1919 575 1962 recepimus,
594 1918 788 1963 nequimus
809 1925 928 1950 tamen
949 1918 1042 1950 dicta
1064 1917 1305 1950 concessione
1327 1917 1426 1962 regia
1448 1915 1643 1961 tranquille
1664 1915 1837 1960 gaudere,
1856 1915 1965 1947 immo
1986 1914 2098 1947 multe
2119 1913 2226 1946 nobis

359 1992 394 2017 et
413 1985 612 2030 suppositis
633 1984 769 2017 nostris
791 1985 1009 2025 inferuntur,
1029 1990 1064 2017 et
1084 1984 1128 2017 de
1150 1984 1209 2016 die
1231 1984 1268 2016 in
1289 1983 1384 2016 diem
1406 1989 1639 2024 renovantur,
1663 1982 1844 2023 molestie,
1863 1981 1996 2026 quibus
2018 1980 2227 2026 supposito-

360 2063 437 2084 rum
470 2058 676 2084 nostrorum
704 2051 808 2084 exilis
838 2063 1025 2091 numerus,
1053 2052 1157 2095 cujus
1190 2057 1374 2083 cremento
1405 2049 1596 2095 invigilare
1627 2049 1830 2090 studemus,
1864 2048 2044 2081 decrescit
2071 2047 2108 2080 in
2134 2047 2225 2080 dies.

360 2118 535 2161 Quocirca
562 2125 717 2151 vestram
746 2118 889 2150 fidelem
919 2118 1151 2150 dilectionem
1182 2117 1314 2150 obnixe
1344 2117 1594 2162 deprecamur,
1622 2116 1791 2161 quatinus
1821 2127 1839 2148 a
1867 2115 1991 2160 sepius
2019 2114 2227 2147 memoratis

359 2196 445 2230 rege
467 2185 614 2217 domino
635 2191 760 2217 nostro
782 2197 821 2217 ac
847 2184 1097 2217 illustrissimo
1126 2184 1290 2229 principe
1317 2184 1464 2216 domino
1493 2183 1584 2216 duce
1615 2182 1828 2228 Burgundie
1858 2182 1996 2214 litteras
2027 2193 2091 2226 pro
2119 2180 2227 2213 nobis

359 2252 561 2296 impetretis
594 2252 752 2284 dominis
785 2251 984 2296 preposito,
1013 2258 1094 2292 etc.,
1123 2251 1335 2296 dirigendas
1362 2251 1581 2286 affectuosas
1605 2256 1640 2282 et
1669 2249 1862 2282 efficaciter
1891 2248 2065 2293 predictis
2095 2259 2227 2292 prepo-

360 2319 441 2359 sito,
465 2325 546 2359 etc.,
570 2318 826 2363 precipientes,
849 2325 888 2350 ut
903 2319 1003 2362 juxta
1024 2318 1262 2350 intentionem
1285 2317 1384 2362 regis
1406 2324 1441 2350 et
1460 2317 1625 2361 antiquas
1646 2316 1833 2349 libertates
1855 2322 1998 2348 nostras
2020 2315 2139 2347 sinant
2159 2325 2226 2347 nos

361 2385 495 2426 vivere,
515 2392 549 2417 et
569 2385 689 2417 studio
711 2385 924 2425 litterarum,
943 2384 1077 2429 quibus
1094 2396 1137 2417 ex
1157 2384 1386 2429 professione
1408 2390 1532 2416 nostra
1553 2383 1666 2416 dediti
1688 2394 1826 2423 sumus,
1845 2382 1960 2414 libere
1980 2393 2124 2422 vacare3
2142 2380 2225 2414 alio-

359 2452 445 2495 quin
474 2463 642 2496 magnum
671 2451 839 2484 damnum
868 2458 903 2484 et
930 2451 1184 2484 inhonorabile
1215 2450 1422 2484 scandalum
1453 2450 1561 2483 modo
1592 2450 1736 2494 corpori
1767 2449 1913 2482 evenire
1944 2449 2125 2481 timemus.
2158 2448 2227 2480 Per

359 2518 475 2550 votiva
497 2518 717 2550 incrementa
739 2524 931 2562 prosperet
950 2518 1174 2550 Altissimus.

453 2629 566 2653 Minuta
580 2629 694 2652 chartac.
711 2629 883 2660 pessumdata
900 2629 926 2651 111
942 2629 1019 2652 Arch.
1035 2632 1088 2651 nat.
1103 2629 1197 2657 Paris.,
1215 2629 1238 2652 M
1254 2628 1306 2657 65¹²,
1320 2633 1349 2651 n⁰
1362 2629 1392 2651 43
1407 2628 1480 2659 (olim
1497 2629 1524 2651 A.
1542 2629 1564 2651 3.
1582 2629 1612 2656 s).
1629 2641 1655 2644 —-
1671 2628 1723 2650 Rex
1738 2635 1753 2650 a
1769 2627 1819 2650 fine
1833 2625 1989 2650 Novembris
2005 2633 2088 2656 usque
2101 2625 2134 2647 ad
2150 2624 2228 2647 finem

360 2673 509 2696 Decembris
524 2673 677 2696 pontisarae
692 2673 854 2701 morabatur,
870 2673 915 2696 uhi
931 2673 1052 2696 Decemb.
1069 2674 1098 2696 23
1117 2674 1193 2696 Petro
1210 2673 1333 2696 Cauchon
1349 2676 1477 2704 quantum
1492 2673 1525 2695 ad
1541 2672 1751 2703 cognoscendam
1770 2671 1968 2694 scholaritatem
1982 2670 2129 2693 Johannem
2144 2669 2228 2692 Fran-

361 2717 414 2747 cois
431 2717 607 2740 substituebat
621 2718 682 2746 (vid.
699 2726 781 2748 supra
793 2722 821 2740 11⁰
837 2718 905 2746 2116,
921 2721 974 2741 not.
988 2719 1020 2746 3).
1037 2718 1103 2741 Cum
1118 2726 1179 2748 rege
1192 2717 1346 2741 Pontisarae
1362 2717 1450 2740 stabat
1463 2717 1516 2740 dux
1531 2716 1700 2747 Burgundiae
1716 2724 1731 2739 a
1743 2715 1869 2739 Novemb.
1882 2716 1911 2738 24
1924 2722 2007 2746 usque
2019 2714 2052 2737 ad
2066 2713 2187 2736 Decemb.
2198 2713 2228 2736 28

363 2761 424 2790 (vid.
440 2762 468 2785 E.
485 2762 575 2792 Pmn,
590 2761 761 2792 Itine'raz'res,
777 2770 804 2793 p.
820 2763 885 2791 444).
901 2762 992 2785 Petrus
1009 2762 1131 2785 Cauchon
1148 2762 1198 2785 fuit
1214 2762 1241 2784 in
1257 2762 1383 2785 societate
1395 2762 1475 2792 regis.
1493 2762 1512 2784 A
1527 2761 1649 2784 Decemb.
1666 2761 1768 2783 29-Jan.
1783 2761 1812 2783 13
1825 2768 1870 2783 rex
1885 2759 1983 2790 aliique
1997 2758 2139 2786 Bellovaci,
2157 2757 2227 2780 13-15

361 2806 521 2828 Bellomonte
533 2806 694 2836 (Beuumont)
711 2806 892 2829 morabantur.
907 2807 942 2829 Ut
956 2814 968 2829 e
982 2806 1138 2829 documento
1154 2810 1182 2829 n0
1198 2807 1258 2829 2125
1273 2806 1409 2837 publicato
1424 2806 1516 2837 liquet,
1530 2805 1736 2828 ambassiatores
1752 2803 1922 2836 parlamenti,
1939 2802 2136 2830 Universitatis,
2152 2809 2229 2833 prae·
2245 2818 2248 2820 >

363 2849 443 2880 positi
460 2853 634 2872 mercatorum
655 2854 681 2873 et
700 2850 868 2873 scabinorum
884 2850 985 2881 pluries
1006 2851 1068 2874 illuc
1084 2854 1212 2874 venerunt
1224 2851 1257 2874 ad
1270 2851 1438 2874 tractandum
1454 2851 1485 2873 de
1504 2850 1643 2873 liberanda
1656 2850 1810 2880 Rotomago,
1824 2848 1987 2880 proindeque
2002 2847 2130 2878 epistolae
2146 2854 2228 2877 supra

362 2894 446 2916 editae
461 2894 494 2916 ad
509 2894 575 2916 hanc
590 2897 773 2925 tempestatem
789 2895 941 2918 referendae
956 2898 1026 2918 sunt.
