2502 3418
388 318 453 351 770

961 330 1283 352 CHARTULARIUM
1318 331 1442 353 UNIVE
1455 331 1513 353 RS.
1546 331 1679 353 PARls.

387 401 2259 416 ——n—
2270 410 2274 415 .

387 447 448 468 2373
526 445 593 470 1630
710 447 783 470 Junii
800 448 829 470 22

387 549 447 571 2374
546 562 571 565 -—
679 549 744 572 Ante
760 549 813 572 Jul.
831 549 859 572 14

387 651 448 674 2375
543 663 573 667 —-
756 665 784 668 —

387 708 448 730 2376
544 722 573 725 —
668 709 824 732 Novembris
840 710 867 732 21

386 810 447 832 2377
543 823 571 827 ——
731 824 762 828 --
839 812 866 834 21

386 867 447 890 2378
524 866 586 892 1431
665 868 874 891 Feb.18-Murt.4

386 924 447 947 2379
542 938 572 941 —
668 925 727 948 Jan.
741 926 828 948 9-Maii
841 928 870 948 30

385 982 447 1004 2380
542 996 572 999 -
686 983 761 1006 Mart.
778 984 853 1006 18-26

385 1040 444 1062 2381
542 1053 570 1056 ——
693 1041 792 1071 Aprilis
804 1042 843 1063 2-5

385 1142 445 1164 2382
540 1155 571 1159 —
730 1156 759 1160 --
815 1144 842 1166 12

384 1199 444 1221 2383
540 1213 570 1216 —
731 1214 758 1218 -
813 1202 840 1224 21

383 1257 444 1279 2384
539 1271 570 1274 -
662 1259 709 1289 Ap.
724 1259 826 1282 29-Muii
844 1260 872 1282 14

382 1359 443 1382 2385
539 1374 567 1377 —
711 1361 771 1384 Maii
789 1362 818 1384 14

382 1417 443 1439 2386
538 1432 568 1435 —
726 1432 754 1436 —
789 1420 818 1442 14

381 1475 441 1497 2387
537 1490 567 1493 -
725 1490 755 1493 —
788 1477 818 1500 14

381 1533 441 1555 2388
536 1548 566 1551 -
683 1534 744 1557 Maii
760 1535 798 1563 19,
815 1536 844 1558 23

379 1724 441 1746 2389
537 1738 565 1741 -
702 1725 775 1749 Junii
794 1727 822 1749 12

379 1782 441 1803 2390
535 1796 565 1800 —
722 1784 802 1807 Junio

378 1906 437 1928 2391
535 1921 564 1924 —
707 1908 772 1931 Julii
787 1910 815 1932 31

378 1963 439 1986 2392
535 1979 564 1983 -
682 1966 795 1997 Augusti
811 1968 839 1990 24

378 2022 439 2044 2393
477 2022 620 2049 iaso-1⁴31
671 2023 853 2056 Octob.-Sept.

377 2079 438 2102 2394
515 2080 579 2106 1431
684 2082 839 2113 Septembre

377 2136 438 2159 2395
532 2152 563 2156 -
745 2154 774 2158 -

376 2194 437 2217 2396
534 2211 561 2213 -
705 2197 819 2222 Octobre

376 2252 436 2275 2397
531 2268 563 2272 —
661 2255 815 2279 Novembris
832 2258 860 2279 22

375 2354 436 2377 2398
470 2356 612 2383 1⁴30-1431
674 2358 685 2380 .l
693 2358 813 2381 uin-Dec.

374 2461 436 2483 2399
511 2459 574 2485 1431
652 2460 773 2483 Dccemb.
792 2462 863 2484 10-16

373 2563 448 2586 2399‘1
530 2576 559 2580 —-
659 2562 809 2586 Decembris

373 2666 434 2688 2400
528 2678 558 2681 -
718 2679 750 2682 -

372 2767 431 2789 2401
529 2780 556 2783 —
720 2781 748 2783 —

497 2931 536 2953 97.

831 2360 844 2381 2

824 2565 852 2586 22

823 2667 852 2688 26

821 2769 851 2790 26

906 449 1071 472 Universitas
1085 450 1215 473 deliberat
1239 451 1270 473 ‹le
1292 450 1387 473 litteris
1404 450 1567 473 destinandis
1592 451 1625 473 ad
1653 458 1741 481 regem
1765 453 1875 481 propter
1897 454 2001 481 captam
2023 451 2172 474 Johunnam

936 493 1012 516 d'Arc
1022 511 2171 519 .............................................
2215 496 2263 519 516

905 551 1071 574 Universitas
1082 552 1142 574 duci
1159 551 1338 582 Burgundiae,
1351 555 1379 575 ut
1394 552 1484 575 Puella
1503 552 1573 575 intra
1589 560 1681 575 manns
1696 552 1861 583 inquisitoris
1876 553 2027 576 remittatur
2042 553 2083 576 vel
2096 554 2172 577 Petro

937 595 1059 618 Cauchon
1073 596 1195 619 tradatur
1205 613 1366 619 .......
1387 617 1391 620 ,
1412 614 2170 623 ..............................
2217 597 2264 621 516

906 653 1071 676 Universitas
1090 653 1184 676 scribit
1195 653 1309 676 Johanni
1327 654 1359 676 de
1375 654 1570 685 Luxemburgo,
1583 655 1673 677 eodem
1690 655 1766 677 modo
1784 663 1835 686 quo
1850 655 1909 678 duci
1926 655 2095 686 Burgundiae
2113 672 2119 679 .
2139 673 2144 679 .
2166 675 2170 680 .
2217 655 2262 678 517

906 710 1071 733 Universitas
1099 711 1174 733 Petro
1207 711 1328 734 Cauchon
1362 711 1463 740 scribit,
1493 715 1521 734 ut
1545 712 1635 734 Puella
1669 712 1804 743 judicibus
1833 712 2027 736 Parisiensibus
2055 713 2171 736 velocius

936 754 1086 777 remittatur
1105 772 2169 781 ..........................................
2217 757 2262 781 517

906 812 1071 835 Universitas
1083 812 1195 835 Henrico
1211 813 1266 843 regi
1283 812 1384 841 scribit,
1399 816 1427 836 ut
1442 813 1532 836 Puella
1545 813 1645 844 judicio
1660 814 1838 838 ecclesiastico
1852 823 1911 838 mox
1932 815 2053 838 tradatur
2060 833 2170 839 .....
2216 815 2262 838 517

905 870 1025 900 Magistri
1043 870 1076 892 ab
1090 870 1201 893 Heni-ico
1218 878 1279 901 rege
1295 870 1378 893 vocati
1395 871 1533 901 pecuniam
1546 871 1680 902 accipiunt
1697 888 2170 898 ...................
2216 873 2261 896 517

904 927 1015 950 Nomina
1031 936 1122 950 eorum
1134 928 1177 959 qui
1193 928 1328 959 Rotomagi
1347 928 1484 959 processui
1500 929 1668 957 adstiterunt,
1681 930 1721 952 vel
1737 930 1830 953 saltem
1846 930 1931 953 vocati
1946 933 2006 953 sunt
2010 948 2170 954 .......
2216 930 2263 953 518

904 985 1024 1015 Magistri
1041 994 1071 1008 cx
1086 985 1298 1016 interrugatoriis
1313 986 1450 1009 Johunnae
1465 986 1591 1009 articulos
1607 993 1768 1018 componunt
1779 1005 2169 1012 ................
2216 987 2262 1010 524

903 1042 1010 1065 Judiees
1024 1044 1050 1066 P.
1068 1043 1192 1066 Cauchon
1208 1052 1238 1066 ac
1254 1044 1278 1067 J.
1293 1044 1414 1075 Magistri
1429 1052 1488 1067 cum
1508 1044 1642 1076 aliquibus
1658 1045 1794 1076 magistris
1815 1045 1925 1069 visitant
1945 1046 1975 1069 70
1989 1046 2125 1076 articulos,
2141 1054 2171 1069 ex

934 1087 1031 1118 quihus
1047 1091 1132 1111 certas
1147 1088 1342 1119 propositiones
1358 1089 1459 1112 extrahi
1476 1089 1584 1115 faciunt.
1599 1090 1649 1112 sub
1664 1091 1747 1112 forma
1761 1090 1790 1112 12
1803 1090 1974 1113 articulorum
1985 1107 2169 1114 ........
2215 1090 2262 1112 524

904 1145 1023 1176 Magistri
1040 1145 1188 1169 deliberant
1202 1146 1233 1169 de
1249 1146 1387 1169 duodecim
1402 1146 1522 1170 articulis
1537 1150 1629 1170 contra
1646 1147 1795 1171 Johannam
1805 1148 1914 1171 retentis
1930 1165 2169 1173 ..........
2215 1147 2261 1170 524

903 1203 1030 1226 Henricus
1044 1211 1089 1226 rex
1101 1204 1209 1227 mandat
1220 1204 1361 1234 magistros
1373 1213 1438 1236 quos
1450 1205 1483 1228 ad
1499 1205 1704 1228 Universitatem
1715 1205 1800 1230 Paris.
1814 1205 1886 1229 misit
1895 1206 2007 1237 pecunia
2020 1206 2169 1230 solvendos.
2215 1205 2274 1229 525Δ

903 1261 1068 1284 Universitas
1085 1269 1166 1292 super
1181 1262 1319 1285 duodecim
1339 1262 1458 1286 articulis
1480 1262 1618 1286 deliberat.
1642 1263 1879 1287 Determinationes
1904 1264 1954 1287 sac.
1976 1264 2125 1295 theologiae
2145 1268 2170 1288 et

933 1306 1097 1329 decretorum
1114 1314 1129 1329 a
1144 1306 1254 1330 caeteris
1267 1307 1436 1330 facultatibus
1452 1308 1636 1338 approbantur
1644 1325 2167 1333 .....................
2214 1307 2261 1331 5⁴25

902 1364 1051 1387 Sententiae
1066 1373 1080 1386 a
1098 1365 1147 1387 fac.
1163 1364 1241 1387 theol.
1255 1372 1285 1387 ac
1296 1364 1392 1388 decret.
1408 1365 1476 1388 latae
1480 1382 2166 1390 ............................
2213 1365 2261 1388 526

902 1421 1067 1444 Universitas
1084 1422 1224 1445 Heni-icum
1241 1430 1330 1453 regem
1346 1423 1438 1446 laudat
1452 1423 1484 1446 de
1498 1431 1625 1454 processu
1640 1423 1777 1446 Johannae
1794 1423 1859 1447 bene
1874 1424 1952 1447 ducto
1956 1440 2167 1448 .........
2213 1423 2259 1446 527

902 1479 1067 1502 Universitas
1084 1480 1175 1503 eodem
1192 1481 1245 1503 sere
1258 1481 1335 1503 modo
1350 1481 1444 1504 scribit
1456 1480 1581 1512 episcopo
1597 1481 1749 1504 Belvacensi
1753 1498 2167 1506 .................
2213 1480 2273 1504 527’

901 1537 1035 1560 Sententia
1065 1538 1253 1561 Univcrsitatis
1277 1538 1514 1570 Rotomagensihus
1539 1538 1674 1570 judicibus
1695 1540 1761 1562 lecta
1781 1542 1834 1568 est;
1848 1540 1878 1562 48
1900 1539 2023 1570 magistri
2045 1540 2168 1563 adhaese-

931 1585 1005 1609 runt;
1022 1582 1098 1613 virgo
1121 1582 1206 1605 adhuc
1229 1586 1380 1610 moneatur;
1403 1583 1425 1606 si
1446 1583 1512 1606 nolit
1537 1591 1669 1612 revocare,
1691 1583 1811 1614 justitiae
1833 1584 1962 1607 saeculari
1986 1584 2167 1616 relinquenda.

931 1626 1022 1649 Petrus
1039 1626 1158 1649 Mauricii
1171 1627 1308 1650 Johannae
1321 1627 1435 1658 perlegit
1450 1627 1587 1651 duodecim
1603 1628 1739 1658 articulos,
1756 1628 1869 1659 singulis
1884 1636 1975 1652 eorum
1996 1629 2095 1652 addens
2113 1637 2170 1652 sen-

929 1670 1039 1694 tentiam
1053 1679 1067 1693 a
1083 1672 1133 1695 sac.
1146 1671 1227 1695 theol.
1241 1671 1322 1695 lutum
1330 1689 2142 1697 ................................
2161 1687 2169 1691 -
2214 1672 2260 1695 527

900 1729 1028 1751 Heni-icus
1044 1737 1087 1752 rex
1102 1733 1194 1752 narrat
1206 1729 1355 1753 Johannam
1371 1731 1427 1753 foco
1443 1733 1638 1761 consumptam,
1654 1738 1685 1754 ne
1699 1730 1757 1762 quis
1775 1738 1832 1753 eam
1846 1730 1964 1754 imitetur
1981 1748 2167 1755 ........
2214 1730 2259 1753 527

900 1786 1066 1810 Universitas
1083 1795 1170 1818 papae
1186 1787 1288 1817 scribit,
1305 1788 1416 1811 laudans
1427 1788 1547 1819 judicum
1563 1788 1727 1819 diligentiam
1749 1806 2115 1813 ...............
2136 1810 2140 1814 .
2161 1807 2167 1813 .
2214 1787 2260 1812 528

898 1911 1032 1942 Eugenius
1049 1912 1082 1934 lv
1095 1912 1224 1935 Furseum
1240 1913 1271 1936 de
1285 1912 1385 1936 Bruille
1400 1913 1534 1936 doctorem
1550 1913 1647 1938 decret.
1662 1916 1734 1936 creat
1745 1930 2166 1938 .................
2212 1912 2259 1936 528

897 1969 1013 1992 Jucobus
1029 1969 1175 1999 Visehsjic.
1190 1970 1287 1994 decret.
1303 1970 1399 1999 Paris„
1416 1970 1449 1993 ab
1466 1971 1585 2002 Eugenio
1600 1971 1634 1994 lV
1653 1971 1754 1994 obtinet
1765 1970 1830 1994 alibi
1844 1971 1974 1995 doctorari
1980 1988 2165 1996 ........
2212 1970 2258 1993 528

897 2027 1025 2050 Cursores
1039 2027 1064 2050 in
1080 2028 1204 2051 facultate
1218 2028 1366 2060 theologiae
1379 2045 2164 2054 ...............................
2212 2027 2258 2051 528

897 2085 1066 2108 Sententiarii
1083 2089 1109 2109 et
1124 2085 1218 2109 Biblici
1241 2086 1404 2110 Parisienses
1409 2103 2165 2111 ..............................
2211 2085 2258 2109 529

896 2143 1015 2173 Magistri
1031 2146 1153 2174 regentes
1165 2143 1191 2166 in
1209 2144 1332 2167 facultate
1348 2144 1497 2176 theologiae
1516 2162 1831 2169 .............
1853 2165 1856 2169 .
1876 2161 1881 2167 .
1901 2162 1907 2167 .
1927 2153 1933 2167 ;
1953 2162 2164 2168 .........
2211 2143 2258 2166 530

895 2201 1106 2224 Ambussintores
1124 2201 1311 2225 Universitutis
1328 2202 1444 2225 rotulum
1460 2203 1569 2226 Romam
1584 2206 1689 2234 portant
1694 2219 2164 2226 ...................
2210 2202 2257 2224 530

896 2259 964 2289 Mag.
981 2259 1040 2282 Joh.
1058 2259 1201 2288 Francisvi,
1218 2260 1262 2290 qui
1279 2260 1335 2283 sine
1348 2260 1495 2283 reverentia
1514 2268 1573 2283 cum
1591 2260 1688 2283 decano
1713 2261 1761 2283 sac.
1777 2260 1873 2283 decret.
1892 2260 1995 2283 locutus
2011 2263 2059 2288 est,
2076 2260 2165 2284 redar-

925 2303 1016 2333 guitur
1019 2320 2162 2329 .............................................
2209 2303 2253 2327 531

896 2360 1059 2383 Universitas
1074 2361 1209 2392 supplicat
1229 2361 1340 2385 chrico
1354 2362 1396 2391 VI,
1418 2365 1446 2385 ut
1465 2362 1599 2385 Johannes
1622 2363 1653 2385 de
1676 2362 1834 2392 Servavilln,
1855 2362 1938 2385 abbas
1955 2362 1983 2386 S.
2003 2362 2097 2391 Mauri,
2115 2371 2163 2394 per

924 2405 1006 2427 alium
1022 2405 1158 2428 fidelitatis
1173 2406 1353 2437 juramentum
1369 2410 1506 2438 praestare
1525 2406 1611 2437 possit
1615 2423 2161 2431 ......................
2207 2406 2251 2429 531

893 2463 1082 2486 lnstructiones
1095 2471 1143 2494 per
1164 2463 1370 2487 Universitatem
1390 2464 1518 2495 magistro
1533 2465 1641 2487 Nicolao
1657 2465 1730 2494 Midi,
1745 2464 1893 2496 theologiae
1910 2464 2064 2496 professori,
2082 2464 2163 2487 tradi-

923 2510 974 2535 tae,
990 2507 1034 2538 qui
1051 2508 1149 2530 electus
1164 2512 1204 2531 est
1222 2508 1255 2531 ad
1271 2509 1472 2540 proponendum
1487 2517 1576 2532 coram
1594 2517 1656 2540 rege
1674 2509 1785 2532 Henrico
1803 2509 1832 2532 Vl
1847 2509 1873 2532 in
1889 2509 2003 2532 adventu
2021 2517 2082 2532 suo.
2101 2525 2109 2533 .
2128 2526 2134 2532 .
2154 2527 2160 2532 .
2206 2509 2253 2532 532

892 2565 967 2588 Natio
981 2565 1157 2589 Normanniae
1172 2574 1220 2597 pro
1233 2566 1315 2590 electo
1330 2566 1459 2598 [Johunne
1472 2567 1625 2598 d'EsqunyJ,
1644 2567 1714 2590 natio
1728 2567 1864 2590 Gallicana
1881 2574 1928 2598 pro
1945 2567 2020 2590 Petro
2038 2566 2160 2590 Cauchon

922 2610 1011 2632 sedem
1025 2610 1161 2641 Bajocens.
1173 2611 1311 2642 postulant
1323 2628 2159 2635 .................................
2205 2612 2252 2634 533

892 2668 1019 2690 Henricus
1034 2668 1076 2696 Vl,
1094 2669 1221 2691 Franciae
1241 2672 1266 2692 et
1285 2669 1394 2700 Angliae
1413 2677 1467 2698 rex,
1484 2669 1662 2693 coronationis
1680 2677 1743 2692 suae
1763 2677 1852 2696 causa,
1871 2669 2059 2692 Universitatis
2079 2669 2160 2700 privi-

920 2712 990 2742 legia
1005 2713 1146 2736 confirmat
1162 2731 2157 2737 .......................................
2204 2714 2250 2736 534

890 2770 1018 2792 llcnricus
1039 2771 1071 2793 Vl
1092 2770 1243 2802 privilegiis
1266 2771 1454 2795 Universitatis
1479 2772 1562 2802 addit,
1585 2772 1655 2803 quod
1677 2781 1692 2795 a
1714 2771 1784 2795 veris
1808 2772 1864 2803 ejus
1887 2771 2034 2803 suppositis
2058 2771 2157 2799 talliae,

920 2817 1038 2845 quartae,
1056 2815 1248 2846 impositioneS,
1265 2815 1382 2847 vigiliae,
1398 2816 1534 2840 custodiae
1553 2820 1701 2848 portarum,
1720 2816 1831 2848 denique
1847 2816 1963 2839 decimae
1980 2824 1995 2839 a
2015 2816 2076 2839 sede
2095 2824 2159 2847 apo-

920 2859 1014 2881 stolica
1029 2859 1086 2890 regi
1101 2860 1227 2883 Franciae
1241 2868 1390 2890 concessae,
1407 2869 1490 2892 neque
1505 2869 1574 2884 nunc
1589 2869 1672 2892 neque
1688 2861 1713 2883 in
1726 2864 1863 2892 posterum
1878 2861 2027 2891 exigantur.
2045 2877 2052 2883 .
2072 2878 2077 2883 .
2099 2878 2102 2882 .
2125 2877 2130 2883 .
2150 2878 2154 2882 .
2202 2861 2248 2883 534
