2502 3418
394 344 459 376 496
973 352 1289 375 citAnTULAan
1323 352 1514 376 Uvarzns.
1550 353 1677 375 rmus.
2161 342 2260 379 [1430

395 456 539 493 2346.
567 466 741 492 Universitas
757 466 853 493 Paris.
871 466 899 492 in
915 465 1039 501 epistola
1052 466 1092 491 ad
1107 465 1260 491 Hem-icum
1273 474 1365 500 regem
1381 465 1506 500 Angliae
1519 466 1609 492 missa
1624 466 1651 492 ei
1661 466 1838 501 gratulatur,
1858 467 1934 502 quod
1947 475 2062 502 regnum
2075 477 2158 494 suum
2174 469 2262 494 Fran-

482 515 545 541 ciae
561 515 676 542 visitare
693 516 722 541 in
735 516 830 542 animo
845 515 962 541 habeat.

1540 552 1614 582 1430.
1630 554 1691 578 ante
1705 553 1783 585 April.
1799 553 1842 582 23,
1857 553 1972 579 Parisiis.

483 640 573 672 Tres
595 639 774 672 excellent
794 646 829 672 et
849 646 923 672 tres
945 639 1110 684 puissant
1131 639 1256 684 priuce
1278 645 1313 672 et
1338 645 1462 672 nostre
1488 646 1562 672 tres
1587 639 1765 673 redoubte
1792 646 1827 673 et
1851 641 2045 674 souverain
2071 641 2258 687 seigneur.

396 705 424 738 Il
441 718 458 738 a
476 706 559 751 pleu
581 709 599 739 a
619 713 740 739 vostre
758 713 832 739 tres
853 706 974 739 haulte
995 707 1144 750 majeste
1166 718 1229 751 par
1250 717 1287 739 sa
1309 705 1470 752 benigne
1491 718 1600 751 grace
1622 719 1715 740 nous
1736 708 2029 753 communiquier
2048 720 2113 742 vos
2134 708 2260 742 lettres

396 773 544 818 signces
575 773 619 806 de
649 779 771 806 vostre
802 773 911 814 main,
933 772 1132 818 lesquelles
1160 785 1253 806 nous
1279 784 1391 806 avons
1420 785 1528 807 receu
1556 776 1575 807 a
1605 781 1711 819 grant
1732 775 1809 819 joie
1837 781 1872 808 et
1898 775 2097 808 exultation
2124 776 2168 809 de
2194 788 2261 810 nos

395 852 513 873 coeurs
542 852 586 873 en
612 840 764 873 rendant
786 852 914 884 graces
936 842 954 872 a
975 840 1067 872 Dieu
1089 840 1133 872 de
1154 840 1187 873 la
1212 839 1333 873 bonne
1360 841 1566 886 prosperite
1591 841 1826 886 personnelle
1848 842 1909 887 qui
1931 842 1992 888 luy
2017 854 2034 875 a
2060 842 2144 888 pleu
2169 855 2261 877 vous

395 908 555 948 envoier,
579 919 717 940 comme
739 918 802 951 par
822 906 876 939 les
897 907 1149 940 dessusdictes
1169 907 1296 940 lettres
1317 919 1411 956 nous
1432 914 1488 941 est
1507 920 1655 953 apparu,
1678 915 1713 942 et
1733 908 1778 941 de
1799 921 1839 942 ce
1858 921 1927 954 que
1949 909 1980 942 si
2000 916 2107 954 grant
2122 922 2260 950 amour,

397 980 469 1007 tres
486 974 662 1007 redoubte
679 980 714 1006 et
730 974 924 1007 souverain
941 986 1114 1019 segneur,
1132 986 1224 1008 vous
1240 987 1257 1008 a
1275 974 1358 1020 pleu
1375 982 1558 1009 monstrer
1572 978 1591 1009 a
1605 982 1728 1009 vostre
1746 982 1818 1009 tres
1835 975 1983 1010 humble
1998 983 2032 1010 et
2044 977 2173 1011 devote
2188 977 2261 1011 fille

393 1041 626 1075 l'Universite
643 1041 687 1073 de
704 1041 816 1082 Paris,
836 1053 880 1073 en
897 1053 991 1074 nous
1009 1041 1196 1087 signifiant
1211 1041 1243 1075 le
1261 1042 1361 1075 desir
1375 1054 1445 1087 que
1460 1049 1582 1076 vostre
1597 1043 1797 1076 excellente
1813 1043 1985 1077 noblesse
2003 1056 2044 1089 sy
2061 1056 2079 1077 a
2098 1044 2142 1077 de
2158 1044 2262 1078 venir

395 1121 458 1154 par
473 1108 585 1141 decha
604 1108 731 1141 visitor
746 1114 868 1142 vostre
885 1108 1043 1154 royalme
1061 1109 1105 1142 de
1123 1110 1270 1142 France.
1289 1111 1389 1143 Nous
1405 1122 1496 1143 vous
1514 1122 1558 1143 en
1575 1110 1824 1144 remerchions
1839 1111 1884 1144 de
1900 1117 1975 1144 tres
1991 1110 2139 1144 humble
2156 1112 2263 1145 affec-

394 1176 482 1216 tion,
506 1187 550 1208 en
571 1175 701 1208 offrant
722 1181 755 1208 et
777 1182 989 1220 presentant
1009 1188 1053 1208 en
1074 1176 1166 1209 lcale
1188 1176 1393 1222 subjection
1419 1179 1438 1210 a
1461 1184 1584 1211 vostre
1610 1178 1760 1222 majeste
1786 1184 1868 1211 tous
1895 1178 2057 1211 services
2083 1179 2145 1224 qui
2168 1190 2262 1212 nous

395 1249 518 1275 scront
544 1242 742 1287 possibles,
765 1254 849 1275 avec
878 1243 1018 1288 prieres
1045 1250 1080 1276 et
1106 1244 1290 1285 oroisons,
1313 1244 1513 1289 lesquelles
1539 1245 1825 1278 incessamment
1844 1257 1938 1278 nous
1959 1252 2222 1291 presenterons
2243 1248 2262 1279 a

395 1310 485 1342 Dieu
520 1321 611 1354 pour
638 1309 670 1342 la
699 1309 819 1342 bonne
849 1310 1105 1343 conservation
1138 1311 1182 1344 de
1211 1317 1334 1344 vostre
1364 1311 1485 1344 bonne
1518 1312 1739 1357 prosperitc,
1766 1311 1923 1357 laquelle
1951 1319 2075 1346 nostre
2098 1313 2265 1359 Segneur

394 1376 627 1410 Jhesu-Crist
643 1388 706 1421 par
726 1388 763 1409 sa
789 1377 920 1410 doulce
941 1379 1049 1423 grace
1069 1378 1213 1411 voeulle
1235 1379 1421 1423 tousjours
1441 1385 1656 1424 augmenter
1678 1379 1722 1412 de
1743 1379 1828 1412 bien
1849 1391 1895 1412 en
1911 1380 2033 1413 mielx.

487 1475 604 1500 Illinuta
619 1476 735 1499 chartac.
749 1476 774 1499 in
787 1476 864 1500 Arch.
874 1478 929 1499 nat.
940 1475 1035 1504 Paris„
1046 1476 1130 1504 M65b,
1145 1481 1173 1499 n*⁷
1188 1477 1218 1499 98
1227 1476 1301 1508 (olim
1312 1477 1341 1500 A.
1355 1478 1378 1501 3.
1395 1477 1486 1506 dddd).
1496 1478 1569 1501 —Ut
1579 1486 1609 1502 ex
1621 1478 1734 1509 epistola
1742 1477 1907 1509 conjicimus,
1923 1487 1968 1503 rex
1983 1479 2093 1510 Angliae
2104 1482 2165 1502 tunc
2178 1479 2264 1502 adhuc

394 1520 419 1542 in
436 1520 529 1550 Anglia
543 1520 705 1544 morabatur.
722 1522 769 1544 An.
782 1521 851 1549 1430,
865 1520 949 1552 April.
966 1521 1006 1550 23,
1019 1521 1153 1544 Calesium
1168 1521 1274 1552 appulit
1289 1522 1468 1552 (Summos,
1483 1523 1586 1548 Letters
1601 1524 1661 1547 and
1668 1530 1780 1553 papers,
1795 1526 1855 1554 etc„
1872 1524 1904 1553 11,
1920 1531 1945 1556 p.
1962 1524 2007 1547 140
2020 1525 2080 1555 ξφ).
2092 1523 2173 1547 Paulo
2187 1527 2263 1548 antee

393 1573 456 1596 crgo
471 1564 584 1596 epistola
600 1565 700 1597 scripta
713 1569 761 1589 est.

396 1714 541 1752 2347.
566 1733 580 1750 «
596 1726 747 1751 Decretum
767 1734 822 1761 quo
845 1729 960 1751 cavetur
980 1734 1014 1751 ne
1033 1734 1158 1761 unquam
1177 1728 1233 1761 fiat
1251 1726 1432 1763 dispensatio
1454 1727 1588 1763 temporis
1608 1727 1700 1753 studii
1717 1728 1850 1764 requisiti
1865 1732 1933 1754 ante
1951 1727 2097 1754 licentiam
2113 1728 2161 1763 [in
2181 1727 2263 1754 theo-

485 1773 592 1809 logiaJ.
611 1783 626 1800 >›

1544 1813 1617 1843 7430,
1630 1813 1722 1846 Aprili&
1736 1812 1781 1843 24,
1797 1813 1842 1843 27,
1859 1813 1973 1839 Parisiis

486 1899 525 1930 In
547 1899 693 1932 nomine
715 1900 873 1937 Domini,
896 1912 1012 1933 amen.
1040 1901 1215 1934 Noverint
1240 1902 1402 1934 universi
1423 1907 1459 1934 et
1483 1900 1621 1947 singuli
1646 1900 1713 1934 hoc
1738 1913 1891 1946 presens
1917 1901 2101 1946 publicum
2127 1901 2262 1935 instru-

397 1971 556 1997 mentum
573 1965 774 2011 inspecturi
791 1967 888 2012 quod
905 1980 999 2001 anno
1017 1968 1179 2013 ejusdem
1198 1969 1343 2001 Domini
1360 1968 1555 2001 millesimo
1572 1968 1933 2013 quadringentesimo
1951 1968 2154 2014 trigesimo,
2171 1968 2262 2002 indi-

397 2032 516 2064 ctione
532 2033 619 2077 viijss,
636 2034 774 2066 mensis
790 2034 929 2079 Aprilis
946 2035 1004 2067 die
1021 2035 1146 2080 xxiiijss,
1164 2036 1395 2080 pontificatus
1412 2036 1632 2069 sanctissimi
1649 2036 1685 2068 in
1700 2035 1847 2069 Christo
1864 2035 1975 2080 patris
1992 2035 2130 2068 domini
2147 2035 2263 2069 nostri

397 2099 534 2131 domini
562 2100 719 2142 Martini,
743 2101 865 2134 divina
893 2102 1121 2147 providentia
1143 2115 1233 2148 pape
1252 2104 1296 2144 V,
1324 2115 1418 2135 anno
1439 2103 1529 2148 xiij⁰,
1557 2103 1594 2135 in
1616 2115 1695 2136 mea
1720 2102 1851 2135 notarii
1876 2102 2012 2148 publici
2042 2103 2261 2148 testiumque

397 2166 710 2212 infrascriptorum
736 2168 780 2200 ad
805 2167 873 2201 hoc
903 2175 1113 2202 vocatorum
1140 2170 1347 2215 specialiter
1377 2182 1416 2203 ac
1447 2176 1654 2215 rogatorum
1686 2169 1882 2215 presentia,
1910 2170 1947 2202 in
1977 2169 2263 2215 congregatione

396 2233 652 2277 magistrorum
674 2234 895 2268 venerahilis
916 2236 1096 2269 facultatis
1117 2236 1302 2282 theologie
1324 2244 1393 2270 tam
1415 2237 1620 2282 regentium
1643 2249 1748 2281 quam
1775 2248 1849 2269 non
1869 2236 2087 2282 regentium,
2116 2248 2159 2269 ex
2179 2247 2261 2270 con-

397 2299 561 2333 clusione
578 2313 617 2334 ac
638 2301 902 2335 deliberatione
923 2302 1102 2336 facultatis
1123 2304 1224 2348 prius
1246 2304 1282 2336 in
1299 2304 1451 2349 quadam
1469 2304 1754 2349 congregatione
1775 2304 1864 2337 facta
1881 2304 1917 2336 in
1935 2304 2064 2337 Sancto
2081 2303 2261 2336 Maturino

398 2379 462 2411 per
477 2368 723 2412 juramentum
745 2376 1027 2403 convocatorum
1046 2377 1081 2403 et
1097 2378 1402 2416 congregatorum
1424 2371 1467 2404 ad
1489 2371 1754 2416 providendum
1777 2383 1842 2416 pro
1862 2370 2021 2404 licentiis
2042 2382 2153 2416 super
2175 2377 2262 2403 tem-

399 2446 485 2478 pore
511 2441 643 2467 statuto
672 2436 708 2468 in
734 2436 859 2468 eadem
885 2437 1051 2470 facultate
1078 2437 1223 2479 fiendis,
1249 2444 1285 2470 et
1309 2438 1353 2471 ad
1379 2438 1623 2483 recipiendam
1650 2437 1834 2471 scedulam
1861 2438 1905 2470 de
1931 2437 2071 2470 actibus
2101 2437 2263 2482 magistri

397 2500 571 2534 ,Iohannis
592 2502 625 2534 le
643 2503 888 2536 Moustardier
909 2511 944 2537 et
964 2504 1082 2549 ipsum
1104 2505 1251 2538 domino
1272 2505 1470 2538 commisso
1490 2506 1534 2538 ad
1556 2505 1720 2551 regimen
1741 2505 1849 2538 officii
1869 2504 2084 2538 cancellarie
2106 2504 2261 2552 ecclesie

400 2568 511 2601 Paris,
535 2570 834 2613 presentandum,
856 2583 920 2616 per
945 2583 1121 2616 organum
1144 2572 1365 2605 venerabilis
1389 2572 1458 2606 viri
1483 2579 1518 2605 et
1541 2572 1796 2617 circumspecti
1820 2572 1984 2617 magistri
2009 2571 2197 2605 Guillelmi
2218 2571 2262 2604 de

400 2635 548 2676 Bevilla,
579 2635 714 2668 decano
746 2638 911 2681 ejusdem
936 2638 1117 2671 facultatis
1143 2646 1226 2683 post
1254 2651 1353 2672 suam
1385 2639 1685 2672 deliberationem
1715 2639 1909 2672 recedente
1940 2645 1975 2671 et
2002 2638 2166 2680 absente,
2196 2638 2264 2671 fuit

400 2701 612 2734 conclusum
632 2715 639 2735 ε

490 2769 595 2810 Quod
613 2776 760 2814 propter
774 2771 1079 2815 importunitates,
1094 2773 1336 2815 difficultates,
1349 2773 1563 2806 insolentias
1580 2780 1614 2806 et
1630 2785 1758 2819 preces
1772 2773 1997 2818 importunas
2009 2772 2179 2817 plurium,
2193 2783 2263 2816 que

403 2835 625 2878 temporibus
643 2838 830 2870 retroactis
847 2839 994 2872 fuerunt
1010 2851 1119 2884 super
1136 2840 1393 2885 anticipatione
1411 2841 1585 2885 temporis
1602 2840 1768 2885 requisiti
1785 2840 1828 2873 ad
1844 2839 2024 2872 licentiam
2043 2839 2079 2871 in
2096 2838 2262 2871 facultate

404 2899 598 2945 theologie,
617 2914 681 2946 pro
704 2909 865 2948 tempore
887 2906 1008 2938 futuro
1031 2907 1074 2939 de
1095 2907 1257 2940 remedio
1279 2908 1535 2952 provideretur
1555 2914 1778 2953 opportuno·‚
1802 2907 1854 2940 sic
1874 2906 2057 2948 videlicet,
2075 2912 2114 2938 ut
2135 2916 2263 2938 omnes
