2502 3418
258 331 352 366 1411]
601 343 647 364 AB
682 343 787 364 ANNO
823 343 1112 365 mcccrxxxxw
1148 344 1277 372 USQL‘E
1313 345 1360 366 AD
1395 346 1533 367 ANNL'M
1568 347 1772 370 mccchii.
2055 342 2120 373 205

254 418 397 450 mannis
419 424 454 450 et
474 417 645 461 Hispanis
673 417 746 449 sint
773 418 907 461 pervia,
933 429 999 450 nec
1021 418 1131 450 multa
1159 418 1296 450 narrari
1323 419 1465 463 possint
1491 420 1653 453 Concilia
1682 422 1859 454 securiori
1890 423 2054 457 libertate
2080 437 2118 457 ac

254 484 381 528 majori
409 483 624 516 exaltatione
656 484 814 516 Romane
845 484 945 517 sedis
974 496 1078 529 quam
1109 484 1145 516 in
1173 484 1302 517 Galliis
1330 485 1522 518 celebrata.
1559 488 1682 531 Itaque
1714 487 1782 520 hoc
1807 490 1889 532 jure
1922 491 2117 533 poscimus,

253 556 292 583 ut
312 550 399 583 citra
421 550 532 595 Alpes
556 550 692 582 nostris
709 562 854 594 quoque
877 550 1011 583 finibus
1032 551 1217 583 securitati
1240 558 1347 596 atque
1368 551 1525 585 libertati
1547 553 1664 585 locum
1683 555 1990 588 accommodatum
2010 557 2117 601 eligat

252 617 422 649 sanctitas
442 623 575 649 vestra.

341 683 513 728 Sequitur
541 683 646 724 illud,
676 683 773 727 quod
801 684 960 717 favorem
991 684 1148 729 postulat
1176 685 1358 718 uberioris
1387 686 1515 730 gratie.
1543 687 1714 729 Quamvis
1745 688 1838 719 enim
1871 689 1975 732 equis
2003 690 2119 723 oculis

251 756 407 794 nequeat
426 749 551 794 aspici,
570 756 609 782 ut
629 749 775 794 plurimi
797 762 870 783 non
890 751 1055 795 graduati
1078 758 1112 784 et
1139 751 1175 783 in
1196 751 1266 792 his,
1292 764 1361 796 que
1388 759 1473 785 sunt
1492 753 1621 794 seculi,
1643 753 1908 793 habundantes,
1932 755 2040 788 licitis
2061 764 2120 789 aut

250 816 387 849 illicitis
409 816 552 857 mediis,
576 817 712 849 nostris
743 817 944 862 suppositis
973 818 1214 862 preferantur,
1242 825 1360 851 tamen
1391 819 1577 852 humiliter
1605 820 1865 864 supplicamus,
1897 828 1933 854 ut
1962 823 2117 855 antidate

250 882 382 915 talibus
404 895 580 916 concesse
601 884 738 916 nostris
760 884 962 928 suppositis
984 896 1056 916 non
1084 892 1249 926 noceant,
1278 885 1418 918 scilicet
1447 892 1486 918 ut
1514 886 1576 918 ille
1604 887 1752 931 quintus
1778 888 1952 921 articulus
1978 896 2119 922 nostra-

250 962 327 982 rum
350 950 661 995 prerogativarum
685 951 823 983 tociens
846 957 967 984 vestre
995 952 1174 984 sanctitati
1203 951 1415 997 explicatus,
1441 967 1457 983 ((
1476 959 1514 985 ut
1536 953 1668 997 petitur
1689 954 1726 986 in
1746 954 1860 987 forma
1878 968 1908 995 »,
1939 956 2116 1000 signetur.

249 1017 291 1048 Et
313 1016 399 1060 quid
421 1023 487 1057 est,
514 1016 723 1049 beatissime
745 1024 858 1062 pater,
882 1018 979 1062 quod
1001 1019 1131 1063 equius
1152 1025 1212 1051 aut
1227 1019 1364 1063 justius
1386 1026 1508 1064 petere
1530 1020 1727 1064 possimus,
1751 1033 1855 1065 quam
1878 1022 1974 1066 quod
1997 1023 2118 1055 erudi-

248 1082 380 1115 tissimi
400 1083 466 1116 viri
490 1090 623 1116 etcum
647 1095 786 1116 summa
809 1084 960 1117 scientia
982 1085 1202 1130 pauperrimi
1233 1092 1316 1130 post
1342 1086 1448 1119 vitam
1479 1086 1589 1131 longe
1620 1087 1751 1120 studiis
1783 1088 1936 1121 attritam
1968 1096 2003 1122 et
2031 1102 2117 1122 con-

247 1156 388 1194 sumpta
415 1150 629 1194 patrimonia
655 1151 846 1195 variasque
875 1151 960 1184 fidei
991 1151 1166 1184 catholice
1197 1164 1351 1197 pugnas,
1374 1152 1556 1185 illiteratis
1583 1153 1727 1186 famulis
1748 1166 1786 1186 ac
1809 1155 1982 1188 divitibus
2008 1156 2116 1201 hujus

247 1216 360 1248 seculi
379 1217 630 1261 preferantur?
646 1217 741 1259 Quid
759 1224 885 1262 postea
907 1218 1126 1263 flagitiosius
1147 1230 1186 1251 ac
1209 1219 1455 1252 ecclesiastice
1474 1219 1738 1264 dispensationi
1759 1221 1874 1266 magis
1895 1224 2114 1256 contrarium

245 1282 315 1315 dici
337 1289 397 1315 aut
418 1283 506 1328 fingi
534 1290 666 1328 potest,
694 1296 797 1328 quam
821 1285 919 1317 cocis
941 1297 980 1317 ac
1002 1285 1204 1330 pistoribus
1225 1286 1431 1330 ceterisque
1453 1286 1637 1319 officiariis
1658 1287 1861 1332 aliquorum
1885 1289 2113 1322 dominorum

244 1361 309 1394 pro
330 1349 518 1382 laboribus
539 1350 888 1384 administrationem
913 1352 1115 1396 rependere
1136 1352 1396 1385 beneficiorum
1410 1354 1422 1385 ἶ)
1449 1353 1519 1386 Sed
1547 1353 1613 1386 hec
1639 1366 1828 1398 speramus
1849 1355 1972 1388 divino
1993 1357 2114 1390 favore

244 1427 353 1460 posse
375 1417 560 1461 extirpari.
583 1418 656 1449 Nec
677 1430 744 1450 nos
767 1425 887 1451 movet
908 1419 1005 1463 quod
1034 1426 1242 1452 nostrorum
1272 1420 1545 1464 suppositorum
1575 1420 1720 1465 plurimi
1750 1421 1814 1454 has
1840 1423 2015 1456 antidatas
2040 1425 2114 1468 jam

244 1482 493 1522 obtinuerunt,
512 1496 592 1516 nam
610 1484 803 1526 malumus,
822 1492 861 1517 ut
877 1497 1075 1530 suppressa
1093 1486 1315 1530 procedendi
1336 1487 1448 1519 forma
1466 1487 1587 1531 potius
1604 1488 1739 1531 privata
1756 1500 1951 1532 paucorum
1971 1490 2115 1523 tollatur

243 1549 447 1582 inordinata
468 1549 617 1591 utilitas,
636 1563 740 1595 quam
764 1558 972 1584 nostrorum
995 1553 1182 1597 frangatur
1203 1553 1346 1598 publica
1368 1554 1529 1598 provisio
1552 1555 1837 1598 suppositorum.

333 1617 557 1649 Postremum
582 1624 637 1649 est
664 1618 761 1662 quod
790 1630 863 1650 non
884 1618 1001 1651 solum
1023 1631 1065 1651 ex
1085 1619 1249 1659 arbitrio,
1277 1626 1313 1652 ut
1334 1620 1428 1664 apud
1451 1620 1597 1661 multos,
1622 1621 1687 1653 sed
1708 1621 1906 1665 imperante
1931 1624 2113 1655 neccessi-

244 1688 313 1715 tate
335 1682 576 1727 postulamus,
598 1696 643 1716 ne
664 1684 708 1716 ad
727 1684 810 1717 lites
834 1685 925 1717 ultra
951 1692 1093 1718 montes
1117 1686 1339 1719 decidendas
1361 1686 1555 1727 trahamur,
1582 1687 1646 1719 sed
1668 1687 1775 1719 nobis
1799 1688 1904 1720 detur
1919 1689 2032 1733 judex
2053 1698 2113 1723 aut

242 1749 411 1790 vicarius,
436 1750 531 1794 apud
553 1762 659 1794 quem
681 1751 772 1783 infra
795 1752 899 1796 regni
927 1752 1061 1784 limites
1088 1753 1277 1797 sopiantur
1298 1753 1545 1786 ecclesiastice
1567 1755 1816 1787 controversie
1838 1762 1870 1787 et
1897 1755 2018 1788 debito
2042 1757 2110 1789 fine

242 1816 495 1857 terminentur,
514 1828 579 1849 nec
600 1817 643 1849 ab
665 1829 707 1849 eo
730 1818 773 1850 ad
795 1818 919 1850 sedem
940 1819 1173 1863 apostolicam
1197 1819 1380 1864 appellare
1401 1820 1519 1860 liceat,
1538 1821 1609 1852 11151
1630 1821 1752 1853 forsan
1774 1822 1810 1853 in
1832 1834 1871 1853 ca
1893 1834 1998 1855 causa
2020 1823 2111 1856 fides

242 1882 490 1927 principaliter
510 1890 692 1928 ageretur.
716 1886 803 1925 Hoc,
831 1885 1040 1918 beatissime
1063 1893 1176 1930 pater,
1202 1886 1244 1918 ad
1272 1887 1461 1919 universas
1482 1886 1618 1919 Gallias
1640 1888 1808 1931 pertinet,
1832 1901 1901 1932 que
1923 1897 2019 1922 certe
2042 1897 2108 1923 tam

240 1948 348 1993 longa
371 1949 508 1982 viarum
536 1950 759 1992 discrimina,
787 1958 855 1984 tam
884 1964 1014 1997 graves
1037 1960 1216 1997 sumptus,
1246 1960 1296 1985 tot
1322 1953 1509 1985 hominum
1531 1966 1634 1998 aqua,
1661 1954 1757 1986 ferro
1779 1955 1944 1999 fameque
1966 1957 2110 2001 pericli—

241 2015 393 2048 tationes
415 2016 475 2048 diu
498 2029 570 2049 non
592 2025 744 2062 possent
764 2018 946 2051 tollerare.
971 2019 1064 2052 Illud
1087 2020 1192 2052 etiam
1215 2019 1382 2052 acerbius
1403 2027 1458 2052 est
1478 2020 1647 2052 omnibus
1670 2021 1808 2065 probis,
1831 2022 1926 2066 quod
1950 2023 1980 2055 si
2001 2036 2108 2056 causc

239 2081 347 2126 hujus
369 2083 473 2128 regni
496 2084 587 2116 ultra
609 2092 750 2117 montes
773 2086 1009 2127 ventilentur,
1036 2093 1072 2118 ut
1093 2093 1281 2131 ceperunt,
1303 2088 1365 2131 jus
1387 2099 1491 2119 31111111
1514 2087 1711 2119 defendere
1733 2088 1807 2120 sere
1830 2089 1951 2122 nullus
1974 2102 2109 2135 pauper

239 2149 398 2190 audebit,
426 2157 460 2182 et
487 2150 539 2183 sie
560 2152 681 2184 causis
702 2152 904 2185 indefensis
927 2152 1103 2185 beneficia
1131 2153 1174 2185 ad
1206 2153 1354 2186 illicitos
1384 2154 1597 2198 pervenient
1624 2161 1873 2199 occupatores.
1899 2157 1969 2188 Hec
1992 2163 2107 2189 tamen

239 2216 374 2248 nostris
396 2217 598 2261 suppositis
618 2218 788 2251 videntur
809 2219 891 2264 plus
918 2220 1125 2252 nocumenti
1157 2220 1318 2261 allatura,
1347 2220 1500 2265 primum
1531 2221 1611 2264 quia
1640 2227 1787 2265 propter
1809 2229 1974 2266 sumptus
1997 2224 2106 2255 studii

239 2294 302 2315 sua
323 2283 454 2327 cuique
478 2295 535 2316 res
556 2285 743 2318 familiaris
771 2286 861 2318 adeo
892 2287 1011 2319 tenuis
1033 2294 1099 2325 est,
1129 2294 1166 2319 ut
1187 2299 1229 2319 ex
1251 2287 1321 2319 sine
1343 2286 1444 2319 orbis
1465 2294 1620 2331 nequeat
1648 2288 1683 2319 in
1704 2288 1819 2320 Ytalia
1842 2301 1940 2320 suam
1964 2302 2105 2322 causam

238 2350 363 2389 tutari3
387 2350 519 2383 deinde
541 2352 622 2395 quia
651 2353 717 2385 ista
741 2354 880 2397 jactura
907 2354 1065 2386 studium
1091 2361 1253 2386 nostrum
1276 2355 1392 2399 primo
1413 2354 1684 2386 distractionem
1708 2362 1903 2399 pateretur,
1926 2363 1960 2388 et
1982 2364 2104 2401 postea

237 2417 456 2457 vastitaten13
480 2418 624 2450 demum
646 2419 728 2463 quia
751 2420 982 2465 privilegium
1004 2420 1179 2453 habemus
1199 2421 1485 2454 vetustissimum
1508 2420 1720 2465 prohibens,
1740 2434 1783 2453 110
1805 2422 1840 2453 111
1861 2434 1965 2454 causa
1987 2423 2104 2468 aliqua

238 2483 324 2515 citra
347 2483 453 2515 fldem
477 2491 574 2517 extra
596 2497 719 2518 muros
740 2487 967 2520 parisienses
990 2487 1171 2520 trahamur
1192 2488 1308 2521 inviti.

328 2550 389 2582 His
411 2557 566 2594 quatuor
583 2553 726 2596 punctis
749 2565 887 2586 summa
908 2554 1133 2598 providentia
1156 2566 1348 2587 occurrere
1366 2554 1476 2586 debet
1496 2554 1667 2586 sanctitas
1684 2561 1801 2586 vestra
1823 2567 1889 2587 nec
1910 2556 1990 2589 aliis
2012 2569 2104 2589 00111-

237 2616 390 2649 mittere.
414 2617 532 2650 Nichil
554 2619 646 2650 enim
670 2620 754 2652 novi
780 2621 1019 2664 postulamus,
1047 2621 1158 2653 nichil
1186 2621 1349 2665 ignotum
1379 2628 1439 2653 aut
1468 2620 1722 2664 inexplicatum
1750 2622 1949 2665 querimus.
1975 2623 2102 2656 Omnia

235 2682 300 2715 hee
317 2685 388 2727 jain
408 2684 468 2716 diu
492 2685 592 2717 novit
613 2687 783 2719 sanctitas
800 2694 932 2720 vestra.
953 2690 998 2721 Ut
1020 2694 1135 2720 tamen
1158 2687 1223 2719 hec
1242 2688 1435 2720 recentiori
1457 2687 1564 2731 pulsu
1586 2687 1796 2719 alsectiones
1814 2695 1955 2721 nostras
1973 2691 2102 2723 sentiat

235 2749 425 2783 clementia
442 2758 574 2792 vestra,
593 2753 635 2784 ad
653 2753 765 2797 pedes
782 2761 901 2786 vestre
919 2754 1154 2787 beatitudinis
1173 2754 1347 2786 mittimus
1365 2754 1575 2798 magistrum
1594 2753 1793 2786 ι10111111110111
1813 2755 1856 2787 (10
1876 2756 2099 2801 Bovesguc2,

235 2828 336 2849 sacre
356 2817 539 2863 theologie
558 2820 803 2863 professorem
821 2821 989 2854 eximium
1009 2828 1043 2854 et
1060 2821 1354 2853 elemosinarium
1373 2820 1582 2852 monasterii
1599 2821 1904 2865 Fiscampnensis,
1922 2823 2017 2867 apud
2035 2836 2101 2856 1105

236 2883 399 2924 scientia,
418 2885 582 2918 moribus
605 2893 639 2919 et
660 2886 825 2919 firmitate
849 2888 1096 2932 multipliciter
1117 2888 1419 2928 commendatum,
1443 2887 1513 2927 cui,
1537 2893 1575 2919 ut
1599 2886 1664 2919 hec
1686 2888 1804 2919 omnia
1826 2895 1859 2920 et
1880 2889 1946 2921 alia
1969 2889 2037 2921 sibi
2065 2891 2099 2922 in
