<?xml version="1.0" encoding="UTF-8"?>
<!DOCTYPE html PUBLIC "-//W3C//DTD XHTML 1.0 Transitional//EN"
    "http://www.w3.org/TR/xhtml1/DTD/xhtml1-transitional.dtd">
<html xmlns="http://www.w3.org/1999/xhtml" xml:lang="en" lang="en">
 <head>
  <title>
</title>
<meta http-equiv="Content-Type" content="text/html;charset=utf-8" />
  <meta name='ocr-system' content='tesseract 3.04.00' />
  <meta name='ocr-capabilities' content='ocr_page ocr_carea ocr_par ocr_line ocrx_word'/>
</head>
<body>
  <div class='ocr_page' id='page_1' title='image "./chartulariumuniv04univuoft_0805.png"; bbox 0 0 2502 3418; ppageno 0'>
   <div class='ocr_carea' id='block_1_1' title="bbox 1122 329 1288 351">
    <p class='ocr_par' dir='ltr' id='par_1_1' title="bbox 1122 329 1288 351">
     <span class='ocr_line' id='line_1_1' title="bbox 1122 329 1288 351; baseline 0 -1"><span class='ocrx_word' id='word_1_1' title='bbox 1122 329 1288 351; x_wconf 73' lang='lat' dir='ltr'>TABULA.</span> 
     </span>
    </p>
   </div>
   <div class='ocr_carea' id='block_1_2' title="bbox 2072 318 2135 353">
    <p class='ocr_par' dir='ltr' id='par_1_2' title="bbox 2072 318 2135 353">
     <span class='ocr_line' id='line_1_2' title="bbox 2072 318 2135 353; baseline 0 -1"><span class='ocrx_word' id='word_1_2' title='bbox 2072 318 2135 353; x_wconf 87' lang='lat'>761</span> 
     </span>
    </p>
   </div>
   <div class='ocr_carea' id='block_1_3' title="bbox 267 394 2132 417">
    <p class='ocr_par' dir='ltr' id='par_1_3' title="bbox 267 394 2132 417">
     <span class='ocr_line' id='line_1_3' title="bbox 267 394 2132 417; baseline -0.004 0"><span class='ocrx_word' id='word_1_3' title='bbox 267 394 2132 417; x_wconf 45' lang='lat' dir='ltr'>Q—</span> 
     </span>
    </p>
   </div>
   <div class='ocr_carea' id='block_1_4' title="bbox 268 443 331 465">
    <p class='ocr_par' dir='ltr' id='par_1_4' title="bbox 268 443 331 465">
     <span class='ocr_line' id='line_1_4' title="bbox 268 443 331 465; baseline 0 0"><span class='ocrx_word' id='word_1_4' title='bbox 268 443 331 465; x_wconf 83' lang='grc'><strong>2129</strong></span> 
     </span>
    </p>
   </div>
   <div class='ocr_carea' id='block_1_5' title="bbox 270 549 331 572">
    <p class='ocr_par' dir='ltr' id='par_1_5' title="bbox 270 549 331 572">
     <span class='ocr_line' id='line_1_5' title="bbox 270 549 331 572; baseline 0 -1"><span class='ocrx_word' id='word_1_5' title='bbox 270 549 331 572; x_wconf 90' lang='grc'><strong>2130</strong></span> 
     </span>
    </p>
   </div>
   <div class='ocr_carea' id='block_1_6' title="bbox 269 744 328 766">
    <p class='ocr_par' dir='ltr' id='par_1_6' title="bbox 269 744 328 766">
     <span class='ocr_line' id='line_1_6' title="bbox 269 744 328 766; baseline -0.017 0"><span class='ocrx_word' id='word_1_6' title='bbox 269 744 328 766; x_wconf 91' lang='grc'><strong>2131</strong></span> 
     </span>
    </p>
   </div>
   <div class='ocr_carea' id='block_1_7' title="bbox 270 895 331 917">
    <p class='ocr_par' dir='ltr' id='par_1_7' title="bbox 270 895 331 917">
     <span class='ocr_line' id='line_1_7' title="bbox 270 895 331 917; baseline -0.016 0"><span class='ocrx_word' id='word_1_7' title='bbox 270 895 331 917; x_wconf 85' lang='grc'><strong>2132</strong></span> 
     </span>
    </p>
   </div>
   <div class='ocr_carea' id='block_1_8' title="bbox 271 1001 332 1024">
    <p class='ocr_par' dir='ltr' id='par_1_8' title="bbox 271 1001 332 1024">
     <span class='ocr_line' id='line_1_8' title="bbox 271 1001 332 1024; baseline 0 0"><span class='ocrx_word' id='word_1_8' title='bbox 271 1001 332 1024; x_wconf 82' lang='grc'><strong>2133</strong></span> 
     </span>
    </p>
   </div>
   <div class='ocr_carea' id='block_1_9' title="bbox 273 1151 334 1174">
    <p class='ocr_par' dir='ltr' id='par_1_9' title="bbox 273 1151 334 1174">
     <span class='ocr_line' id='line_1_9' title="bbox 273 1151 334 1174; baseline -0.016 0"><span class='ocrx_word' id='word_1_9' title='bbox 273 1151 334 1174; x_wconf 82' lang='grc'><strong>2134</strong></span> 
     </span>
    </p>
   </div>
   <div class='ocr_carea' id='block_1_10' title="bbox 272 1214 334 1298">
    <p class='ocr_par' dir='ltr' id='par_1_10' title="bbox 272 1214 334 1298">
     <span class='ocr_line' id='line_1_10' title="bbox 272 1214 334 1236; baseline 0 0"><span class='ocrx_word' id='word_1_10' title='bbox 272 1214 334 1236; x_wconf 85' lang='grc'><strong>2135</strong></span> 
     </span>
     <span class='ocr_line' id='line_1_11' title="bbox 273 1275 334 1298; baseline 0 0"><span class='ocrx_word' id='word_1_11' title='bbox 273 1275 334 1298; x_wconf 88' lang='grc'><strong>2136</strong></span> 
     </span>
    </p>
   </div>
   <div class='ocr_carea' id='block_1_11' title="bbox 273 1382 334 1404">
    <p class='ocr_par' dir='ltr' id='par_1_11' title="bbox 273 1382 334 1404">
     <span class='ocr_line' id='line_1_12' title="bbox 273 1382 334 1404; baseline -0.016 0"><span class='ocrx_word' id='word_1_12' title='bbox 273 1382 334 1404; x_wconf 93' lang='grc'><strong>2137</strong></span> 
     </span>
    </p>
   </div>
   <div class='ocr_carea' id='block_1_12' title="bbox 274 1533 336 1618">
    <p class='ocr_par' dir='ltr' id='par_1_12' title="bbox 274 1533 336 1618">
     <span class='ocr_line' id='line_1_13' title="bbox 274 1533 336 1556; baseline -0.016 0"><span class='ocrx_word' id='word_1_13' title='bbox 274 1533 336 1556; x_wconf 87' lang='grc'><strong>2138</strong></span> 
     </span>
     <span class='ocr_line' id='line_1_14' title="bbox 275 1595 336 1618; baseline 0 0"><span class='ocrx_word' id='word_1_14' title='bbox 275 1595 336 1618; x_wconf 80' lang='grc'><strong>2139</strong></span> 
     </span>
    </p>
   </div>
   <div class='ocr_carea' id='block_1_13' title="bbox 276 1836 338 1858">
    <p class='ocr_par' dir='ltr' id='par_1_13' title="bbox 276 1836 338 1858">
     <span class='ocr_line' id='line_1_15' title="bbox 276 1836 338 1858; baseline 0 0"><span class='ocrx_word' id='word_1_15' title='bbox 276 1836 338 1858; x_wconf 87' lang='grc'><strong>2140</strong></span> 
     </span>
    </p>
   </div>
   <div class='ocr_carea' id='block_1_14' title="bbox 277 1902 335 1925">
    <p class='ocr_par' dir='ltr' id='par_1_14' title="bbox 277 1902 335 1925">
     <span class='ocr_line' id='line_1_16' title="bbox 277 1902 335 1925; baseline -0.017 0"><span class='ocrx_word' id='word_1_16' title='bbox 277 1902 335 1925; x_wconf 85' lang='grc'><strong>2141</strong></span> 
     </span>
    </p>
   </div>
   <div class='ocr_carea' id='block_1_15' title="bbox 277 2008 338 2031">
    <p class='ocr_par' dir='ltr' id='par_1_15' title="bbox 277 2008 338 2031">
     <span class='ocr_line' id='line_1_17' title="bbox 277 2008 338 2031; baseline 0 0"><span class='ocrx_word' id='word_1_17' title='bbox 277 2008 338 2031; x_wconf 88' lang='grc'><strong>2142</strong></span> 
     </span>
    </p>
   </div>
   <div class='ocr_carea' id='block_1_16' title="bbox 277 2115 338 2138">
    <p class='ocr_par' dir='ltr' id='par_1_16' title="bbox 277 2115 338 2138">
     <span class='ocr_line' id='line_1_18' title="bbox 277 2115 338 2138; baseline 0 0"><span class='ocrx_word' id='word_1_18' title='bbox 277 2115 338 2138; x_wconf 89' lang='grc'><strong>2143</strong></span> 
     </span>
    </p>
   </div>
   <div class='ocr_carea' id='block_1_17' title="bbox 277 2222 339 2244">
    <p class='ocr_par' dir='ltr' id='par_1_17' title="bbox 277 2222 339 2244">
     <span class='ocr_line' id='line_1_19' title="bbox 277 2222 339 2244; baseline 0 0"><span class='ocrx_word' id='word_1_19' title='bbox 277 2222 339 2244; x_wconf 87' lang='grc'><strong>2144</strong></span> 
     </span>
    </p>
   </div>
   <div class='ocr_carea' id='block_1_18' title="bbox 278 2329 340 2352">
    <p class='ocr_par' dir='ltr' id='par_1_18' title="bbox 278 2329 340 2352">
     <span class='ocr_line' id='line_1_20' title="bbox 278 2329 340 2352; baseline 0.016 -1"><span class='ocrx_word' id='word_1_20' title='bbox 278 2329 340 2352; x_wconf 84' lang='grc'><strong>2145</strong></span> 
     </span>
    </p>
   </div>
   <div class='ocr_carea' id='block_1_19' title="bbox 279 2480 340 2503">
    <p class='ocr_par' dir='ltr' id='par_1_19' title="bbox 279 2480 340 2503">
     <span class='ocr_line' id='line_1_21' title="bbox 279 2480 340 2503; baseline 0 0"><span class='ocrx_word' id='word_1_21' title='bbox 279 2480 340 2503; x_wconf 87' lang='grc'><strong>2146</strong></span> 
     </span>
    </p>
   </div>
   <div class='ocr_carea' id='block_1_20' title="bbox 279 2587 340 2672">
    <p class='ocr_par' dir='ltr' id='par_1_20' title="bbox 279 2587 340 2672">
     <span class='ocr_line' id='line_1_22' title="bbox 279 2587 340 2610; baseline 0 0"><span class='ocrx_word' id='word_1_22' title='bbox 279 2587 340 2610; x_wconf 89' lang='grc'><strong>2147</strong></span> 
     </span>
     <span class='ocr_line' id='line_1_23' title="bbox 279 2650 340 2672; baseline 0 0"><span class='ocrx_word' id='word_1_23' title='bbox 279 2650 340 2672; x_wconf 91' lang='grc'><strong>2148</strong></span> 
     </span>
    </p>
   </div>
   <div class='ocr_carea' id='block_1_21' title="bbox 279 2801 341 2824">
    <p class='ocr_par' dir='ltr' id='par_1_21' title="bbox 279 2801 341 2824">
     <span class='ocr_line' id='line_1_24' title="bbox 279 2801 341 2824; baseline 0.016 -1"><span class='ocrx_word' id='word_1_24' title='bbox 279 2801 341 2824; x_wconf 86' lang='grc'><strong>2149</strong></span> 
     </span>
    </p>
   </div>
   <div class='ocr_carea' id='block_1_22' title="bbox 404 434 2048 478">
    <p class='ocr_par' dir='ltr' id='par_1_22' title="bbox 404 434 2048 478">
     <span class='ocr_line' id='line_1_25' title="bbox 404 434 2048 478; baseline 0.002 -11"><span class='ocrx_word' id='word_1_25' title='bbox 404 442 471 468; x_wconf 65' lang='grc'><strong>1419</strong></span> <span class='ocrx_word' id='word_1_26' title='bbox 582 445 679 476; x_wconf 80' lang='lat' dir='ltr'>Aprilis</span> <span class='ocrx_word' id='word_1_27' title='bbox 695 447 725 469; x_wconf 79' lang='lat'>20</span> <span class='ocrx_word' id='word_1_28' title='bbox 769 434 773 438; x_wconf 44' lang='grc' dir='ltr'>Ι</span> <span class='ocrx_word' id='word_1_29' title='bbox 787 447 873 470; x_wconf 77' lang='lat' dir='ltr'>Abbas</span> <span class='ocrx_word' id='word_1_30' title='bbox 889 447 1088 470; x_wconf 79' lang='lat' dir='ltr'>Bonaecumbae</span> <span class='ocrx_word' id='word_1_31' title='bbox 1104 447 1213 471; x_wconf 77' lang='lat' dir='ltr'>Cisterc.</span> <span class='ocrx_word' id='word_1_32' title='bbox 1230 448 1364 478; x_wconf 77' lang='lat' dir='ltr'>supplicat</span> <span class='ocrx_word' id='word_1_33' title='bbox 1378 447 1518 470; x_wconf 86' lang='lat' dir='ltr'>Benedicto</span> <span class='ocrx_word' id='word_1_34' title='bbox 1532 448 1590 470; x_wconf 84' lang='lat' dir='ltr'>XIII</span> <span class='ocrx_word' id='word_1_35' title='bbox 1608 450 1636 470; x_wconf 89' lang='lat' dir='ltr'>ut</span> <span class='ocrx_word' id='word_1_36' title='bbox 1652 455 1713 469; x_wconf 90' lang='lat' dir='ltr'>suos</span> <span class='ocrx_word' id='word_1_37' title='bbox 1729 447 1832 470; x_wconf 85' lang='lat' dir='ltr'>sodales</span> <span class='ocrx_word' id='word_1_38' title='bbox 1849 448 1980 476; x_wconf 85' lang='lat' dir='ltr'>Tolosam,</span> <span class='ocrx_word' id='word_1_39' title='bbox 1998 456 2048 470; x_wconf 87' lang='lat' dir='ltr'>non</span> 
     </span>
    </p>
   </div>
   <div class='ocr_carea' id='block_1_23' title="bbox 816 491 2047 523">
    <p class='ocr_par' dir='ltr' id='par_1_23' title="bbox 816 491 2047 523">
     <span class='ocr_line' id='line_1_26' title="bbox 816 491 2047 523; baseline 0 -8"><span class='ocrx_word' id='word_1_40' title='bbox 816 491 942 519; x_wconf 78' lang='lat' dir='ltr'>Parisios,</span> <span class='ocrx_word' id='word_1_41' title='bbox 958 492 990 515; x_wconf 91' lang='lat' dir='ltr'>ad</span> <span class='ocrx_word' id='word_1_42' title='bbox 1007 492 1124 515; x_wconf 85' lang='lat' dir='ltr'>studium</span> <span class='ocrx_word' id='word_1_43' title='bbox 1140 492 1243 515; x_wconf 87' lang='lat' dir='ltr'>mittere</span> <span class='ocrx_word' id='word_1_44' title='bbox 1259 491 1344 523; x_wconf 86' lang='lat' dir='ltr'>possit</span> <span class='ocrx_word' id='word_1_45' title='bbox 1348 508 2047 516; x_wconf 67' lang='lat'><em>............................</em></span> 
     </span>
    </p>
   </div>
   <div class='ocr_carea' id='block_1_24' title="bbox 405 547 2047 584">
    <p class='ocr_par' dir='ltr' id='par_1_24' title="bbox 405 547 2047 584">
     <span class='ocr_line' id='line_1_27' title="bbox 405 547 2047 584; baseline -0.001 -8"><span class='ocrx_word' id='word_1_46' title='bbox 405 547 471 574; x_wconf 67' lang='lat'>¹419</span> <span class='ocrx_word' id='word_1_47' title='bbox 548 569 755 576; x_wconf 35' lang='lat'><em>.........</em></span> <span class='ocrx_word' id='word_1_48' title='bbox 787 555 835 577; x_wconf 84' lang='lat' dir='ltr'>Pro</span> <span class='ocrx_word' id='word_1_49' title='bbox 856 554 976 577; x_wconf 74' lang='lat' dir='ltr'>,Iohanne</span> <span class='ocrx_word' id='word_1_50' title='bbox 998 554 1094 577; x_wconf 76' lang='lat' dir='ltr'>abbate</span> <span class='ocrx_word' id='word_1_51' title='bbox 1116 553 1269 576; x_wconf 87' lang='lat' dir='ltr'>monasterii</span> <span class='ocrx_word' id='word_1_52' title='bbox 1290 553 1409 584; x_wconf 85' lang='lat' dir='ltr'>Populeti</span> <span class='ocrx_word' id='word_1_53' title='bbox 1435 553 1555 581; x_wconf 68' lang='lat' dir='ltr'>Cistere.,</span> <span class='ocrx_word' id='word_1_54' title='bbox 1577 553 1766 575; x_wconf 87' lang='lat' dir='ltr'>Terraconeus.</span> <span class='ocrx_word' id='word_1_55' title='bbox 1790 552 1883 582; x_wconf 76' lang='lat' dir='ltr'>dioec„</span> <span class='ocrx_word' id='word_1_56' title='bbox 1907 553 2047 578; x_wconf 81' lang='lat' dir='ltr'>induttum.</span> 
     </span>
    </p>
   </div>
   <div class='ocr_carea' id='block_1_25' title="bbox 367 580 511 608">
    <p class='ocr_par' dir='ltr' id='par_1_25' title="bbox 367 580 511 608">
     <span class='ocr_line' id='line_1_28' title="bbox 367 580 511 608; baseline 0.007 -5"><span class='ocrx_word' id='word_1_57' title='bbox 367 580 422 608; x_wconf 82' lang='lat' dir='ltr'>(vel</span> <span class='ocrx_word' id='word_1_58' title='bbox 435 580 511 608; x_wconf 63' lang='lat'>1418)</span> 
     </span>
    </p>
   </div>
   <div class='ocr_carea' id='block_1_26' title="bbox 406 743 721 778">
    <p class='ocr_par' dir='ltr' id='par_1_26' title="bbox 406 743 721 778">
     <span class='ocr_line' id='line_1_29' title="bbox 406 743 721 778; baseline 0.003 -10"><span class='ocrx_word' id='word_1_59' title='bbox 406 743 471 768; x_wconf 66' lang='grc'><strong>1419</strong></span> <span class='ocrx_word' id='word_1_60' title='bbox 578 746 677 778; x_wconf 77' lang='lat' dir='ltr'>Aprilis</span> <span class='ocrx_word' id='word_1_61' title='bbox 693 747 721 769; x_wconf 86' lang='grc'>24</span> 
     </span>
    </p>
   </div>
   <div class='ocr_carea' id='block_1_27' title="bbox 429 1156 747 1242">
    <p class='ocr_par' dir='ltr' id='par_1_27' title="bbox 429 1156 747 1242">
     <span class='ocr_line' id='line_1_30' title="bbox 429 1156 747 1179; baseline 0 0"><span class='ocrx_word' id='word_1_62' title='bbox 429 1165 459 1168; x_wconf 89' lang='grc'><strong>-</strong></span> <span class='ocrx_word' id='word_1_63' title='bbox 562 1157 625 1179; x_wconf 83' lang='lat' dir='ltr'>Ante</span> <span class='ocrx_word' id='word_1_64' title='bbox 641 1156 701 1179; x_wconf 86' lang='lat' dir='ltr'>Jun.</span> <span class='ocrx_word' id='word_1_65' title='bbox 719 1157 747 1179; x_wconf 87' lang='grc'>12</span> 
     </span>
     <span class='ocr_line' id='line_1_31' title="bbox 429 1218 714 1242; baseline -0.004 0"><span class='ocrx_word' id='word_1_66' title='bbox 429 1227 460 1230; x_wconf 86' lang='grc'>-</span> <span class='ocrx_word' id='word_1_67' title='bbox 596 1218 669 1242; x_wconf 85' lang='lat' dir='ltr'>Junii</span> <span class='ocrx_word' id='word_1_68' title='bbox 685 1218 714 1241; x_wconf 87' lang='grc'>12</span> 
     </span>
    </p>
   </div>
   <div class='ocr_carea' id='block_1_28' title="bbox 429 1280 710 1304">
    <p class='ocr_par' dir='ltr' id='par_1_28' title="bbox 429 1280 710 1304">
     <span class='ocr_line' id='line_1_32' title="bbox 429 1280 710 1304; baseline -0.004 0"><span class='ocrx_word' id='word_1_69' title='bbox 429 1288 460 1291; x_wconf 86' lang='grc'>·-</span> <span class='ocrx_word' id='word_1_70' title='bbox 601 1280 665 1304; x_wconf 85' lang='lat' dir='ltr'>Julii</span> <span class='ocrx_word' id='word_1_71' title='bbox 681 1281 710 1303; x_wconf 84' lang='lat'>18</span> 
     </span>
    </p>
   </div>
   <div class='ocr_carea' id='block_1_29' title="bbox 429 1387 759 1418">
    <p class='ocr_par' dir='ltr' id='par_1_29' title="bbox 429 1387 759 1418">
     <span class='ocr_line' id='line_1_33' title="bbox 429 1387 759 1418; baseline 0 -9"><span class='ocrx_word' id='word_1_72' title='bbox 429 1395 459 1398; x_wconf 79' lang='grc'>-</span> <span class='ocrx_word' id='word_1_73' title='bbox 552 1387 714 1418; x_wconf 73' lang='lat' dir='ltr'><strong>Septembris</strong></span> <span class='ocrx_word' id='word_1_74' title='bbox 733 1387 759 1410; x_wconf 90' lang='grc'>11</span> 
     </span>
    </p>
   </div>
   <div class='ocr_carea' id='block_1_30' title="bbox 434 2015 767 2252">
    <p class='ocr_par' dir='ltr' id='par_1_30' title="bbox 434 2015 767 2252">
     <span class='ocr_line' id='line_1_34' title="bbox 434 2015 744 2039; baseline 0 -1"><span class='ocrx_word' id='word_1_75' title='bbox 434 2020 462 2022; x_wconf 78' lang='lat'><strong>—</strong></span> <span class='ocrx_word' id='word_1_76' title='bbox 577 2015 699 2039; x_wconf 80' lang='lat' dir='ltr'><strong>Octobris</strong></span> <span class='ocrx_word' id='word_1_77' title='bbox 715 2016 744 2038; x_wconf 84' lang='lat'>15</span> 
     </span>
     <span class='ocr_line' id='line_1_35' title="bbox 435 2122 745 2145; baseline -0.003 1"><span class='ocrx_word' id='word_1_78' title='bbox 435 2126 464 2129; x_wconf 81' lang='grc'><strong>-</strong></span> <span class='ocrx_word' id='word_1_79' title='bbox 627 2135 655 2140; x_wconf 92' lang='grc'>-</span> <span class='ocrx_word' id='word_1_80' title='bbox 716 2122 745 2145; x_wconf 88' lang='grc'><strong>16</strong></span> 
     </span>
     <span class='ocr_line' id='line_1_36' title="bbox 434 2228 767 2252; baseline -0.003 0"><span class='ocrx_word' id='word_1_81' title='bbox 434 2231 465 2237; x_wconf 76' lang='grc'>““</span> <span class='ocrx_word' id='word_1_82' title='bbox 556 2229 618 2252; x_wconf 78' lang='lat' dir='ltr'>Post</span> <span class='ocrx_word' id='word_1_83' title='bbox 630 2228 722 2252; x_wconf 90' lang='lat' dir='ltr'>Octob.</span> <span class='ocrx_word' id='word_1_84' title='bbox 738 2229 767 2251; x_wconf 88' lang='grc'>16</span> 
     </span>
    </p>
   </div>
   <div class='ocr_carea' id='block_1_31' title="bbox 434 2335 745 2358">
    <p class='ocr_par' dir='ltr' id='par_1_31' title="bbox 434 2335 745 2358">
     <span class='ocr_line' id='line_1_37' title="bbox 434 2335 745 2358; baseline -0.003 0"><span class='ocrx_word' id='word_1_85' title='bbox 434 2338 465 2342; x_wconf 82' lang='grc'>““</span> <span class='ocrx_word' id='word_1_86' title='bbox 579 2335 700 2358; x_wconf 76' lang='lat' dir='ltr'><strong>Octobris</strong></span> <span class='ocrx_word' id='word_1_87' title='bbox 716 2336 745 2358; x_wconf 87' lang='grc'>20</span> 
     </span>
    </p>
   </div>
   <div class='ocr_carea' id='block_1_32' title="bbox 437 2487 746 2509">
    <p class='ocr_par' dir='ltr' id='par_1_32' title="bbox 437 2487 746 2509">
     <span class='ocr_line' id='line_1_38' title="bbox 437 2487 746 2509; baseline -0.003 1"><span class='ocrx_word' id='word_1_88' title='bbox 437 2490 464 2493; x_wconf 80' lang='grc'>-</span> <span class='ocrx_word' id='word_1_89' title='bbox 623 2500 654 2503; x_wconf 91' lang='grc'>-</span> <span class='ocrx_word' id='word_1_90' title='bbox 716 2487 746 2509; x_wconf 87' lang='grc'>30</span> 
     </span>
    </p>
   </div>
   <div class='ocr_carea' id='block_1_33' title="bbox 568 2593 753 2616">
    <p class='ocr_par' dir='ltr' id='par_1_33' title="bbox 568 2593 753 2616">
     <span class='ocr_line' id='line_1_39' title="bbox 568 2593 753 2616; baseline 0 0"><span class='ocrx_word' id='word_1_91' title='bbox 568 2593 724 2616; x_wconf 75' lang='lat' dir='ltr'>Novembris</span> <span class='ocrx_word' id='word_1_92' title='bbox 740 2595 753 2616; x_wconf 90' lang='grc'><strong>4</strong></span> 
     </span>
    </p>
   </div>
   <div class='ocr_carea' id='block_1_34' title="bbox 625 2657 755 2679">
    <p class='ocr_par' dir='ltr' id='par_1_34' title="bbox 625 2657 755 2679">
     <span class='ocr_line' id='line_1_40' title="bbox 625 2657 755 2679; baseline 0.008 -1"><span class='ocrx_word' id='word_1_93' title='bbox 625 2669 656 2673; x_wconf 87' lang='grc'>-</span> <span class='ocrx_word' id='word_1_94' title='bbox 726 2657 755 2679; x_wconf 78' lang='grc'>20</span> 
     </span>
    </p>
   </div>
   <div class='ocr_carea' id='block_1_35' title="bbox 437 2806 769 2830">
    <p class='ocr_par' dir='ltr' id='par_1_35' title="bbox 437 2806 769 2830">
     <span class='ocr_line' id='line_1_41' title="bbox 437 2806 769 2830; baseline 0.009 -3"><span class='ocrx_word' id='word_1_95' title='bbox 437 2816 467 2820; x_wconf 92' lang='grc'>-</span> <span class='ocrx_word' id='word_1_96' title='bbox 558 2806 619 2829; x_wconf 86' lang='lat' dir='ltr'>Post</span> <span class='ocrx_word' id='word_1_97' title='bbox 628 2807 747 2830; x_wconf 82' lang='lat' dir='ltr'>Decemb.</span> <span class='ocrx_word' id='word_1_98' title='bbox 756 2809 769 2830; x_wconf 80' lang='lat'>2</span> 
     </span>
    </p>
   </div>
   <div class='ocr_carea' id='block_1_36' title="bbox 816 596 2050 718">
    <p class='ocr_par' dir='ltr' id='par_1_36' title="bbox 816 596 2050 718">
     <span class='ocr_line' id='line_1_42' title="bbox 817 596 2050 629; baseline -0.002 -8"><span class='ocrx_word' id='word_1_99' title='bbox 817 598 885 629; x_wconf 89' lang='lat' dir='ltr'>quod</span> <span class='ocrx_word' id='word_1_100' title='bbox 899 598 956 629; x_wconf 84' lang='lat' dir='ltr'>ipse</span> <span class='ocrx_word' id='word_1_101' title='bbox 972 602 997 621; x_wconf 83' lang='lat' dir='ltr'>et</span> <span class='ocrx_word' id='word_1_102' title='bbox 1011 607 1177 621; x_wconf 78' lang='lat' dir='ltr'>successores</span> <span class='ocrx_word' id='word_1_103' title='bbox 1191 607 1241 621; x_wconf 86' lang='lat' dir='ltr'>non</span> <span class='ocrx_word' id='word_1_104' title='bbox 1258 601 1395 621; x_wconf 82' lang='lat' dir='ltr'>teneantur</span> <span class='ocrx_word' id='word_1_105' title='bbox 1409 597 1612 620; x_wconf 84' lang='lat' dir='ltr'>subministrare</span> <span class='ocrx_word' id='word_1_106' title='bbox 1629 604 1757 627; x_wconf 82' lang='lat' dir='ltr'>expensas</span> <span class='ocrx_word' id='word_1_107' title='bbox 1774 597 1908 619; x_wconf 79' lang='lat' dir='ltr'>monacbis</span> <span class='ocrx_word' id='word_1_108' title='bbox 1922 596 2050 620; x_wconf 83' lang='lat' dir='ltr'>Parisien-</span> 
     </span>
     <span class='ocr_line' id='line_1_43' title="bbox 817 641 2050 672; baseline -0.002 -7"><span class='ocrx_word' id='word_1_109' title='bbox 817 643 853 666; x_wconf 82' lang='lat' dir='ltr'>sis</span> <span class='ocrx_word' id='word_1_110' title='bbox 875 642 966 671; x_wconf 87' lang='lat' dir='ltr'>studii,</span> <span class='ocrx_word' id='word_1_111' title='bbox 988 643 1129 666; x_wconf 87' lang='lat' dir='ltr'>dummodo</span> <span class='ocrx_word' id='word_1_112' title='bbox 1148 643 1173 666; x_wconf 90' lang='lat' dir='ltr'>in</span> <span class='ocrx_word' id='word_1_113' title='bbox 1197 642 1356 666; x_wconf 83' lang='lat' dir='ltr'>monasterio</span> <span class='ocrx_word' id='word_1_114' title='bbox 1377 642 1446 665; x_wconf 83' lang='lat' dir='ltr'>dicto</span> <span class='ocrx_word' id='word_1_115' title='bbox 1467 642 1579 672; x_wconf 87' lang='lat' dir='ltr'>aliisque</span> <span class='ocrx_word' id='word_1_116' title='bbox 1602 641 1724 664; x_wconf 87' lang='lat' dir='ltr'>domibus</span> <span class='ocrx_word' id='word_1_117' title='bbox 1747 641 1914 671; x_wconf 69' lang='lat' dir='ltr'>regularibus</span> <span class='ocrx_word' id='word_1_118' title='bbox 1936 641 2050 671; x_wconf 84' lang='lat' dir='ltr'>aliquem</span> 
     </span>
     <span class='ocr_line' id='line_1_44' title="bbox 816 687 2050 718; baseline -0.002 -8"><span class='ocrx_word' id='word_1_119' title='bbox 816 687 970 718; x_wconf 82' lang='lat' dir='ltr'>theologum</span> <span class='ocrx_word' id='word_1_120' title='bbox 985 691 1091 710; x_wconf 76' lang='lat' dir='ltr'><strong>teneant</strong></span> <span class='ocrx_word' id='word_1_121' title='bbox 1095 702 2050 711; x_wconf 30' lang='grc'>......................................</span> 
     </span>
    </p>
   </div>
   <div class='ocr_carea' id='block_1_37' title="bbox 787 747 2053 867">
    <p class='ocr_par' dir='ltr' id='par_1_37' title="bbox 787 747 2053 867">
     <span class='ocr_line' id='line_1_45' title="bbox 787 747 2052 781; baseline -0.003 -9"><span class='ocrx_word' id='word_1_122' title='bbox 787 750 924 772; x_wconf 78' lang='lat' dir='ltr'>Anselmus</span> <span class='ocrx_word' id='word_1_123' title='bbox 945 749 1066 779; x_wconf 73' lang='lat' dir='ltr'>Carlerii,</span> <span class='ocrx_word' id='word_1_124' title='bbox 1088 749 1132 781; x_wconf 91' lang='lat' dir='ltr'>qui</span> <span class='ocrx_word' id='word_1_125' title='bbox 1155 749 1239 773; x_wconf 82' lang='lat' dir='ltr'>Paris.</span> <span class='ocrx_word' id='word_1_126' title='bbox 1263 748 1417 780; x_wconf 85' lang='lat' dir='ltr'>aliquandiu</span> <span class='ocrx_word' id='word_1_127' title='bbox 1441 748 1466 771; x_wconf 92' lang='lat' dir='ltr'>in</span> <span class='ocrx_word' id='word_1_128' title='bbox 1491 748 1562 771; x_wconf 87' lang='lat' dir='ltr'>decr.</span> <span class='ocrx_word' id='word_1_129' title='bbox 1583 748 1657 779; x_wconf 77' lang='lat' dir='ltr'>legit,</span> <span class='ocrx_word' id='word_1_130' title='bbox 1682 747 1816 778; x_wconf 82' lang='lat' dir='ltr'>supplicat</span> <span class='ocrx_word' id='word_1_131' title='bbox 1836 753 1864 769; x_wconf 85' lang='lat' dir='ltr'>ut</span> <span class='ocrx_word' id='word_1_132' title='bbox 1888 747 1913 769; x_wconf 89' lang='lat' dir='ltr'>in</span> <span class='ocrx_word' id='word_1_133' title='bbox 1937 748 2052 769; x_wconf 86' lang='lat' dir='ltr'>Romana</span> 
     </span>
     <span class='ocr_line' id='line_1_46' title="bbox 817 791 2053 825; baseline -0.003 -8"><span class='ocrx_word' id='word_1_134' title='bbox 817 794 891 817; x_wconf 86' lang='lat' dir='ltr'>curia</span> <span class='ocrx_word' id='word_1_135' title='bbox 905 794 945 817; x_wconf 87' lang='lat' dir='ltr'>vel</span> <span class='ocrx_word' id='word_1_136' title='bbox 962 794 1012 816; x_wconf 91' lang='lat' dir='ltr'>sub</span> <span class='ocrx_word' id='word_1_137' title='bbox 1027 794 1180 825; x_wconf 86' lang='lat' dir='ltr'>patriarcha</span> <span class='ocrx_word' id='word_1_138' title='bbox 1196 793 1497 824; x_wconf 76' lang='lat' dir='ltr'>Constantinopolitano,</span> <span class='ocrx_word' id='word_1_139' title='bbox 1514 793 1554 815; x_wconf 83' lang='lat' dir='ltr'>vel</span> <span class='ocrx_word' id='word_1_140' title='bbox 1575 792 1624 815; x_wconf 90' lang='lat' dir='ltr'>sub</span> <span class='ocrx_word' id='word_1_141' title='bbox 1642 792 1737 814; x_wconf 77' lang='lat' dir='ltr'><strong>abbate</strong></span> <span class='ocrx_word' id='word_1_142' title='bbox 1758 792 1784 815; x_wconf 91' lang='lat' dir='ltr'>S.</span> <span class='ocrx_word' id='word_1_143' title='bbox 1804 791 1934 815; x_wconf 83' lang='lat' dir='ltr'>Maxentii.</span> <span class='ocrx_word' id='word_1_144' title='bbox 1954 791 2053 813; x_wconf 89' lang='lat' dir='ltr'>Sancti-</span> 
     </span>
     <span class='ocr_line' id='line_1_47' title="bbox 817 836 2050 867; baseline -0.002 -6"><span class='ocrx_word' id='word_1_145' title='bbox 817 838 880 861; x_wconf 85' lang='lat' dir='ltr'>tatis</span> <span class='ocrx_word' id='word_1_146' title='bbox 895 838 1081 861; x_wconf 78' lang='lat' dir='ltr'>referendariis</span> <span class='ocrx_word' id='word_1_147' title='bbox 1095 842 1120 861; x_wconf 87' lang='lat' dir='ltr'>et</span> <span class='ocrx_word' id='word_1_148' title='bbox 1135 838 1231 861; x_wconf 79' lang='lat' dir='ltr'><strong>decret.</strong></span> <span class='ocrx_word' id='word_1_149' title='bbox 1248 837 1410 865; x_wconf 76' lang='lat' dir='ltr'>ductoribus,</span> <span class='ocrx_word' id='word_1_150' title='bbox 1425 837 1559 860; x_wconf 84' lang='lat' dir='ltr'>licentiam</span> <span class='ocrx_word' id='word_1_151' title='bbox 1575 836 1691 867; x_wconf 85' lang='lat' dir='ltr'>recipere</span> <span class='ocrx_word' id='word_1_152' title='bbox 1709 836 1795 867; x_wconf 83' lang='lat' dir='ltr'><strong>possit</strong></span> <span class='ocrx_word' id='word_1_153' title='bbox 1814 852 2050 859; x_wconf 88' lang='grc'>..........</span> 
     </span>
    </p>
   </div>
   <div class='ocr_carea' id='block_1_38' title="bbox 788 896 2052 931">
    <p class='ocr_par' dir='ltr' id='par_1_38' title="bbox 788 896 2052 931">
     <span class='ocr_line' id='line_1_48' title="bbox 788 896 2052 931; baseline -0.003 -8"><span class='ocrx_word' id='word_1_154' title='bbox 788 900 954 924; x_wconf 84' lang='lat' dir='ltr'>Universitas</span> <span class='ocrx_word' id='word_1_155' title='bbox 973 901 1108 931; x_wconf 86' lang='lat' dir='ltr'>supplicat</span> <span class='ocrx_word' id='word_1_156' title='bbox 1124 900 1235 923; x_wconf 84' lang='lat' dir='ltr'>Martino</span> <span class='ocrx_word' id='word_1_157' title='bbox 1252 900 1281 927; x_wconf 85' lang='lat' dir='ltr'>V,</span> <span class='ocrx_word' id='word_1_158' title='bbox 1298 903 1326 922; x_wconf 91' lang='lat' dir='ltr'>ut</span> <span class='ocrx_word' id='word_1_159' title='bbox 1341 900 1452 922; x_wconf 83' lang='lat' dir='ltr'>durante</span> <span class='ocrx_word' id='word_1_160' title='bbox 1470 898 1591 922; x_wconf 83' lang='lat' dir='ltr'>absentia</span> <span class='ocrx_word' id='word_1_161' title='bbox 1606 898 1734 921; x_wconf 88' lang='lat' dir='ltr'>Johauuis</span> <span class='ocrx_word' id='word_1_162' title='bbox 1752 897 1876 921; x_wconf 87' lang='lat' dir='ltr'>Gersonis</span> <span class='ocrx_word' id='word_1_163' title='bbox 1890 896 2052 925; x_wconf 78' lang='lat' dir='ltr'>cancellarii,</span> 
     </span>
    </p>
   </div>
   <div class='ocr_carea' id='block_1_39' title="bbox 818 943 2052 975">
    <p class='ocr_par' dir='ltr' id='par_1_39' title="bbox 818 943 2052 975">
     <span class='ocr_line' id='line_1_49' title="bbox 818 943 2052 975; baseline -0.003 -7"><span class='ocrx_word' id='word_1_164' title='bbox 818 945 948 975; x_wconf 85' lang='lat' dir='ltr'>magistro</span> <span class='ocrx_word' id='word_1_165' title='bbox 963 945 1258 968; x_wconf 84' lang='lat' dir='ltr'>JohanniBreviscoxae</span> <span class='ocrx_word' id='word_1_166' title='bbox 1274 944 1387 967; x_wconf 88' lang='lat' dir='ltr'>officium</span> <span class='ocrx_word' id='word_1_167' title='bbox 1402 943 1605 966; x_wconf 71' lang='lat' dir='ltr'>cancellariatus</span> <span class='ocrx_word' id='word_1_168' title='bbox 1619 943 1737 973; x_wconf 85' lang='lat' dir='ltr'>imponat</span> <span class='ocrx_word' id='word_1_169' title='bbox 1741 958 2052 966; x_wconf 87' lang='grc'>.............</span> 
     </span>
    </p>
   </div>
   <div class='ocr_carea' id='block_1_40' title="bbox 789 1004 2056 1126">
    <p class='ocr_par' dir='ltr' id='par_1_40' title="bbox 789 1004 2056 1126">
     <span class='ocr_line' id='line_1_50' title="bbox 789 1004 2056 1036; baseline -0.003 -6"><span class='ocrx_word' id='word_1_170' title='bbox 789 1008 830 1030; x_wconf 88' lang='lat' dir='ltr'>Fr.</span> <span class='ocrx_word' id='word_1_171' title='bbox 847 1008 939 1030; x_wconf 80' lang='lat' dir='ltr'>Petrus</span> <span class='ocrx_word' id='word_1_172' title='bbox 953 1007 985 1030; x_wconf 91' lang='lat' dir='ltr'>de</span> <span class='ocrx_word' id='word_1_173' title='bbox 1000 1007 1025 1030; x_wconf 87' lang='lat' dir='ltr'>la</span> <span class='ocrx_word' id='word_1_174' title='bbox 1041 1007 1162 1036; x_wconf 81' lang='lat' dir='ltr'>Barrera,</span> <span class='ocrx_word' id='word_1_175' title='bbox 1177 1006 1239 1030; x_wconf 91' lang='lat' dir='ltr'>Ord.</span> <span class='ocrx_word' id='word_1_176' title='bbox 1257 1006 1329 1035; x_wconf 73' lang='lat' dir='ltr'>Min.y</span> <span class='ocrx_word' id='word_1_177' title='bbox 1342 1006 1477 1036; x_wconf 80' lang='lat' dir='ltr'>supplicat</span> <span class='ocrx_word' id='word_1_178' title='bbox 1490 1005 1601 1028; x_wconf 83' lang='lat' dir='ltr'>Murtino</span> <span class='ocrx_word' id='word_1_179' title='bbox 1617 1005 1646 1033; x_wconf 84' lang='lat' dir='ltr'>V,</span> <span class='ocrx_word' id='word_1_180' title='bbox 1660 1008 1689 1027; x_wconf 91' lang='lat' dir='ltr'>ut</span> <span class='ocrx_word' id='word_1_181' title='bbox 1704 1005 1729 1027; x_wconf 89' lang='lat' dir='ltr'>in</span> <span class='ocrx_word' id='word_1_182' title='bbox 1745 1005 1859 1035; x_wconf 86' lang='lat' dir='ltr'>quodam</span> <span class='ocrx_word' id='word_1_183' title='bbox 1875 1004 1963 1027; x_wconf 84' lang='lat' dir='ltr'>studio</span> <span class='ocrx_word' id='word_1_184' title='bbox 1979 1011 2056 1034; x_wconf 79' lang='lat' dir='ltr'>gene-</span> 
     </span>
     <span class='ocr_line' id='line_1_51' title="bbox 819 1048 2054 1082; baseline -0.003 -8"><span class='ocrx_word' id='word_1_185' title='bbox 819 1051 869 1074; x_wconf 88' lang='lat' dir='ltr'>rali</span> <span class='ocrx_word' id='word_1_186' title='bbox 887 1051 1019 1074; x_wconf 89' lang='lat' dir='ltr'>licentiam</span> <span class='ocrx_word' id='word_1_187' title='bbox 1040 1055 1066 1074; x_wconf 91' lang='lat' dir='ltr'>et</span> <span class='ocrx_word' id='word_1_188' title='bbox 1082 1051 1266 1082; x_wconf 88' lang='lat' dir='ltr'>magisterium</span> <span class='ocrx_word' id='word_1_189' title='bbox 1284 1051 1364 1073; x_wconf 89' lang='lat' dir='ltr'>theol.</span> <span class='ocrx_word' id='word_1_190' title='bbox 1387 1050 1503 1080; x_wconf 79' lang='lat' dir='ltr'>recipere</span> <span class='ocrx_word' id='word_1_191' title='bbox 1525 1050 1620 1076; x_wconf 84' lang='lat' dir='ltr'>valeat,</span> <span class='ocrx_word' id='word_1_192' title='bbox 1641 1057 1699 1072; x_wconf 90' lang='lat' dir='ltr'>cum</span> <span class='ocrx_word' id='word_1_193' title='bbox 1719 1052 1829 1079; x_wconf 87' lang='lat' dir='ltr'>propter</span> <span class='ocrx_word' id='word_1_194' title='bbox 1849 1048 1918 1071; x_wconf 89' lang='lat' dir='ltr'>bella</span> <span class='ocrx_word' id='word_1_195' title='bbox 1939 1048 2054 1071; x_wconf 80' lang='lat' dir='ltr'>Parisios</span> 
     </span>
     <span class='ocr_line' id='line_1_52' title="bbox 819 1095 2053 1126; baseline -0.002 -7"><span class='ocrx_word' id='word_1_196' title='bbox 819 1096 942 1119; x_wconf 81' lang='lat' dir='ltr'>accedere</span> <span class='ocrx_word' id='word_1_197' title='bbox 958 1104 1008 1118; x_wconf 90' lang='lat' dir='ltr'>non</span> <span class='ocrx_word' id='word_1_198' title='bbox 1024 1095 1110 1126; x_wconf 85' lang='lat' dir='ltr'><strong>possit</strong></span> <span class='ocrx_word' id='word_1_199' title='bbox 1114 1109 2053 1119; x_wconf 80' lang='grc'><strong><em>.....................................</em></strong></span> 
     </span>
    </p>
   </div>
   <div class='ocr_carea' id='block_1_41' title="bbox 790 1155 2055 1250">
    <p class='ocr_par' dir='ltr' id='par_1_41' title="bbox 790 1155 2055 1250">
     <span class='ocr_line' id='line_1_53' title="bbox 790 1155 2054 1188; baseline -0.003 -7"><span class='ocrx_word' id='word_1_200' title='bbox 790 1158 954 1182; x_wconf 82' lang='lat' dir='ltr'>Universitus</span> <span class='ocrx_word' id='word_1_201' title='bbox 967 1166 1014 1188; x_wconf 89' lang='lat' dir='ltr'>per</span> <span class='ocrx_word' id='word_1_202' title='bbox 1028 1166 1089 1180; x_wconf 86' lang='lat' dir='ltr'>suos</span> <span class='ocrx_word' id='word_1_203' title='bbox 1104 1157 1209 1180; x_wconf 82' lang='lat' dir='ltr'>nuntios</span> <span class='ocrx_word' id='word_1_204' title='bbox 1226 1165 1253 1180; x_wconf 90' lang='lat' dir='ltr'>se</span> <span class='ocrx_word' id='word_1_205' title='bbox 1266 1157 1321 1187; x_wconf 84' lang='lat' dir='ltr'>regi</span> <span class='ocrx_word' id='word_1_206' title='bbox 1339 1157 1513 1186; x_wconf 74' lang='lat' dir='ltr'><strong>commendat,</strong></span> <span class='ocrx_word' id='word_1_207' title='bbox 1531 1159 1558 1178; x_wconf 93' lang='lat' dir='ltr'>ut</span> <span class='ocrx_word' id='word_1_208' title='bbox 1574 1155 1715 1186; x_wconf 84' lang='lat' dir='ltr'>privilegia</span> <span class='ocrx_word' id='word_1_209' title='bbox 1729 1155 1916 1178; x_wconf 88' lang='lat' dir='ltr'>confirmentur</span> <span class='ocrx_word' id='word_1_210' title='bbox 1920 1171 2054 1178; x_wconf 88' lang='grc'><em>......</em></span> 
     </span>
     <span class='ocr_line' id='line_1_54' title="bbox 791 1218 2055 1250; baseline -0.003 -7"><span class='ocrx_word' id='word_1_211' title='bbox 791 1221 900 1244; x_wconf 75' lang='lat' dir='ltr'>Carolus</span> <span class='ocrx_word' id='word_1_212' title='bbox 916 1221 948 1243; x_wconf 94' lang='lat' dir='ltr'>VI</span> <span class='ocrx_word' id='word_1_213' title='bbox 965 1219 1171 1243; x_wconf 87' lang='lat' dir='ltr'>Universitatem</span> <span class='ocrx_word' id='word_1_214' title='bbox 1186 1219 1212 1242; x_wconf 86' lang='lat' dir='ltr'>iu</span> <span class='ocrx_word' id='word_1_215' title='bbox 1228 1219 1377 1250; x_wconf 81' lang='lat' dir='ltr'>privilegiis</span> <span class='ocrx_word' id='word_1_216' title='bbox 1393 1219 1479 1249; x_wconf 80' lang='lat' dir='ltr'>quoad</span> <span class='ocrx_word' id='word_1_217' title='bbox 1491 1218 1624 1247; x_wconf 78' lang='lat' dir='ltr'>excubias,</span> <span class='ocrx_word' id='word_1_218' title='bbox 1639 1221 1698 1247; x_wconf 68' lang='lat' dir='ltr'>etc„</span> <span class='ocrx_word' id='word_1_219' title='bbox 1715 1220 1853 1240; x_wconf 84' lang='lat' dir='ltr'>conservat</span> <span class='ocrx_word' id='word_1_220' title='bbox 1870 1233 2055 1240; x_wconf 86' lang='grc'><em>........</em></span> 
     </span>
    </p>
   </div>
   <div class='ocr_carea' id='block_1_42' title="bbox 791 1279 2057 1312">
    <p class='ocr_par' dir='ltr' id='par_1_42' title="bbox 791 1279 2057 1312">
     <span class='ocr_line' id='line_1_55' title="bbox 791 1279 2057 1312; baseline -0.003 -7"><span class='ocrx_word' id='word_1_221' title='bbox 791 1282 936 1306; x_wconf 81' lang='lat' dir='ltr'>Publicatio</span> <span class='ocrx_word' id='word_1_222' title='bbox 951 1282 1101 1305; x_wconf 82' lang='lat' dir='ltr'>litterarum</span> <span class='ocrx_word' id='word_1_223' title='bbox 1117 1281 1252 1309; x_wconf 88' lang='lat' dir='ltr'>Ludovici,</span> <span class='ocrx_word' id='word_1_224' title='bbox 1267 1281 1349 1312; x_wconf 81' lang='lat' dir='ltr'>episc.</span> <span class='ocrx_word' id='word_1_225' title='bbox 1365 1281 1556 1311; x_wconf 61' lang='lat' dir='ltr'>Magalonens„</span> <span class='ocrx_word' id='word_1_226' title='bbox 1572 1279 1768 1302; x_wconf 79' lang='lat' dir='ltr'>vicecamcrarii</span> <span class='ocrx_word' id='word_1_227' title='bbox 1786 1287 1880 1310; x_wconf 84' lang='lat' dir='ltr'>papae,</span> <span class='ocrx_word' id='word_1_228' title='bbox 1902 1279 1933 1301; x_wconf 89' lang='lat' dir='ltr'>de</span> <span class='ocrx_word' id='word_1_229' title='bbox 1953 1286 2057 1302; x_wconf 85' lang='lat' dir='ltr'>summa</span> 
     </span>
    </p>
   </div>
   <div class='ocr_carea' id='block_1_43' title="bbox 821 1324 2056 1358">
    <p class='ocr_par' dir='ltr' id='par_1_43' title="bbox 821 1324 2056 1358">
     <span class='ocr_line' id='line_1_56' title="bbox 821 1324 2056 1358; baseline -0.002 -8"><span class='ocrx_word' id='word_1_230' title='bbox 821 1327 947 1358; x_wconf 86' lang='lat' dir='ltr'>pecuniae</span> <span class='ocrx_word' id='word_1_231' title='bbox 963 1326 1052 1349; x_wconf 88' lang='lat' dir='ltr'>debita</span> <span class='ocrx_word' id='word_1_232' title='bbox 1067 1326 1094 1348; x_wconf 92' lang='lat' dir='ltr'>in</span> <span class='ocrx_word' id='word_1_233' title='bbox 1108 1326 1274 1357; x_wconf 86' lang='lat' dir='ltr'>promotione</span> <span class='ocrx_word' id='word_1_234' title='bbox 1288 1334 1336 1356; x_wconf 88' lang='lat' dir='ltr'>pro</span> <span class='ocrx_word' id='word_1_235' title='bbox 1352 1325 1485 1347; x_wconf 84' lang='lat' dir='ltr'>communi</span> <span class='ocrx_word' id='word_1_236' title='bbox 1499 1324 1607 1347; x_wconf 77' lang='lat' dir='ltr'>servitio</span> <span class='ocrx_word' id='word_1_237' title='bbox 1611 1340 2056 1348; x_wconf 86' lang='grc'><em>..................</em></span> 
     </span>
    </p>
   </div>
   <div class='ocr_carea' id='block_1_44' title="bbox 791 1385 2057 1501">
    <p class='ocr_par' dir='ltr' id='par_1_44' title="bbox 791 1385 2057 1501">
     <span class='ocr_line' id='line_1_57' title="bbox 791 1385 2057 1419; baseline -0.004 -7"><span class='ocrx_word' id='word_1_238' title='bbox 791 1389 902 1412; x_wconf 86' lang='lat' dir='ltr'>Carolus</span> <span class='ocrx_word' id='word_1_239' title='bbox 918 1389 1060 1419; x_wconf 88' lang='lat' dir='ltr'>delphinus</span> <span class='ocrx_word' id='word_1_240' title='bbox 1083 1388 1290 1411; x_wconf 83' lang='lat' dir='ltr'>Universitatem</span> <span class='ocrx_word' id='word_1_241' title='bbox 1312 1387 1408 1410; x_wconf 85' lang='lat' dir='ltr'>litteris</span> <span class='ocrx_word' id='word_1_242' title='bbox 1428 1387 1525 1409; x_wconf 88' lang='lat' dir='ltr'>clausis</span> <span class='ocrx_word' id='word_1_243' title='bbox 1546 1386 1680 1415; x_wconf 81' lang='lat' dir='ltr'>informat,</span> <span class='ocrx_word' id='word_1_244' title='bbox 1702 1386 1832 1417; x_wconf 88' lang='lat' dir='ltr'>quomodo</span> <span class='ocrx_word' id='word_1_245' title='bbox 1852 1386 1985 1408; x_wconf 82' lang='lat' dir='ltr'>Johaunes</span> <span class='ocrx_word' id='word_1_246' title='bbox 2006 1385 2057 1407; x_wconf 88' lang='lat' dir='ltr'>dux</span> 
     </span>
     <span class='ocr_line' id='line_1_58' title="bbox 822 1429 2057 1465; baseline -0.003 -9"><span class='ocrx_word' id='word_1_247' title='bbox 822 1433 1003 1465; x_wconf 76' lang='lat' dir='ltr'>Burgundiae,</span> <span class='ocrx_word' id='word_1_248' title='bbox 1019 1433 1081 1455; x_wconf 91' lang='lat' dir='ltr'>dum</span> <span class='ocrx_word' id='word_1_249' title='bbox 1099 1433 1151 1463; x_wconf 89' lang='lat' dir='ltr'>ipsi</span> <span class='ocrx_word' id='word_1_250' title='bbox 1167 1432 1340 1455; x_wconf 80' lang='lat' dir='ltr'>contumelias</span> <span class='ocrx_word' id='word_1_251' title='bbox 1354 1432 1518 1462; x_wconf 84' lang='lat' dir='ltr'>injuriasque</span> <span class='ocrx_word' id='word_1_252' title='bbox 1535 1432 1631 1454; x_wconf 86' lang='lat' dir='ltr'>inferre</span> <span class='ocrx_word' id='word_1_253' title='bbox 1649 1431 1736 1459; x_wconf 75' lang='lat' dir='ltr'>vellet,</span> <span class='ocrx_word' id='word_1_254' title='bbox 1752 1439 1767 1453; x_wconf 88' lang='lat' dir='ltr'>a</span> <span class='ocrx_word' id='word_1_255' title='bbox 1785 1430 1959 1453; x_wconf 77' lang='lat' dir='ltr'>servitoribus</span> <span class='ocrx_word' id='word_1_256' title='bbox 1977 1429 2057 1460; x_wconf 77' lang='lat' dir='ltr'>regiis</span> 
     </span>
     <span class='ocr_line' id='line_1_59' title="bbox 823 1478 2056 1501; baseline -0.003 0"><span class='ocrx_word' id='word_1_257' title='bbox 823 1478 858 1501; x_wconf 86' lang='lat' dir='ltr'>sit</span> <span class='ocrx_word' id='word_1_258' title='bbox 877 1478 980 1501; x_wconf 89' lang='lat' dir='ltr'>occisus</span> <span class='ocrx_word' id='word_1_259' title='bbox 984 1491 2056 1500; x_wconf 69' lang='lat'>..........................................</span> 
     </span>
    </p>
   </div>
   <div class='ocr_carea' id='block_1_45' title="bbox 794 1536 2056 1568">
    <p class='ocr_par' dir='ltr' id='par_1_45' title="bbox 794 1536 2056 1568">
     <span class='ocr_line' id='line_1_60' title="bbox 794 1536 2056 1568; baseline -0.004 -5"><span class='ocrx_word' id='word_1_260' title='bbox 794 1540 902 1563; x_wconf 72' lang='lat' dir='ltr'>Articuli</span> <span class='ocrx_word' id='word_1_261' title='bbox 918 1547 1070 1563; x_wconf 89' lang='lat' dir='ltr'>communes</span> <span class='ocrx_word' id='word_1_262' title='bbox 1083 1539 1116 1562; x_wconf 88' lang='lat' dir='ltr'>ad</span> <span class='ocrx_word' id='word_1_263' title='bbox 1130 1539 1246 1562; x_wconf 92' lang='lat' dir='ltr'>rotulum</span> <span class='ocrx_word' id='word_1_264' title='bbox 1261 1538 1406 1561; x_wconf 84' lang='lat' dir='ltr'>seeundum</span> <span class='ocrx_word' id='word_1_265' title='bbox 1423 1538 1509 1560; x_wconf 90' lang='lat' dir='ltr'>miuus</span> <span class='ocrx_word' id='word_1_266' title='bbox 1525 1537 1700 1568; x_wconf 77' lang='lat' dir='ltr'>principalem</span> <span class='ocrx_word' id='word_1_267' title='bbox 1717 1536 1903 1560; x_wconf 83' lang='lat' dir='ltr'>Universitatis</span> <span class='ocrx_word' id='word_1_268' title='bbox 1922 1536 2006 1559; x_wconf 74' lang='lat' dir='ltr'>Pax-is.</span> <span class='ocrx_word' id='word_1_269' title='bbox 2026 1554 2031 1559; x_wconf 94' lang='lat'>.</span> <span class='ocrx_word' id='word_1_270' title='bbox 2051 1553 2056 1559; x_wconf 87' lang='lat'>.</span> 
     </span>
    </p>
   </div>
   <div class='ocr_carea' id='block_1_46' title="bbox 752 1598 2059 1630">
    <p class='ocr_par' dir='ltr' id='par_1_46' title="bbox 752 1598 2059 1630">
     <span class='ocr_line' id='line_1_61' title="bbox 752 1598 2059 1630; baseline -0.005 -4"><span class='ocrx_word' id='word_1_271' title='bbox 752 1604 759 1608; x_wconf 86' lang='lat'>&#39;</span> <span class='ocrx_word' id='word_1_272' title='bbox 793 1602 921 1626; x_wconf 81' lang='lat' dir='ltr'>Martinus</span> <span class='ocrx_word' id='word_1_273' title='bbox 937 1603 957 1625; x_wconf 90' lang='lat' dir='ltr'>V</span> <span class='ocrx_word' id='word_1_274' title='bbox 971 1602 996 1625; x_wconf 91' lang='lat' dir='ltr'>in</span> <span class='ocrx_word' id='word_1_275' title='bbox 1010 1602 1078 1624; x_wconf 90' lang='lat' dir='ltr'>libro</span> <span class='ocrx_word' id='word_1_276' title='bbox 1094 1601 1268 1624; x_wconf 76' lang='lat' dir='ltr'>cancellariae</span> <span class='ocrx_word' id='word_1_277' title='bbox 1283 1600 1393 1623; x_wconf 85' lang='lat' dir='ltr'>inscribi</span> <span class='ocrx_word' id='word_1_278' title='bbox 1411 1600 1471 1623; x_wconf 84' lang='lat' dir='ltr'>fecit</span> <span class='ocrx_word' id='word_1_279' title='bbox 1488 1599 1656 1630; x_wconf 82' lang='lat' dir='ltr'>privilegium</span> <span class='ocrx_word' id='word_1_280' title='bbox 1673 1599 1732 1628; x_wconf 89' lang='lat' dir='ltr'>(sub</span> <span class='ocrx_word' id='word_1_281' title='bbox 1742 1599 1861 1622; x_wconf 82' lang='lat' dir='ltr'>Johanne</span> <span class='ocrx_word' id='word_1_282' title='bbox 1875 1598 1979 1621; x_wconf 84' lang='lat' dir='ltr'>XXIII«</span> <span class='ocrx_word' id='word_1_283' title='bbox 1991 1598 2059 1621; x_wconf 80' lang='lat' dir='ltr'>Arti-</span> 
     </span>
    </p>
   </div>
   <div class='ocr_carea' id='block_1_47' title="bbox 824 1642 2059 1765">
    <p class='ocr_par' dir='ltr' id='par_1_47' title="bbox 824 1642 2059 1765">
     <span class='ocr_line' id='line_1_62' title="bbox 824 1642 2058 1676; baseline -0.004 -6"><span class='ocrx_word' id='word_1_284' title='bbox 824 1647 913 1670; x_wconf 86' lang='lat' dir='ltr'>culum</span> <span class='ocrx_word' id='word_1_285' title='bbox 926 1647 980 1669; x_wconf 73' lang='lat' dir='ltr'>Vum</span> <span class='ocrx_word' id='word_1_286' title='bbox 992 1656 1005 1667; x_wconf 87' lang='lat'>»</span> <span class='ocrx_word' id='word_1_287' title='bbox 1021 1647 1152 1675; x_wconf 74' lang='lat' dir='ltr'>vocatum)</span> <span class='ocrx_word' id='word_1_288' title='bbox 1170 1654 1217 1676; x_wconf 90' lang='lat' dir='ltr'>pro</span> <span class='ocrx_word' id='word_1_289' title='bbox 1234 1645 1370 1676; x_wconf 82' lang='lat' dir='ltr'>magistris</span> <span class='ocrx_word' id='word_1_290' title='bbox 1383 1645 1500 1667; x_wconf 91' lang='lat' dir='ltr'>omnium</span> <span class='ocrx_word' id='word_1_291' title='bbox 1515 1645 1669 1667; x_wconf 78' lang='lat' dir='ltr'>facultatum</span> <span class='ocrx_word' id='word_1_292' title='bbox 1685 1644 1711 1666; x_wconf 90' lang='lat' dir='ltr'>in</span> <span class='ocrx_word' id='word_1_293' title='bbox 1723 1644 1808 1666; x_wconf 90' lang='lat' dir='ltr'>rotulo</span> <span class='ocrx_word' id='word_1_294' title='bbox 1825 1643 1910 1674; x_wconf 88' lang='lat' dir='ltr'>primo</span> <span class='ocrx_word' id='word_1_295' title='bbox 1925 1642 2058 1666; x_wconf 80' lang='lat' dir='ltr'>Universi-</span> 
     </span>
     <span class='ocr_line' id='line_1_63' title="bbox 824 1687 2059 1721; baseline -0.004 -7"><span class='ocrx_word' id='word_1_296' title='bbox 824 1691 886 1714; x_wconf 86' lang='lat' dir='ltr'>tatis</span> <span class='ocrx_word' id='word_1_297' title='bbox 905 1691 1026 1714; x_wconf 86' lang='lat' dir='ltr'>adductis</span> <span class='ocrx_word' id='word_1_298' title='bbox 1040 1694 1065 1713; x_wconf 89' lang='lat' dir='ltr'>et</span> <span class='ocrx_word' id='word_1_299' title='bbox 1082 1699 1096 1713; x_wconf 85' lang='lat' dir='ltr'>a</span> <span class='ocrx_word' id='word_1_300' title='bbox 1110 1698 1179 1721; x_wconf 84' lang='lat' dir='ltr'>papa</span> <span class='ocrx_word' id='word_1_301' title='bbox 1198 1690 1247 1712; x_wconf 91' lang='lat' dir='ltr'>sub</span> <span class='ocrx_word' id='word_1_302' title='bbox 1263 1689 1289 1712; x_wconf 90' lang='lat' dir='ltr'>iv</span> <span class='ocrx_word' id='word_1_303' title='bbox 1303 1689 1355 1712; x_wconf 88' lang='lat' dir='ltr'>kal.</span> <span class='ocrx_word' id='word_1_304' title='bbox 1372 1689 1448 1713; x_wconf 82' lang='lat' dir='ltr'>Febr.</span> <span class='ocrx_word' id='word_1_305' title='bbox 1463 1697 1505 1712; x_wconf 87' lang='lat' dir='ltr'>an.</span> <span class='ocrx_word' id='word_1_306' title='bbox 1521 1689 1607 1719; x_wconf 88' lang='lat' dir='ltr'>primo</span> <span class='ocrx_word' id='word_1_307' title='bbox 1624 1688 1738 1719; x_wconf 82' lang='lat' dir='ltr'>signato,</span> <span class='ocrx_word' id='word_1_308' title='bbox 1753 1691 1781 1710; x_wconf 91' lang='lat' dir='ltr'>ut</span> <span class='ocrx_word' id='word_1_309' title='bbox 1794 1688 1852 1710; x_wconf 82' lang='lat' dir='ltr'>scil.</span> <span class='ocrx_word' id='word_1_310' title='bbox 1869 1687 1955 1718; x_wconf 83' lang='lat' dir='ltr'>quoad</span> <span class='ocrx_word' id='word_1_311' title='bbox 1970 1695 2059 1718; x_wconf 78' lang='lat' dir='ltr'>exspe-</span> 
     </span>
     <span class='ocr_line' id='line_1_64' title="bbox 824 1733 2057 1765; baseline -0.002 -7"><span class='ocrx_word' id='word_1_312' title='bbox 824 1736 936 1759; x_wconf 81' lang='lat' dir='ltr'>ctativas</span> <span class='ocrx_word' id='word_1_313' title='bbox 952 1739 1013 1758; x_wconf 91' lang='lat' dir='ltr'>tunc</span> <span class='ocrx_word' id='word_1_314' title='bbox 1028 1735 1055 1757; x_wconf 83' lang='lat' dir='ltr'>in</span> <span class='ocrx_word' id='word_1_315' title='bbox 1067 1734 1244 1758; x_wconf 75' lang='lat' dir='ltr'>Universitate</span> <span class='ocrx_word' id='word_1_316' title='bbox 1257 1733 1442 1765; x_wconf 87' lang='lat' dir='ltr'>praesentibus</span> <span class='ocrx_word' id='word_1_317' title='bbox 1456 1744 1469 1754; x_wconf 89' lang='lat'>«</span> <span class='ocrx_word' id='word_1_318' title='bbox 1481 1733 1528 1755; x_wconf 87' lang='lat' dir='ltr'>hac</span> <span class='ocrx_word' id='word_1_319' title='bbox 1542 1733 1598 1755; x_wconf 88' lang='lat' dir='ltr'>vice</span> <span class='ocrx_word' id='word_1_320' title='bbox 1614 1733 1750 1755; x_wconf 86' lang='lat' dir='ltr'>dumtaxat</span> <span class='ocrx_word' id='word_1_321' title='bbox 1763 1742 1776 1753; x_wconf 89' lang='lat'>»</span> <span class='ocrx_word' id='word_1_322' title='bbox 1793 1740 1866 1755; x_wconf 87' lang='lat' dir='ltr'>nemo</span> <span class='ocrx_word' id='word_1_323' title='bbox 1883 1733 2057 1762; x_wconf 80' lang='lat' dir='ltr'>praeferatur.</span> 
     </span>
    </p>
   </div>
   <div class='ocr_carea' id='block_1_48' title="bbox 825 1779 2057 1811">
    <p class='ocr_par' dir='ltr' id='par_1_48' title="bbox 825 1779 2057 1811">
     <span class='ocr_line' id='line_1_65' title="bbox 825 1779 2057 1811; baseline -0.004 -8"><span class='ocrx_word' id='word_1_324' title='bbox 825 1780 984 1811; x_wconf 84' lang='lat' dir='ltr'>quibusdam</span> <span class='ocrx_word' id='word_1_325' title='bbox 1001 1783 1103 1802; x_wconf 86' lang='lat' dir='ltr'>tantum</span> <span class='ocrx_word' id='word_1_326' title='bbox 1119 1779 1235 1810; x_wconf 90' lang='lat' dir='ltr'>exceptis</span> <span class='ocrx_word' id='word_1_327' title='bbox 1250 1793 2057 1802; x_wconf 79' lang='lat'>................................</span> 
     </span>
    </p>
   </div>
   <div class='ocr_carea' id='block_1_49' title="bbox 795 1838 2056 1872">
    <p class='ocr_par' dir='ltr' id='par_1_49' title="bbox 795 1838 2056 1872">
     <span class='ocr_line' id='line_1_66' title="bbox 795 1838 2056 1872; baseline -0.005 -6"><span class='ocrx_word' id='word_1_328' title='bbox 795 1842 960 1866; x_wconf 83' lang='lat' dir='ltr'>Universitas</span> <span class='ocrx_word' id='word_1_329' title='bbox 974 1841 1085 1865; x_wconf 83' lang='lat' dir='ltr'>Martino</span> <span class='ocrx_word' id='word_1_330' title='bbox 1100 1842 1121 1865; x_wconf 92' lang='lat' dir='ltr'>V</span> <span class='ocrx_word' id='word_1_331' title='bbox 1134 1841 1269 1872; x_wconf 91' lang='lat' dir='ltr'>supplicat</span> <span class='ocrx_word' id='word_1_332' title='bbox 1280 1849 1329 1871; x_wconf 86' lang='lat' dir='ltr'>pro</span> <span class='ocrx_word' id='word_1_333' title='bbox 1343 1840 1497 1863; x_wconf 85' lang='lat' dir='ltr'>absentibus</span> <span class='ocrx_word' id='word_1_334' title='bbox 1512 1840 1537 1862; x_wconf 89' lang='lat' dir='ltr'>in</span> <span class='ocrx_word' id='word_1_335' title='bbox 1554 1839 1640 1862; x_wconf 86' lang='lat' dir='ltr'>rotulo</span> <span class='ocrx_word' id='word_1_336' title='bbox 1651 1839 1738 1870; x_wconf 88' lang='lat' dir='ltr'>primo</span> <span class='ocrx_word' id='word_1_337' title='bbox 1751 1838 1893 1869; x_wconf 85' lang='lat' dir='ltr'>principali</span> <span class='ocrx_word' id='word_1_338' title='bbox 1907 1838 2056 1868; x_wconf 85' lang='lat' dir='ltr'>descriptis.</span> 
     </span>
    </p>
   </div>
   <div class='ocr_carea' id='block_1_50' title="bbox 796 1905 2058 1941">
    <p class='ocr_par' dir='ltr' id='par_1_50' title="bbox 796 1905 2058 1941">
     <span class='ocr_line' id='line_1_67' title="bbox 796 1905 2058 1941; baseline -0.004 -9"><span class='ocrx_word' id='word_1_339' title='bbox 796 1911 901 1941; x_wconf 81' lang='lat' dir='ltr'>Septem</span> <span class='ocrx_word' id='word_1_340' title='bbox 921 1909 1128 1932; x_wconf 81' lang='lat' dir='ltr'>ambassiatores</span> <span class='ocrx_word' id='word_1_341' title='bbox 1148 1907 1336 1931; x_wconf 84' lang='lat' dir='ltr'>Universitatis</span> <span class='ocrx_word' id='word_1_342' title='bbox 1364 1907 1395 1930; x_wconf 87' lang='lat' dir='ltr'>ad</span> <span class='ocrx_word' id='word_1_343' title='bbox 1418 1907 1518 1929; x_wconf 87' lang='lat' dir='ltr'>curiam</span> <span class='ocrx_word' id='word_1_344' title='bbox 1545 1907 1617 1929; x_wconf 79' lang='lat' dir='ltr'>Rom.</span> <span class='ocrx_word' id='word_1_345' title='bbox 1638 1914 1697 1928; x_wconf 91' lang='lat' dir='ltr'>cum</span> <span class='ocrx_word' id='word_1_346' title='bbox 1720 1906 1806 1928; x_wconf 90' lang='lat' dir='ltr'>rotulo</span> <span class='ocrx_word' id='word_1_347' title='bbox 1829 1905 1952 1929; x_wconf 82' lang='lat' dir='ltr'>secundo.</span> <span class='ocrx_word' id='word_1_348' title='bbox 1974 1905 2058 1927; x_wconf 89' lang='lat' dir='ltr'>minus</span> 
     </span>
    </p>
   </div>
   <div class='ocr_carea' id='block_1_51' title="bbox 826 1954 2057 1985">
    <p class='ocr_par' dir='ltr' id='par_1_51' title="bbox 826 1954 2057 1985">
     <span class='ocr_line' id='line_1_68' title="bbox 826 1954 2057 1985; baseline -0.004 -8"><span class='ocrx_word' id='word_1_349' title='bbox 826 1954 968 1985; x_wconf 86' lang='lat' dir='ltr'>principali</span> <span class='ocrx_word' id='word_1_350' title='bbox 986 1966 2057 1977; x_wconf 84' lang='grc'><em>..........................................</em></span> 
     </span>
    </p>
   </div>
   <div class='ocr_carea' id='block_1_52' title="bbox 796 2011 2058 2048">
    <p class='ocr_par' dir='ltr' id='par_1_52' title="bbox 796 2011 2058 2048">
     <span class='ocr_line' id='line_1_69' title="bbox 796 2011 2058 2048; baseline -0.006 -8"><span class='ocrx_word' id='word_1_351' title='bbox 796 2018 864 2048; x_wconf 79' lang='lat' dir='ltr'>Mag.</span> <span class='ocrx_word' id='word_1_352' title='bbox 882 2016 1037 2047; x_wconf 85' lang='lat' dir='ltr'>Radulphus</span> <span class='ocrx_word' id='word_1_353' title='bbox 1054 2015 1195 2045; x_wconf 78' lang='lat' dir='ltr'>Rousselli,</span> <span class='ocrx_word' id='word_1_354' title='bbox 1212 2014 1319 2037; x_wconf 89' lang='lat' dir='ltr'>nuntius</span> <span class='ocrx_word' id='word_1_355' title='bbox 1336 2013 1533 2042; x_wconf 74' lang='lat' dir='ltr'>Universitatis⁷</span> <span class='ocrx_word' id='word_1_356' title='bbox 1551 2013 1626 2043; x_wconf 74' lang='lat' dir='ltr'>petit,</span> <span class='ocrx_word' id='word_1_357' title='bbox 1646 2015 1673 2035; x_wconf 89' lang='lat' dir='ltr'>ut</span> <span class='ocrx_word' id='word_1_358' title='bbox 1688 2013 1853 2035; x_wconf 85' lang='lat' dir='ltr'>doctoratum</span> <span class='ocrx_word' id='word_1_359' title='bbox 1869 2012 1893 2034; x_wconf 90' lang='lat' dir='ltr'>in</span> <span class='ocrx_word' id='word_1_360' title='bbox 1910 2012 2013 2042; x_wconf 83' lang='lat' dir='ltr'>legibus</span> <span class='ocrx_word' id='word_1_361' title='bbox 2034 2011 2058 2033; x_wconf 91' lang='lat' dir='ltr'>in</span> 
     </span>
    </p>
   </div>
   <div class='ocr_carea' id='block_1_53' title="bbox 826 2058 2058 2090">
    <p class='ocr_par' dir='ltr' id='par_1_53' title="bbox 826 2058 2058 2090">
     <span class='ocr_line' id='line_1_70' title="bbox 826 2058 2058 2090; baseline -0.004 -6"><span class='ocrx_word' id='word_1_362' title='bbox 826 2061 900 2084; x_wconf 87' lang='lat' dir='ltr'>curia</span> <span class='ocrx_word' id='word_1_363' title='bbox 918 2062 1001 2090; x_wconf 60' lang='lat' dir='ltr'>Rom„</span> <span class='ocrx_word' id='word_1_364' title='bbox 1019 2068 1070 2083; x_wconf 91' lang='lat' dir='ltr'>non</span> <span class='ocrx_word' id='word_1_365' title='bbox 1088 2059 1245 2087; x_wconf 83' lang='lat' dir='ltr'>Aurelianis,</span> <span class='ocrx_word' id='word_1_366' title='bbox 1263 2058 1374 2090; x_wconf 87' lang='lat' dir='ltr'>recipiat</span> <span class='ocrx_word' id='word_1_367' title='bbox 1381 2073 2058 2082; x_wconf 79' lang='lat'>...........................</span> 
     </span>
    </p>
   </div>
   <div class='ocr_carea' id='block_1_54' title="bbox 797 2118 2060 2153">
    <p class='ocr_par' dir='ltr' id='par_1_54' title="bbox 797 2118 2060 2153">
     <span class='ocr_line' id='line_1_71' title="bbox 797 2118 2060 2153; baseline -0.005 -7"><span class='ocrx_word' id='word_1_368' title='bbox 797 2123 961 2147; x_wconf 79' lang='lat' dir='ltr'>Universitas</span> <span class='ocrx_word' id='word_1_369' title='bbox 974 2123 1115 2153; x_wconf 87' lang='lat' dir='ltr'>respondet</span> <span class='ocrx_word' id='word_1_370' title='bbox 1128 2122 1249 2145; x_wconf 77' lang='lat' dir='ltr'>ducissae</span> <span class='ocrx_word' id='word_1_371' title='bbox 1263 2121 1446 2152; x_wconf 86' lang='lat' dir='ltr'>Burgundine;</span> <span class='ocrx_word' id='word_1_372' title='bbox 1461 2129 1517 2143; x_wconf 87' lang='lat' dir='ltr'>eam</span> <span class='ocrx_word' id='word_1_373' title='bbox 1530 2120 1651 2142; x_wconf 84' lang='lat' dir='ltr'>bortatur</span> <span class='ocrx_word' id='word_1_374' title='bbox 1664 2119 1696 2141; x_wconf 83' lang='lat' dir='ltr'>ad</span> <span class='ocrx_word' id='word_1_375' title='bbox 1710 2119 1886 2141; x_wconf 82' lang='lat' dir='ltr'>ulciscendam</span> <span class='ocrx_word' id='word_1_376' title='bbox 1902 2118 2060 2141; x_wconf 81' lang='lat' dir='ltr'>occisionem</span> 
     </span>
    </p>
   </div>
   <div class='ocr_carea' id='block_1_55' title="bbox 827 2168 2057 2191">
    <p class='ocr_par' dir='ltr' id='par_1_55' title="bbox 827 2168 2057 2191">
     <span class='ocr_line' id='line_1_72' title="bbox 827 2168 2057 2191; baseline -0.005 0"><span class='ocrx_word' id='word_1_377' title='bbox 827 2168 902 2191; x_wconf 85' lang='lat' dir='ltr'>ducis</span> <span class='ocrx_word' id='word_1_378' title='bbox 912 2180 2057 2191; x_wconf 71' lang='grc'><em>.............................................</em></span> 
     </span>
    </p>
   </div>
   <div class='ocr_carea' id='block_1_56' title="bbox 796 2225 2059 2260">
    <p class='ocr_par' dir='ltr' id='par_1_56' title="bbox 796 2225 2059 2260">
     <span class='ocr_line' id='line_1_73' title="bbox 796 2225 2059 2260; baseline -0.005 -7"><span class='ocrx_word' id='word_1_379' title='bbox 796 2230 962 2254; x_wconf 85' lang='lat' dir='ltr'>Universitas</span> <span class='ocrx_word' id='word_1_380' title='bbox 985 2229 1118 2260; x_wconf 86' lang='lat' dir='ltr'>promittit</span> <span class='ocrx_word' id='word_1_381' title='bbox 1137 2229 1258 2251; x_wconf 88' lang='lat' dir='ltr'>ducissae</span> <span class='ocrx_word' id='word_1_382' title='bbox 1278 2227 1447 2258; x_wconf 70' lang='lat' dir='ltr'>Burgundiae</span> <span class='ocrx_word' id='word_1_383' title='bbox 1469 2227 1572 2255; x_wconf 74' lang='lat' dir='ltr'>viduae,</span> <span class='ocrx_word' id='word_1_384' title='bbox 1598 2234 1625 2249; x_wconf 89' lang='lat' dir='ltr'>se</span> <span class='ocrx_word' id='word_1_385' title='bbox 1650 2226 1673 2248; x_wconf 91' lang='lat' dir='ltr'>ei</span> <span class='ocrx_word' id='word_1_386' title='bbox 1694 2225 1890 2254; x_wconf 79' lang='lat' dir='ltr'>auxiliaturum,</span> <span class='ocrx_word' id='word_1_387' title='bbox 1916 2229 1943 2248; x_wconf 88' lang='lat' dir='ltr'>ut</span> <span class='ocrx_word' id='word_1_388' title='bbox 1963 2225 2059 2247; x_wconf 81' lang='lat' dir='ltr'>occisio</span> 
     </span>
    </p>
   </div>
   <div class='ocr_carea' id='block_1_57' title="bbox 827 2273 2058 2305">
    <p class='ocr_par' dir='ltr' id='par_1_57' title="bbox 827 2273 2058 2305">
     <span class='ocr_line' id='line_1_74' title="bbox 827 2273 2058 2305; baseline -0.005 -7"><span class='ocrx_word' id='word_1_389' title='bbox 827 2275 901 2298; x_wconf 84' lang='lat' dir='ltr'>ducis</span> <span class='ocrx_word' id='word_1_390' title='bbox 914 2274 1083 2305; x_wconf 81' lang='lat' dir='ltr'>Burgundiac</span> <span class='ocrx_word' id='word_1_391' title='bbox 1098 2273 1224 2304; x_wconf 86' lang='lat' dir='ltr'>puniatur</span> <span class='ocrx_word' id='word_1_392' title='bbox 1228 2287 2058 2296; x_wconf 82' lang='lat'>.................................</span> 
     </span>
    </p>
   </div>
   <div class='ocr_carea' id='block_1_58' title="bbox 797 2332 2060 2412">
    <p class='ocr_par' dir='ltr' id='par_1_58' title="bbox 797 2332 2060 2412">
     <span class='ocr_line' id='line_1_75' title="bbox 797 2332 2060 2365; baseline -0.006 -5"><span class='ocrx_word' id='word_1_393' title='bbox 797 2337 1016 2360; x_wconf 73' lang='lat' dir='ltr'>Bartholomaeus</span> <span class='ocrx_word' id='word_1_394' title='bbox 1033 2336 1134 2365; x_wconf 80' lang='lat' dir='ltr'>Scalae,</span> <span class='ocrx_word' id='word_1_395' title='bbox 1151 2335 1214 2359; x_wconf 90' lang='lat' dir='ltr'>Ord.</span> <span class='ocrx_word' id='word_1_396' title='bbox 1232 2335 1334 2361; x_wconf 66' lang='lat' dir='ltr'>praed„</span> <span class='ocrx_word' id='word_1_397' title='bbox 1352 2334 1394 2365; x_wconf 87' lang='lat' dir='ltr'>qui</span> <span class='ocrx_word' id='word_1_398' title='bbox 1414 2334 1523 2357; x_wconf 77' lang='lat' dir='ltr'>Parisiis</span> <span class='ocrx_word' id='word_1_399' title='bbox 1540 2332 1694 2355; x_wconf 76' lang='lat' dir='ltr'>habilitatus</span> <span class='ocrx_word' id='word_1_400' title='bbox 1713 2335 1752 2354; x_wconf 88' lang='lat' dir='ltr'>est</span> <span class='ocrx_word' id='word_1_401' title='bbox 1767 2340 1815 2362; x_wconf 90' lang='lat' dir='ltr'>pro</span> <span class='ocrx_word' id='word_1_402' title='bbox 1833 2332 1985 2362; x_wconf 83' lang='lat' dir='ltr'>magisterio</span> <span class='ocrx_word' id='word_1_403' title='bbox 2001 2340 2060 2354; x_wconf 73' lang='lat' dir='ltr'>sus-</span> 
     </span>
     <span class='ocr_line' id='line_1_76' title="bbox 826 2376 2059 2412; baseline -0.005 -8"><span class='ocrx_word' id='word_1_404' title='bbox 826 2382 957 2412; x_wconf 83' lang='lat' dir='ltr'>cipiendo,</span> <span class='ocrx_word' id='word_1_405' title='bbox 980 2381 1115 2412; x_wconf 85' lang='lat' dir='ltr'>supplicat</span> <span class='ocrx_word' id='word_1_406' title='bbox 1139 2380 1250 2403; x_wconf 78' lang='lat' dir='ltr'>Martius&gt;</span> <span class='ocrx_word' id='word_1_407' title='bbox 1273 2380 1300 2406; x_wconf 86' lang='lat' dir='ltr'>V,</span> <span class='ocrx_word' id='word_1_408' title='bbox 1328 2382 1355 2401; x_wconf 89' lang='lat' dir='ltr'>ut</span> <span class='ocrx_word' id='word_1_409' title='bbox 1378 2379 1403 2401; x_wconf 88' lang='lat' dir='ltr'>in</span> <span class='ocrx_word' id='word_1_410' title='bbox 1429 2379 1502 2401; x_wconf 77' lang='lat' dir='ltr'>Rom.</span> <span class='ocrx_word' id='word_1_411' title='bbox 1521 2378 1594 2400; x_wconf 80' lang='lat' dir='ltr'>curia</span> <span class='ocrx_word' id='word_1_412' title='bbox 1618 2377 1730 2407; x_wconf 83' lang='lat' dir='ltr'>gradum</span> <span class='ocrx_word' id='word_1_413' title='bbox 1756 2376 1902 2407; x_wconf 74' lang='lat' dir='ltr'>magisterii</span> <span class='ocrx_word' id='word_1_414' title='bbox 1925 2376 2059 2407; x_wconf 76' lang='lat' dir='ltr'>suscipere</span> 
     </span>
    </p>
   </div>
   <div class='ocr_carea' id='block_1_59' title="bbox 827 2426 2058 2457">
    <p class='ocr_par' dir='ltr' id='par_1_59' title="bbox 827 2426 2058 2457">
     <span class='ocr_line' id='line_1_77' title="bbox 827 2426 2058 2457; baseline -0.006 -8"><span class='ocrx_word' id='word_1_415' title='bbox 827 2426 912 2457; x_wconf 86' lang='lat' dir='ltr'>possit</span> <span class='ocrx_word' id='word_1_416' title='bbox 915 2438 2058 2449; x_wconf 74' lang='lat'>.............................................</span> 
     </span>
    </p>
   </div>
   <div class='ocr_carea' id='block_1_60' title="bbox 797 2483 2057 2511">
    <p class='ocr_par' dir='ltr' id='par_1_60' title="bbox 797 2483 2057 2511">
     <span class='ocr_line' id='line_1_78' title="bbox 797 2483 2057 2511; baseline -0.006 0"><span class='ocrx_word' id='word_1_417' title='bbox 797 2489 852 2511; x_wconf 91' lang='lat' dir='ltr'>Duo</span> <span class='ocrx_word' id='word_1_418' title='bbox 877 2488 1083 2511; x_wconf 84' lang='lat' dir='ltr'>ambassiatores</span> <span class='ocrx_word' id='word_1_419' title='bbox 1105 2486 1292 2510; x_wconf 82' lang='lat' dir='ltr'>Universitatis</span> <span class='ocrx_word' id='word_1_420' title='bbox 1316 2486 1431 2508; x_wconf 84' lang='lat' dir='ltr'>rotulum</span> <span class='ocrx_word' id='word_1_421' title='bbox 1462 2484 1655 2507; x_wconf 75' lang='lat' dir='ltr'>Iiccntiutorum</span> <span class='ocrx_word' id='word_1_422' title='bbox 1677 2486 1703 2505; x_wconf 88' lang='lat' dir='ltr'>ct</span> <span class='ocrx_word' id='word_1_423' title='bbox 1727 2483 1940 2505; x_wconf 79' lang='lat' dir='ltr'>baccalarcorum</span> <span class='ocrx_word' id='word_1_424' title='bbox 1969 2483 2057 2505; x_wconf 86' lang='lat' dir='ltr'>facult.</span> 
     </span>
    </p>
   </div>
   <div class='ocr_carea' id='block_1_61' title="bbox 797 2532 2059 2626">
    <p class='ocr_par' dir='ltr' id='par_1_61' title="bbox 797 2532 2059 2626">
     <span class='ocr_line' id='line_1_79' title="bbox 827 2532 2058 2562; baseline -0.006 -6"><span class='ocrx_word' id='word_1_425' title='bbox 827 2533 993 2556; x_wconf 84' lang='lat' dir='ltr'>decretorum</span> <span class='ocrx_word' id='word_1_426' title='bbox 1008 2532 1097 2554; x_wconf 71' lang='lat' dir='ltr'>curiae</span> <span class='ocrx_word' id='word_1_427' title='bbox 1113 2533 1187 2555; x_wconf 78' lang='lat' dir='ltr'>Rom.</span> <span class='ocrx_word' id='word_1_428' title='bbox 1204 2534 1374 2562; x_wconf 79' lang='lat' dir='ltr'>praesentant</span> <span class='ocrx_word' id='word_1_429' title='bbox 1379 2544 2058 2552; x_wconf 69' lang='grc'><em>..........................</em></span> 
     </span>
     <span class='ocr_line' id='line_1_80' title="bbox 797 2591 2059 2626; baseline -0.006 -7"><span class='ocrx_word' id='word_1_430' title='bbox 797 2595 918 2626; x_wconf 78' lang='lat' dir='ltr'>Magistri</span> <span class='ocrx_word' id='word_1_431' title='bbox 933 2598 1054 2625; x_wconf 84' lang='lat' dir='ltr'>regentes</span> <span class='ocrx_word' id='word_1_432' title='bbox 1074 2594 1207 2617; x_wconf 80' lang='lat' dir='ltr'>facultatis</span> <span class='ocrx_word' id='word_1_433' title='bbox 1224 2593 1369 2616; x_wconf 83' lang='lat' dir='ltr'>medicinae</span> <span class='ocrx_word' id='word_1_434' title='bbox 1387 2600 1429 2615; x_wconf 87' lang='lat' dir='ltr'>an.</span> <span class='ocrx_word' id='word_1_435' title='bbox 1448 2591 1584 2614; x_wconf 66' lang='lat' dir='ltr'>utu-1420</span> <span class='ocrx_word' id='word_1_436' title='bbox 1588 2606 2059 2613; x_wconf 76' lang='lat'>...................</span> 
     </span>
    </p>
   </div>
   <div class='ocr_carea' id='block_1_62' title="bbox 798 2651 2061 2732">
    <p class='ocr_par' dir='ltr' id='par_1_62' title="bbox 798 2651 2061 2732">
     <span class='ocr_line' id='line_1_81' title="bbox 798 2651 2061 2688; baseline -0.007 -7"><span class='ocrx_word' id='word_1_437' title='bbox 798 2658 949 2688; x_wconf 82' lang='lat' dir='ltr'>Capitulum</span> <span class='ocrx_word' id='word_1_438' title='bbox 966 2657 1088 2688; x_wconf 82' lang='lat' dir='ltr'>generale</span> <span class='ocrx_word' id='word_1_439' title='bbox 1103 2656 1166 2679; x_wconf 93' lang='lat' dir='ltr'>Ord.</span> <span class='ocrx_word' id='word_1_440' title='bbox 1183 2656 1274 2679; x_wconf 87' lang='lat' dir='ltr'>Praed.</span> <span class='ocrx_word' id='word_1_441' title='bbox 1292 2654 1394 2685; x_wconf 74' lang='lat' dir='ltr'>statuit⁷</span> <span class='ocrx_word' id='word_1_442' title='bbox 1409 2657 1437 2676; x_wconf 91' lang='lat' dir='ltr'>ut</span> <span class='ocrx_word' id='word_1_443' title='bbox 1452 2662 1542 2675; x_wconf 84' lang='lat' dir='ltr'>omues</span> <span class='ocrx_word' id='word_1_444' title='bbox 1560 2654 1653 2675; x_wconf 83' lang='lat' dir='ltr'>fratres</span> <span class='ocrx_word' id='word_1_445' title='bbox 1670 2651 1776 2674; x_wconf 85' lang='lat' dir='ltr'>Ordinis</span> <span class='ocrx_word' id='word_1_446' title='bbox 1794 2651 1913 2681; x_wconf 77' lang='lat' dir='ltr'>magistri</span> <span class='ocrx_word' id='word_1_447' title='bbox 1927 2651 1967 2674; x_wconf 86' lang='lat' dir='ltr'>vel</span> <span class='ocrx_word' id='word_1_448' title='bbox 1984 2651 2061 2674; x_wconf 59' lang='lat' dir='ltr'>licen&gt;</span> 
     </span>
     <span class='ocr_line' id='line_1_82' title="bbox 828 2695 2061 2732; baseline -0.009 -7"><span class='ocrx_word' id='word_1_449' title='bbox 828 2702 886 2725; x_wconf 86' lang='lat' dir='ltr'>tiati</span> <span class='ocrx_word' id='word_1_450' title='bbox 900 2702 925 2724; x_wconf 87' lang='lat' dir='ltr'>in</span> <span class='ocrx_word' id='word_1_451' title='bbox 940 2702 1020 2724; x_wconf 89' lang='lat' dir='ltr'>theol.</span> <span class='ocrx_word' id='word_1_452' title='bbox 1037 2709 1083 2732; x_wconf 87' lang='lat' dir='ltr'>per</span> <span class='ocrx_word' id='word_1_453' title='bbox 1095 2701 1192 2724; x_wconf 88' lang='lat' dir='ltr'>saltum</span> <span class='ocrx_word' id='word_1_454' title='bbox 1208 2704 1253 2722; x_wconf 86' lang='lat' dir='ltr'>aut</span> <span class='ocrx_word' id='word_1_455' title='bbox 1268 2699 1361 2730; x_wconf 78' lang='lat' dir='ltr'>quovis</span> <span class='ocrx_word' id='word_1_456' title='bbox 1378 2698 1454 2721; x_wconf 89' lang='lat' dir='ltr'>modo</span> <span class='ocrx_word' id='word_1_457' title='bbox 1469 2706 1516 2720; x_wconf 80' lang='lat' dir='ltr'>sua</span> <span class='ocrx_word' id='word_1_458' title='bbox 1533 2698 1632 2719; x_wconf 80' lang='lat' dir='ltr'>lectura</span> <span class='ocrx_word' id='word_1_459' title='bbox 1649 2705 1698 2719; x_wconf 87' lang='lat' dir='ltr'>nou</span> <span class='ocrx_word' id='word_1_460' title='bbox 1713 2696 1843 2726; x_wconf 84' lang='lat' dir='ltr'>completa</span> <span class='ocrx_word' id='word_1_461' title='bbox 1857 2695 1882 2718; x_wconf 90' lang='lat' dir='ltr'>in</span> <span class='ocrx_word' id='word_1_462' title='bbox 1896 2696 1984 2726; x_wconf 80' lang='lat' dir='ltr'>aliqua</span> <span class='ocrx_word' id='word_1_463' title='bbox 2000 2696 2061 2719; x_wconf 87' lang='lat' dir='ltr'>Uni.</span> 
     </span>
    </p>
   </div>
   <div class='ocr_carea' id='block_1_63' title="bbox 832 2742 2061 2777">
    <p class='ocr_par' dir='ltr' id='par_1_63' title="bbox 832 2742 2061 2777">
     <span class='ocr_line' id='line_1_83' title="bbox 832 2742 2061 2777; baseline -0.005 -8"><span class='ocrx_word' id='word_1_464' title='bbox 832 2746 954 2769; x_wconf 80' lang='lat' dir='ltr'>versitate</span> <span class='ocrx_word' id='word_1_465' title='bbox 966 2754 1015 2777; x_wconf 84' lang='lat' dir='ltr'>pro</span> <span class='ocrx_word' id='word_1_466' title='bbox 1035 2754 1086 2768; x_wconf 86' lang='lat' dir='ltr'>non</span> <span class='ocrx_word' id='word_1_467' title='bbox 1102 2745 1239 2776; x_wconf 81' lang='lat' dir='ltr'>magistris</span> <span class='ocrx_word' id='word_1_468' title='bbox 1252 2748 1277 2767; x_wconf 88' lang='lat' dir='ltr'>et</span> <span class='ocrx_word' id='word_1_469' title='bbox 1291 2743 1433 2766; x_wconf 87' lang='lat' dir='ltr'>licentiatis</span> <span class='ocrx_word' id='word_1_470' title='bbox 1450 2742 1598 2765; x_wconf 85' lang='lat' dir='ltr'>habeantur</span> <span class='ocrx_word' id='word_1_471' title='bbox 1616 2757 2061 2765; x_wconf 78' lang='lat'>..................</span> 
     </span>
    </p>
   </div>
   <div class='ocr_carea' id='block_1_64' title="bbox 798 2802 2061 2884">
    <p class='ocr_par' dir='ltr' id='par_1_64' title="bbox 798 2802 2061 2884">
     <span class='ocr_line' id='line_1_84' title="bbox 798 2802 2061 2839; baseline -0.006 -7"><span class='ocrx_word' id='word_1_472' title='bbox 798 2808 964 2832; x_wconf 80' lang='lat' dir='ltr'>Universitas</span> <span class='ocrx_word' id='word_1_473' title='bbox 984 2808 1096 2839; x_wconf 85' lang='lat' dir='ltr'>instigat</span> <span class='ocrx_word' id='word_1_474' title='bbox 1115 2807 1249 2830; x_wconf 71' lang='lat' dir='ltr'>ducissam</span> <span class='ocrx_word' id='word_1_475' title='bbox 1272 2805 1441 2836; x_wconf 70' lang='lat' dir='ltr'>Burgundiae</span> <span class='ocrx_word' id='word_1_476' title='bbox 1462 2804 1578 2833; x_wconf 62' lang='lat' dir='ltr'>viduam,</span> <span class='ocrx_word' id='word_1_477' title='bbox 1595 2806 1623 2826; x_wconf 88' lang='lat' dir='ltr'>ut</span> <span class='ocrx_word' id='word_1_478' title='bbox 1640 2811 1690 2825; x_wconf 87' lang='lat' dir='ltr'>nou</span> <span class='ocrx_word' id='word_1_479' title='bbox 1711 2802 1822 2825; x_wconf 81' lang='lat' dir='ltr'>desistat</span> <span class='ocrx_word' id='word_1_480' title='bbox 1842 2802 1972 2825; x_wconf 80' lang='lat' dir='ltr'>occisores</span> <span class='ocrx_word' id='word_1_481' title='bbox 1988 2803 2061 2825; x_wconf 71' lang='lat' dir='ltr'>ducis</span> 
     </span>
     <span class='ocr_line' id='line_1_85' title="bbox 829 2847 2061 2884; baseline -0.003 -9"><span class='ocrx_word' id='word_1_482' title='bbox 829 2853 941 2884; x_wconf 67' lang='lat' dir='ltr'>panii-05</span> <span class='ocrx_word' id='word_1_483' title='bbox 957 2853 1060 2876; x_wconf 85' lang='lat' dir='ltr'>desinat</span> <span class='ocrx_word' id='word_1_484' title='bbox 1075 2852 1166 2875; x_wconf 87' lang='lat' dir='ltr'>timere</span> <span class='ocrx_word' id='word_1_485' title='bbox 1180 2860 1211 2875; x_wconf 90' lang='lat' dir='ltr'>ne</span> <span class='ocrx_word' id='word_1_486' title='bbox 1227 2851 1245 2874; x_wconf 90' lang='lat' dir='ltr'>ii</span> <span class='ocrx_word' id='word_1_487' title='bbox 1260 2850 1376 2874; x_wconf 80' lang='lat' dir='ltr'>Parisios</span> <span class='ocrx_word' id='word_1_488' title='bbox 1394 2850 1491 2872; x_wconf 84' lang='lat' dir='ltr'>intrare</span> <span class='ocrx_word' id='word_1_489' title='bbox 1504 2848 1623 2879; x_wconf 83' lang='lat' dir='ltr'>possint;</span> <span class='ocrx_word' id='word_1_490' title='bbox 1640 2847 1734 2870; x_wconf 78' lang='lat' dir='ltr'>civitas</span> <span class='ocrx_word' id='word_1_491' title='bbox 1749 2847 1814 2869; x_wconf 89' lang='lat' dir='ltr'>bene</span> <span class='ocrx_word' id='word_1_492' title='bbox 1827 2847 1984 2870; x_wconf 87' lang='lat' dir='ltr'>custoditur.</span> <span class='ocrx_word' id='word_1_493' title='bbox 2004 2864 2010 2870; x_wconf 89' lang='lat'>.</span> <span class='ocrx_word' id='word_1_494' title='bbox 2030 2865 2035 2870; x_wconf 87' lang='lat'>.</span> <span class='ocrx_word' id='word_1_495' title='bbox 2056 2866 2061 2871; x_wconf 93' lang='lat'>.</span> 
     </span>
    </p>
   </div>
   <div class='ocr_carea' id='block_1_65' title="bbox 404 2922 2050 2952">
    <p class='ocr_par' dir='ltr' id='par_1_65' title="bbox 404 2922 2050 2952">
     <span class='ocr_line' id='line_1_86' title="bbox 404 2922 2050 2952; baseline 0.012 -6"><span class='ocrx_word' id='word_1_496' title='bbox 404 2925 468 2943; x_wconf 68' lang='lat' dir='ltr'>*m</span> <span class='ocrx_word' id='word_1_497' title='bbox 488 2924 583 2949; x_wconf 69' lang='lat' dir='ltr'>chare.</span> <span class='ocrx_word' id='word_1_498' title='bbox 606 2926 685 2951; x_wconf 78' lang='lat' dir='ltr'><em>Univ.</em></span> <span class='ocrx_word' id='word_1_499' title='bbox 705 2927 800 2952; x_wconf 69' lang='lat' dir='ltr'>Paris.</span> <span class='ocrx_word' id='word_1_500' title='bbox 817 2929 859 2952; x_wconf 82' lang='lat' dir='ltr'>lv.</span> <span class='ocrx_word' id='word_1_501' title='bbox 2001 2922 2050 2947; x_wconf 68' lang='lat'>⁹⁶⁷</span> 
     </span>
    </p>
   </div>
   <div class='ocr_carea' id='block_1_66' title="bbox 2069 879 2081 2846">
    <p class='ocr_par' dir='ltr' id='par_1_66' title="bbox 2069 879 2081 2846">
     <span class='ocr_line' id='line_1_87' title="bbox 2069 879 2081 2846; baseline 0 0"><span class='ocrx_word' id='word_1_502' title='bbox 2069 879 2081 2846; x_wconf 95' lang='lat' dir='ltr'> </span> 
     </span>
    </p>
   </div>
   <div class='ocr_carea' id='block_1_67' title="bbox 2093 493 2139 515">
    <p class='ocr_par' dir='ltr' id='par_1_67' title="bbox 2093 493 2139 515">
     <span class='ocr_line' id='line_1_88' title="bbox 2093 493 2139 515; baseline 0.022 -1"><span class='ocrx_word' id='word_1_503' title='bbox 2093 493 2139 515; x_wconf 73' lang='lat'>364</span> 
     </span>
    </p>
   </div>
   <div class='ocr_carea' id='block_1_68' title="bbox 2096 688 2141 709">
    <p class='ocr_par' dir='ltr' id='par_1_68' title="bbox 2096 688 2141 709">
     <span class='ocr_line' id='line_1_89' title="bbox 2096 688 2141 709; baseline 0 0"><span class='ocrx_word' id='word_1_504' title='bbox 2096 688 2141 709; x_wconf 81' lang='grc'>365</span> 
     </span>
    </p>
   </div>
   <div class='ocr_carea' id='block_1_69' title="bbox 2098 838 2143 859">
    <p class='ocr_par' dir='ltr' id='par_1_69' title="bbox 2098 838 2143 859">
     <span class='ocr_line' id='line_1_90' title="bbox 2098 838 2143 859; baseline 0 0"><span class='ocrx_word' id='word_1_505' title='bbox 2098 838 2143 859; x_wconf 85' lang='grc'>365</span> 
     </span>
    </p>
   </div>
   <div class='ocr_carea' id='block_1_70' title="bbox 2098 943 2144 966">
    <p class='ocr_par' dir='ltr' id='par_1_70' title="bbox 2098 943 2144 966">
     <span class='ocr_line' id='line_1_91' title="bbox 2098 943 2144 966; baseline 0 -1"><span class='ocrx_word' id='word_1_506' title='bbox 2098 943 2144 966; x_wconf 88' lang='grc'>365</span> 
     </span>
    </p>
   </div>
   <div class='ocr_carea' id='block_1_71' title="bbox 2099 1093 2146 1116">
    <p class='ocr_par' dir='ltr' id='par_1_71' title="bbox 2099 1093 2146 1116">
     <span class='ocr_line' id='line_1_92' title="bbox 2099 1093 2146 1116; baseline 0 -1"><span class='ocrx_word' id='word_1_507' title='bbox 2099 1093 2146 1116; x_wconf 86' lang='grc'>366</span> 
     </span>
    </p>
   </div>
   <div class='ocr_carea' id='block_1_72' title="bbox 2100 1155 2146 1239">
    <p class='ocr_par' dir='ltr' id='par_1_72' title="bbox 2100 1155 2146 1239">
     <span class='ocr_line' id='line_1_93' title="bbox 2100 1155 2146 1177; baseline 0 0"><span class='ocrx_word' id='word_1_508' title='bbox 2100 1155 2146 1177; x_wconf 83' lang='grc'>366</span> 
     </span>
     <span class='ocr_line' id='line_1_94' title="bbox 2100 1217 2145 1239; baseline 0 0"><span class='ocrx_word' id='word_1_509' title='bbox 2100 1217 2145 1239; x_wconf 85' lang='grc'>367</span> 
     </span>
    </p>
   </div>
   <div class='ocr_carea' id='block_1_73' title="bbox 2102 1324 2147 1346">
    <p class='ocr_par' dir='ltr' id='par_1_73' title="bbox 2102 1324 2147 1346">
     <span class='ocr_line' id='line_1_95' title="bbox 2102 1324 2147 1346; baseline 0 0"><span class='ocrx_word' id='word_1_510' title='bbox 2102 1324 2147 1346; x_wconf 87' lang='grc'>367</span> 
     </span>
    </p>
   </div>
   <div class='ocr_carea' id='block_1_74' title="bbox 2102 1474 2148 1558">
    <p class='ocr_par' dir='ltr' id='par_1_74' title="bbox 2102 1474 2148 1558">
     <span class='ocr_line' id='line_1_96' title="bbox 2102 1474 2148 1496; baseline 0 0"><span class='ocrx_word' id='word_1_511' title='bbox 2102 1474 2148 1496; x_wconf 87' lang='grc'>368</span> 
     </span>
     <span class='ocr_line' id='line_1_97' title="bbox 2103 1536 2148 1558; baseline 0 0"><span class='ocrx_word' id='word_1_512' title='bbox 2103 1536 2148 1558; x_wconf 87' lang='grc'>368</span> 
     </span>
    </p>
   </div>
   <div class='ocr_carea' id='block_1_75' title="bbox 2103 1776 2150 1859">
    <p class='ocr_par' dir='ltr' id='par_1_75' title="bbox 2103 1776 2150 1859">
     <span class='ocr_line' id='line_1_98' title="bbox 2103 1776 2150 1798; baseline 0 0"><span class='ocrx_word' id='word_1_513' title='bbox 2103 1776 2150 1798; x_wconf 80' lang='grc'>369</span> 
     </span>
     <span class='ocr_line' id='line_1_99' title="bbox 2103 1837 2149 1859; baseline 0 0"><span class='ocrx_word' id='word_1_514' title='bbox 2103 1837 2149 1859; x_wconf 84' lang='grc'>369</span> 
     </span>
    </p>
   </div>
   <div class='ocr_carea' id='block_1_76' title="bbox 2104 1948 2150 1970">
    <p class='ocr_par' dir='ltr' id='par_1_76' title="bbox 2104 1948 2150 1970">
     <span class='ocr_line' id='line_1_100' title="bbox 2104 1948 2150 1970; baseline 0 0"><span class='ocrx_word' id='word_1_515' title='bbox 2104 1948 2150 1970; x_wconf 90' lang='grc'>370</span> 
     </span>
    </p>
   </div>
   <div class='ocr_carea' id='block_1_77' title="bbox 2104 2059 2151 2081">
    <p class='ocr_par' dir='ltr' id='par_1_77' title="bbox 2104 2059 2151 2081">
     <span class='ocr_line' id='line_1_101' title="bbox 2104 2059 2151 2081; baseline 0 0"><span class='ocrx_word' id='word_1_516' title='bbox 2104 2059 2151 2081; x_wconf 84' lang='grc'>370</span> 
     </span>
    </p>
   </div>
   <div class='ocr_carea' id='block_1_78' title="bbox 2104 2161 2148 2183">
    <p class='ocr_par' dir='ltr' id='par_1_78' title="bbox 2104 2161 2148 2183">
     <span class='ocr_line' id='line_1_102' title="bbox 2104 2161 2148 2183; baseline 0 0"><span class='ocrx_word' id='word_1_517' title='bbox 2104 2161 2148 2183; x_wconf 88' lang='grc'>371</span> 
     </span>
    </p>
   </div>
   <div class='ocr_carea' id='block_1_79' title="bbox 2104 2267 2150 2289">
    <p class='ocr_par' dir='ltr' id='par_1_79' title="bbox 2104 2267 2150 2289">
     <span class='ocr_line' id='line_1_103' title="bbox 2104 2267 2150 2289; baseline 0 0"><span class='ocrx_word' id='word_1_518' title='bbox 2104 2267 2150 2289; x_wconf 90' lang='grc'>372</span> 
     </span>
    </p>
   </div>
   <div class='ocr_carea' id='block_1_80' title="bbox 2104 2420 2150 2443">
    <p class='ocr_par' dir='ltr' id='par_1_80' title="bbox 2104 2420 2150 2443">
     <span class='ocr_line' id='line_1_104' title="bbox 2104 2420 2150 2443; baseline 0.022 -1"><span class='ocrx_word' id='word_1_519' title='bbox 2104 2420 2150 2443; x_wconf 84' lang='grc'>373</span> 
     </span>
    </p>
   </div>
   <div class='ocr_carea' id='block_1_81' title="bbox 2104 2527 2150 2549">
    <p class='ocr_par' dir='ltr' id='par_1_81' title="bbox 2104 2527 2150 2549">
     <span class='ocr_line' id='line_1_105' title="bbox 2104 2527 2150 2549; baseline 0 -1"><span class='ocrx_word' id='word_1_520' title='bbox 2104 2527 2150 2549; x_wconf 86' lang='grc'>373</span> 
     </span>
    </p>
   </div>
   <div class='ocr_carea' id='block_1_82' title="bbox 2105 2589 2151 2611">
    <p class='ocr_par' dir='ltr' id='par_1_82' title="bbox 2105 2589 2151 2611">
     <span class='ocr_line' id='line_1_106' title="bbox 2105 2589 2151 2611; baseline 0 -1"><span class='ocrx_word' id='word_1_521' title='bbox 2105 2589 2151 2611; x_wconf 86' lang='grc'>374</span> 
     </span>
    </p>
   </div>
   <div class='ocr_carea' id='block_1_83' title="bbox 2107 2744 2152 2766">
    <p class='ocr_par' dir='ltr' id='par_1_83' title="bbox 2107 2744 2152 2766">
     <span class='ocr_line' id='line_1_107' title="bbox 2107 2744 2152 2766; baseline 0.022 -1"><span class='ocrx_word' id='word_1_522' title='bbox 2107 2744 2152 2766; x_wconf 85' lang='grc'>374</span> 
     </span>
    </p>
   </div>
   <div class='ocr_carea' id='block_1_84' title="bbox 2108 2850 2153 2873">
    <p class='ocr_par' dir='ltr' id='par_1_84' title="bbox 2108 2850 2153 2873">
     <span class='ocr_line' id='line_1_108' title="bbox 2108 2850 2153 2873; baseline 0 -1"><span class='ocrx_word' id='word_1_523' title='bbox 2108 2850 2153 2873; x_wconf 77' lang='grc'>374</span> 
     </span>
    </p>
   </div>
  </div>
 </body>
</html>
