<?xml version="1.0" encoding="UTF-8"?>
<!DOCTYPE html PUBLIC "-//W3C//DTD XHTML 1.0 Transitional//EN"
    "http://www.w3.org/TR/xhtml1/DTD/xhtml1-transitional.dtd">
<html xmlns="http://www.w3.org/1999/xhtml" xml:lang="en" lang="en">
 <head>
  <title>
</title>
<meta http-equiv="Content-Type" content="text/html;charset=utf-8" />
  <meta name='ocr-system' content='tesseract 3.04.00' />
  <meta name='ocr-capabilities' content='ocr_page ocr_carea ocr_par ocr_line ocrx_word'/>
</head>
<body>
  <div class='ocr_page' id='page_1' title='image "./chartulariumuniv04univuoft_0818.png"; bbox 0 0 2502 3418; ppageno 0'>
   <div class='ocr_carea' id='block_1_1' title="bbox 387 331 452 365">
    <p class='ocr_par' dir='ltr' id='par_1_1' title="bbox 387 331 452 365">
     <span class='ocr_line' id='line_1_1' title="bbox 387 331 452 365; baseline -0.031 0"><span class='ocrx_word' id='word_1_1' title='bbox 387 331 452 365; x_wconf 88' lang='grc'>774</span> 
     </span>
    </p>
   </div>
   <div class='ocr_carea' id='block_1_2' title="bbox 963 333 1683 360">
    <p class='ocr_par' dir='ltr' id='par_1_2' title="bbox 963 333 1683 360">
     <span class='ocr_line' id='line_1_2' title="bbox 963 333 1683 360; baseline -0.006 -2"><span class='ocrx_word' id='word_1_2' title='bbox 963 335 1288 360; x_wconf 75' lang='lat' dir='ltr'>CHARTULARIUM</span> <span class='ocrx_word' id='word_1_3' title='bbox 1322 334 1515 356; x_wconf 59' lang='lat' dir='ltr'>Uvassn&amp;</span> <span class='ocrx_word' id='word_1_4' title='bbox 1551 333 1683 354; x_wconf 57' lang='lat' dir='ltr'><strong>PARI&amp;</strong></span> 
     </span>
    </p>
   </div>
   <div class='ocr_carea' id='block_1_3' title="bbox 386 400 2266 436">
    <p class='ocr_par' dir='ltr' id='par_1_3' title="bbox 386 400 2266 436">
     <span class='ocr_line' id='line_1_3' title="bbox 386 400 2266 436; baseline 0 2982"><span class='ocrx_word' id='word_1_5' title='bbox 386 400 2266 436; x_wconf 95' lang='lat' dir='ltr'> </span> 
     </span>
    </p>
   </div>
   <div class='ocr_carea' id='block_1_4' title="bbox 386 462 447 484">
    <p class='ocr_par' dir='ltr' id='par_1_4' title="bbox 386 462 447 484">
     <span class='ocr_line' id='line_1_4' title="bbox 386 462 447 484; baseline 0 0"><span class='ocrx_word' id='word_1_6' title='bbox 386 462 447 484; x_wconf 87' lang='grc'>2488</span> 
     </span>
    </p>
   </div>
   <div class='ocr_carea' id='block_1_5' title="bbox 386 608 507 630">
    <p class='ocr_par' dir='ltr' id='par_1_5' title="bbox 386 608 507 630">
     <span class='ocr_line' id='line_1_5' title="bbox 386 608 507 630; baseline 0 0"><span class='ocrx_word' id='word_1_7' title='bbox 386 608 448 630; x_wconf 80' lang='grc'>2489</span> <span class='ocrx_word' id='word_1_8' title='bbox 477 611 481 614; x_wconf 65' lang='grc'>“</span> <span class='ocrx_word' id='word_1_9' title='bbox 505 612 507 614; x_wconf 87' lang='grc'><strong>’</strong></span> 
     </span>
    </p>
   </div>
   <div class='ocr_carea' id='block_1_6' title="bbox 386 666 448 920">
    <p class='ocr_par' dir='ltr' id='par_1_6' title="bbox 386 666 448 920">
     <span class='ocr_line' id='line_1_6' title="bbox 387 666 448 688; baseline 0 0"><span class='ocrx_word' id='word_1_10' title='bbox 387 666 448 688; x_wconf 84' lang='grc'>2490</span> 
     </span>
     <span class='ocr_line' id='line_1_7' title="bbox 386 724 446 746; baseline 0 0"><span class='ocrx_word' id='word_1_11' title='bbox 386 724 446 746; x_wconf 88' lang='grc'>2491</span> 
     </span>
     <span class='ocr_line' id='line_1_8' title="bbox 387 782 448 804; baseline 0 0"><span class='ocrx_word' id='word_1_12' title='bbox 387 782 448 804; x_wconf 85' lang='grc'>2492</span> 
     </span>
     <span class='ocr_line' id='line_1_9' title="bbox 387 839 448 862; baseline 0 0"><span class='ocrx_word' id='word_1_13' title='bbox 387 839 448 862; x_wconf 84' lang='grc'>2493</span> 
     </span>
     <span class='ocr_line' id='line_1_10' title="bbox 386 897 448 920; baseline -0.016 0"><span class='ocrx_word' id='word_1_14' title='bbox 386 897 448 920; x_wconf 89' lang='grc'>2494</span> 
     </span>
    </p>
   </div>
   <div class='ocr_carea' id='block_1_7' title="bbox 386 1000 448 1139">
    <p class='ocr_par' dir='ltr' id='par_1_7' title="bbox 386 1000 448 1139">
     <span class='ocr_line' id='line_1_11' title="bbox 387 1000 448 1022; baseline 0 0"><span class='ocrx_word' id='word_1_15' title='bbox 387 1000 448 1022; x_wconf 89' lang='grc'>2495</span> 
     </span>
     <span class='ocr_line' id='line_1_12' title="bbox 387 1058 448 1080; baseline 0 0"><span class='ocrx_word' id='word_1_16' title='bbox 387 1058 448 1080; x_wconf 86' lang='grc'>2496</span> 
     </span>
     <span class='ocr_line' id='line_1_13' title="bbox 386 1116 447 1139; baseline 0 -1"><span class='ocrx_word' id='word_1_17' title='bbox 386 1116 447 1139; x_wconf 90' lang='grc'>2497</span> 
     </span>
    </p>
   </div>
   <div class='ocr_carea' id='block_1_8' title="bbox 386 1262 447 1285">
    <p class='ocr_par' dir='ltr' id='par_1_8' title="bbox 386 1262 447 1285">
     <span class='ocr_line' id='line_1_14' title="bbox 386 1262 447 1285; baseline 0.016 -1"><span class='ocrx_word' id='word_1_18' title='bbox 386 1262 447 1285; x_wconf 88' lang='grc'>2498</span> 
     </span>
    </p>
   </div>
   <div class='ocr_carea' id='block_1_9' title="bbox 386 1409 447 1432">
    <p class='ocr_par' dir='ltr' id='par_1_9' title="bbox 386 1409 447 1432">
     <span class='ocr_line' id='line_1_15' title="bbox 386 1409 447 1432; baseline 0 -1"><span class='ocrx_word' id='word_1_19' title='bbox 386 1409 447 1432; x_wconf 88' lang='grc'>2499</span> 
     </span>
    </p>
   </div>
   <div class='ocr_carea' id='block_1_10' title="bbox 387 1601 448 1624">
    <p class='ocr_par' dir='ltr' id='par_1_10' title="bbox 387 1601 448 1624">
     <span class='ocr_line' id='line_1_16' title="bbox 387 1601 448 1624; baseline 0 -1"><span class='ocrx_word' id='word_1_20' title='bbox 387 1601 448 1624; x_wconf 87' lang='grc'>2500</span> 
     </span>
    </p>
   </div>
   <div class='ocr_carea' id='block_1_11' title="bbox 387 1703 446 1726">
    <p class='ocr_par' dir='ltr' id='par_1_11' title="bbox 387 1703 446 1726">
     <span class='ocr_line' id='line_1_17' title="bbox 387 1703 446 1726; baseline -0.017 0"><span class='ocrx_word' id='word_1_21' title='bbox 387 1703 446 1726; x_wconf 89' lang='grc'>2501</span> 
     </span>
    </p>
   </div>
   <div class='ocr_carea' id='block_1_12' title="bbox 387 1850 448 1930">
    <p class='ocr_par' dir='ltr' id='par_1_12' title="bbox 387 1850 448 1930">
     <span class='ocr_line' id='line_1_18' title="bbox 387 1850 448 1873; baseline 0 -1"><span class='ocrx_word' id='word_1_22' title='bbox 387 1850 448 1873; x_wconf 86' lang='grc'>2502</span> 
     </span>
     <span class='ocr_line' id='line_1_19' title="bbox 387 1908 448 1930; baseline 0 0"><span class='ocrx_word' id='word_1_23' title='bbox 387 1908 448 1930; x_wconf 84' lang='grc'>2503</span> 
     </span>
    </p>
   </div>
   <div class='ocr_carea' id='block_1_13' title="bbox 387 2011 447 2033">
    <p class='ocr_par' dir='ltr' id='par_1_13' title="bbox 387 2011 447 2033">
     <span class='ocr_line' id='line_1_20' title="bbox 387 2011 447 2033; baseline 0 0"><span class='ocrx_word' id='word_1_24' title='bbox 387 2011 447 2033; x_wconf 86' lang='grc'>2504</span> 
     </span>
    </p>
   </div>
   <div class='ocr_carea' id='block_1_14' title="bbox 387 2117 449 2202">
    <p class='ocr_par' dir='ltr' id='par_1_14' title="bbox 387 2117 449 2202">
     <span class='ocr_line' id='line_1_21' title="bbox 387 2117 448 2140; baseline 0.016 -1"><span class='ocrx_word' id='word_1_25' title='bbox 387 2117 448 2140; x_wconf 90' lang='grc'>2505</span> 
     </span>
     <span class='ocr_line' id='line_1_22' title="bbox 388 2179 449 2202; baseline 0.016 -1"><span class='ocrx_word' id='word_1_26' title='bbox 388 2179 449 2202; x_wconf 90' lang='grc'>2506</span> 
     </span>
    </p>
   </div>
   <div class='ocr_carea' id='block_1_15' title="bbox 388 2286 448 2309">
    <p class='ocr_par' dir='ltr' id='par_1_15' title="bbox 388 2286 448 2309">
     <span class='ocr_line' id='line_1_23' title="bbox 388 2286 448 2309; baseline 0 0"><span class='ocrx_word' id='word_1_27' title='bbox 388 2286 448 2309; x_wconf 93' lang='grc'>2507</span> 
     </span>
    </p>
   </div>
   <div class='ocr_carea' id='block_1_16' title="bbox 387 2526 449 2734">
    <p class='ocr_par' dir='ltr' id='par_1_16' title="bbox 387 2526 449 2734">
     <span class='ocr_line' id='line_1_24' title="bbox 388 2526 448 2548; baseline -0.017 0"><span class='ocrx_word' id='word_1_28' title='bbox 388 2526 448 2548; x_wconf 87' lang='grc'>2508</span> 
     </span>
     <span class='ocr_line' id='line_1_25' title="bbox 387 2587 448 2610; baseline 0.016 -1"><span class='ocrx_word' id='word_1_29' title='bbox 387 2587 448 2610; x_wconf 89' lang='grc'>2509</span> 
     </span>
     <span class='ocr_line' id='line_1_26' title="bbox 388 2649 449 2672; baseline 0 -1"><span class='ocrx_word' id='word_1_30' title='bbox 388 2649 449 2672; x_wconf 87' lang='grc'>2510</span> 
     </span>
     <span class='ocr_line' id='line_1_27' title="bbox 389 2711 447 2734; baseline 0 -1"><span class='ocrx_word' id='word_1_31' title='bbox 389 2711 447 2734; x_wconf 84' lang='grc'>2511</span> 
     </span>
    </p>
   </div>
   <div class='ocr_carea' id='block_1_17' title="bbox 389 2817 449 2840">
    <p class='ocr_par' dir='ltr' id='par_1_17' title="bbox 389 2817 449 2840">
     <span class='ocr_line' id='line_1_28' title="bbox 389 2817 449 2840; baseline 0 -1"><span class='ocrx_word' id='word_1_32' title='bbox 389 2817 449 2840; x_wconf 87' lang='grc'>2512</span> 
     </span>
    </p>
   </div>
   <div class='ocr_carea' id='block_1_18' title="bbox 523 457 590 483">
    <p class='ocr_par' dir='ltr' id='par_1_18' title="bbox 523 457 590 483">
     <span class='ocr_line' id='line_1_29' title="bbox 523 457 590 483; baseline -0.015 0"><span class='ocrx_word' id='word_1_33' title='bbox 523 457 590 483; x_wconf 81' lang='grc'>1436</span> 
     </span>
    </p>
   </div>
   <div class='ocr_carea' id='block_1_19' title="bbox 483 662 629 745">
    <p class='ocr_par' dir='ltr' id='par_1_19' title="bbox 483 662 629 745">
     <span class='ocr_line' id='line_1_30' title="bbox 483 662 629 688; baseline -0.007 0"><span class='ocrx_word' id='word_1_34' title='bbox 483 662 629 688; x_wconf 66' lang='grc'>14354436</span> 
     </span>
     <span class='ocr_line' id='line_1_31' title="bbox 524 720 589 745; baseline 0 0"><span class='ocrx_word' id='word_1_35' title='bbox 524 720 589 745; x_wconf 86' lang='grc'>1436</span> 
     </span>
    </p>
   </div>
   <div class='ocr_carea' id='block_1_20' title="bbox 522 1257 587 1283">
    <p class='ocr_par' dir='ltr' id='par_1_20' title="bbox 522 1257 587 1283">
     <span class='ocr_line' id='line_1_32' title="bbox 522 1257 587 1283; baseline 0.015 -1"><span class='ocrx_word' id='word_1_36' title='bbox 522 1257 587 1283; x_wconf 89' lang='grc'>1437</span> 
     </span>
    </p>
   </div>
   <div class='ocr_carea' id='block_1_21' title="bbox 485 2523 628 2612">
    <p class='ocr_par' dir='ltr' id='par_1_21' title="bbox 485 2523 628 2612">
     <span class='ocr_line' id='line_1_33' title="bbox 485 2523 628 2551; baseline 0.014 -3"><span class='ocrx_word' id='word_1_37' title='bbox 485 2523 628 2551; x_wconf 79' lang='grc'>1436-1437</span> 
     </span>
     <span class='ocr_line' id='line_1_34' title="bbox 524 2586 590 2612; baseline 0.015 -1"><span class='ocrx_word' id='word_1_38' title='bbox 524 2586 590 2612; x_wconf 85' lang='grc'>1437</span> 
     </span>
    </p>
   </div>
   <div class='ocr_carea' id='block_1_22' title="bbox 688 455 850 480">
    <p class='ocr_par' dir='ltr' id='par_1_22' title="bbox 688 455 850 480">
     <span class='ocr_line' id='line_1_35' title="bbox 688 455 850 480; baseline -0.012 0"><span class='ocrx_word' id='word_1_39' title='bbox 688 456 783 480; x_wconf 84' lang='lat' dir='ltr'>Maio-J</span> <span class='ocrx_word' id='word_1_40' title='bbox 789 455 850 479; x_wconf 90' lang='lat' dir='ltr'>unio</span> 
     </span>
    </p>
   </div>
   <div class='ocr_carea' id='block_1_23' title="bbox 693 603 867 751">
    <p class='ocr_par' dir='ltr' id='par_1_23' title="bbox 693 603 867 751">
     <span class='ocr_line' id='line_1_36' title="bbox 720 603 839 627; baseline -0.008 0"><span class='ocrx_word' id='word_1_41' title='bbox 720 603 792 627; x_wconf 87' lang='lat' dir='ltr'>Junii</span> <span class='ocrx_word' id='word_1_42' title='bbox 807 604 821 626; x_wconf 91' lang='grc'>4</span> <span class='ocrx_word' id='word_1_43' title='bbox 836 613 839 615; x_wconf 55' lang='lat'>&gt;</span> 
     </span>
     <span class='ocr_line' id='line_1_37' title="bbox 700 662 842 692; baseline -0.014 -7"><span class='ocrx_word' id='word_1_44' title='bbox 700 662 842 692; x_wconf 57' lang='lat' dir='ltr'>oca-Sept.</span> 
     </span>
     <span class='ocr_line' id='line_1_38' title="bbox 693 714 867 751; baseline -0.006 -8"><span class='ocrx_word' id='word_1_45' title='bbox 693 714 846 751; x_wconf 74' lang='lat' dir='ltr'>Septembre</span> <span class='ocrx_word' id='word_1_46' title='bbox 865 715 867 717; x_wconf 44' lang='lat'>¹</span> 
     </span>
    </p>
   </div>
   <div class='ocr_carea' id='block_1_24' title="bbox 677 836 863 860">
    <p class='ocr_par' dir='ltr' id='par_1_24' title="bbox 677 836 863 860">
     <span class='ocr_line' id='line_1_39' title="bbox 677 836 863 860; baseline -0.011 0"><span class='ocrx_word' id='word_1_47' title='bbox 677 837 742 860; x_wconf 85' lang='lat' dir='ltr'>Nov.</span> <span class='ocrx_word' id='word_1_48' title='bbox 759 836 863 859; x_wconf 89' lang='lat' dir='ltr'>ineunte</span> 
     </span>
    </p>
   </div>
   <div class='ocr_carea' id='block_1_25' title="bbox 670 894 870 918">
    <p class='ocr_par' dir='ltr' id='par_1_25' title="bbox 670 894 870 918">
     <span class='ocr_line' id='line_1_40' title="bbox 670 894 870 918; baseline -0.01 0"><span class='ocrx_word' id='word_1_49' title='bbox 670 894 825 918; x_wconf 83' lang='lat' dir='ltr'>Novembris</span> <span class='ocrx_word' id='word_1_50' title='bbox 841 894 870 916; x_wconf 83' lang='grc'>29</span> 
     </span>
    </p>
   </div>
   <div class='ocr_carea' id='block_1_26' title="bbox 664 996 874 1077">
    <p class='ocr_par' dir='ltr' id='par_1_26' title="bbox 664 996 874 1077">
     <span class='ocr_line' id='line_1_41' title="bbox 664 996 874 1019; baseline -0.005 0"><span class='ocrx_word' id='word_1_51' title='bbox 664 997 728 1019; x_wconf 89' lang='lat' dir='ltr'>Nov.</span> <span class='ocrx_word' id='word_1_52' title='bbox 742 996 847 1018; x_wconf 67' lang='lat' dir='ltr'>‘Mi-Dec.</span> <span class='ocrx_word' id='word_1_53' title='bbox 861 997 874 1018; x_wconf 89' lang='grc'>3</span> 
     </span>
     <span class='ocr_line' id='line_1_42' title="bbox 673 1053 867 1077; baseline -0.01 0"><span class='ocrx_word' id='word_1_54' title='bbox 673 1053 823 1077; x_wconf 76' lang='lat' dir='ltr'><strong>Decembris</strong></span> <span class='ocrx_word' id='word_1_55' title='bbox 839 1053 867 1076; x_wconf 88' lang='grc'>13</span> 
     </span>
    </p>
   </div>
   <div class='ocr_carea' id='block_1_27' title="bbox 701 1111 835 1135">
    <p class='ocr_par' dir='ltr' id='par_1_27' title="bbox 701 1111 835 1135">
     <span class='ocr_line' id='line_1_43' title="bbox 701 1111 835 1135; baseline -0.007 0"><span class='ocrx_word' id='word_1_56' title='bbox 701 1111 835 1135; x_wconf 84' lang='lat' dir='ltr'>Oct.·Dec.</span> 
     </span>
    </p>
   </div>
   <div class='ocr_carea' id='block_1_28' title="bbox 678 1258 861 1282">
    <p class='ocr_par' dir='ltr' id='par_1_28' title="bbox 678 1258 861 1282">
     <span class='ocr_line' id='line_1_44' title="bbox 678 1258 861 1282; baseline -0.005 0"><span class='ocrx_word' id='word_1_57' title='bbox 678 1258 815 1282; x_wconf 78' lang='lat' dir='ltr'>Februarii</span> <span class='ocrx_word' id='word_1_58' title='bbox 832 1259 861 1281; x_wconf 90' lang='grc'>15</span> 
     </span>
    </p>
   </div>
   <div class='ocr_carea' id='block_1_29' title="bbox 703 1406 834 1429">
    <p class='ocr_par' dir='ltr' id='par_1_29' title="bbox 703 1406 834 1429">
     <span class='ocr_line' id='line_1_45' title="bbox 703 1406 834 1429; baseline 0 0"><span class='ocrx_word' id='word_1_59' title='bbox 703 1406 789 1429; x_wconf 87' lang='lat' dir='ltr'>Martii</span> <span class='ocrx_word' id='word_1_60' title='bbox 805 1407 834 1429; x_wconf 89' lang='grc'>16</span> 
     </span>
    </p>
   </div>
   <div class='ocr_carea' id='block_1_30' title="bbox 707 1698 834 2029">
    <p class='ocr_par' dir='ltr' id='par_1_30' title="bbox 707 1698 834 1927">
     <span class='ocr_line' id='line_1_46' title="bbox 721 1698 816 1722; baseline 0 0"><span class='ocrx_word' id='word_1_61' title='bbox 721 1698 816 1722; x_wconf 78' lang='lat' dir='ltr'>Martio</span> 
     </span>
     <span class='ocr_line' id='line_1_47' title="bbox 707 1845 834 1877; baseline -0.008 -8"><span class='ocrx_word' id='word_1_62' title='bbox 707 1845 805 1877; x_wconf 80' lang='lat' dir='ltr'><strong>Aprilis</strong></span> <span class='ocrx_word' id='word_1_63' title='bbox 820 1847 834 1868; x_wconf 87' lang='lat'><strong>6</strong></span> 
     </span>
     <span class='ocr_line' id='line_1_48' title="bbox 716 1904 822 1927; baseline -0.009 0"><span class='ocrx_word' id='word_1_64' title='bbox 716 1904 778 1927; x_wconf 84' lang='lat' dir='ltr'>Maii</span> <span class='ocrx_word' id='word_1_65' title='bbox 794 1904 822 1927; x_wconf 88' lang='grc'>17</span> 
     </span>
    </p>

    <p class='ocr_par' dir='ltr' id='par_1_31' title="bbox 730 2006 808 2029">
     <span class='ocr_line' id='line_1_49' title="bbox 730 2006 808 2029; baseline 0 0"><span class='ocrx_word' id='word_1_66' title='bbox 730 2006 808 2029; x_wconf 87' lang='lat' dir='ltr'>Junio</span> 
     </span>
    </p>
   </div>
   <div class='ocr_carea' id='block_1_31' title="bbox 691 2112 846 2206">
    <p class='ocr_par' dir='ltr' id='par_1_32' title="bbox 691 2112 846 2206">
     <span class='ocr_line' id='line_1_50' title="bbox 694 2112 842 2135; baseline 0 0"><span class='ocrx_word' id='word_1_67' title='bbox 694 2112 759 2135; x_wconf 84' lang='lat' dir='ltr'>Julii</span> <span class='ocrx_word' id='word_1_68' title='bbox 773 2113 842 2135; x_wconf 82' lang='lat'>28-31</span> 
     </span>
     <span class='ocr_line' id='line_1_51' title="bbox 691 2175 846 2206; baseline 0 -8"><span class='ocrx_word' id='word_1_69' title='bbox 691 2175 802 2206; x_wconf 77' lang='lat' dir='ltr'><strong>Augusti</strong></span> <span class='ocrx_word' id='word_1_70' title='bbox 818 2175 846 2198; x_wconf 89' lang='grc'>14</span> 
     </span>
    </p>
   </div>
   <div class='ocr_carea' id='block_1_32' title="bbox 673 2282 866 2313">
    <p class='ocr_par' dir='ltr' id='par_1_33' title="bbox 673 2282 866 2313">
     <span class='ocr_line' id='line_1_52' title="bbox 673 2282 866 2313; baseline -0.005 -8"><span class='ocrx_word' id='word_1_71' title='bbox 673 2282 836 2313; x_wconf 79' lang='lat' dir='ltr'>Septembris</span> <span class='ocrx_word' id='word_1_72' title='bbox 853 2283 866 2304; x_wconf 77' lang='lat'>2</span> 
     </span>
    </p>
   </div>
   <div class='ocr_carea' id='block_1_33' title="bbox 700 2522 844 2553">
    <p class='ocr_par' dir='ltr' id='par_1_34' title="bbox 700 2522 844 2553">
     <span class='ocr_line' id='line_1_53' title="bbox 700 2522 844 2553; baseline 0 -8"><span class='ocrx_word' id='word_1_73' title='bbox 700 2522 844 2553; x_wconf 57' lang='lat' dir='ltr'>oca-Sept.</span> 
     </span>
    </p>
   </div>
   <div class='ocr_carea' id='block_1_34' title="bbox 694 2584 847 2615">
    <p class='ocr_par' dir='ltr' id='par_1_35' title="bbox 694 2584 847 2615">
     <span class='ocr_line' id='line_1_54' title="bbox 694 2584 847 2615; baseline -0.007 -8"><span class='ocrx_word' id='word_1_74' title='bbox 694 2584 847 2615; x_wconf 80' lang='lat' dir='ltr'>Septembre</span> 
     </span>
    </p>
   </div>
   <div class='ocr_carea' id='block_1_35' title="bbox 717 2815 828 2839">
    <p class='ocr_par' dir='ltr' id='par_1_36' title="bbox 717 2815 828 2839">
     <span class='ocr_line' id='line_1_55' title="bbox 717 2815 828 2839; baseline -0.009 0"><span class='ocrx_word' id='word_1_75' title='bbox 717 2815 828 2839; x_wconf 87' lang='lat' dir='ltr'>Octobre</span> 
     </span>
    </p>
   </div>
   <div class='ocr_carea' id='block_1_36' title="bbox 904 450 2171 486">
    <p class='ocr_par' dir='ltr' id='par_1_37' title="bbox 904 450 2171 486">
     <span class='ocr_line' id='line_1_56' title="bbox 904 450 2171 486; baseline -0.004 -8"><span class='ocrx_word' id='word_1_76' title='bbox 904 454 1069 478; x_wconf 72' lang='lat' dir='ltr'>Universitas</span> <span class='ocrx_word' id='word_1_77' title='bbox 1085 458 1162 486; x_wconf 88' lang='lat' dir='ltr'>rogat</span> <span class='ocrx_word' id='word_1_78' title='bbox 1177 454 1268 477; x_wconf 89' lang='lat' dir='ltr'>ducem</span> <span class='ocrx_word' id='word_1_79' title='bbox 1286 453 1465 485; x_wconf 70' lang='lat' dir='ltr'>Bur-gundine,</span> <span class='ocrx_word' id='word_1_80' title='bbox 1478 453 1591 484; x_wconf 72' lang='lat' dir='ltr'>vutjuxta</span> <span class='ocrx_word' id='word_1_81' title='bbox 1606 460 1667 474; x_wconf 85' lang='lat' dir='ltr'>snas</span> <span class='ocrx_word' id='word_1_82' title='bbox 1682 461 1693 474; x_wconf 90' lang='grc'>((</span> <span class='ocrx_word' id='word_1_83' title='bbox 1710 451 1812 474; x_wconf 74' lang='lat' dir='ltr'>litteras</span> <span class='ocrx_word' id='word_1_84' title='bbox 1828 450 1980 474; x_wconf 77' lang='lat' dir='ltr'>abolitionis</span> <span class='ocrx_word' id='word_1_85' title='bbox 1998 460 2011 471; x_wconf 82' lang='lat'>»</span> <span class='ocrx_word' id='word_1_86' title='bbox 2032 450 2171 481; x_wconf 82' lang='lat' dir='ltr'>supposita</span> 
     </span>
    </p>
   </div>
   <div class='ocr_carea' id='block_1_37' title="bbox 933 497 2173 530">
    <p class='ocr_par' dir='ltr' id='par_1_38' title="bbox 933 497 2173 530">
     <span class='ocr_line' id='line_1_57' title="bbox 933 497 2173 530; baseline -0.003 -7"><span class='ocrx_word' id='word_1_87' title='bbox 933 499 1119 523; x_wconf 86' lang='lat' dir='ltr'>Universitatis</span> <span class='ocrx_word' id='word_1_88' title='bbox 1136 499 1161 522; x_wconf 91' lang='lat' dir='ltr'>in</span> <span class='ocrx_word' id='word_1_89' title='bbox 1175 498 1281 530; x_wconf 85' lang='lat' dir='ltr'>placida</span> <span class='ocrx_word' id='word_1_90' title='bbox 1298 498 1466 529; x_wconf 79' lang='lat' dir='ltr'>possessione</span> <span class='ocrx_word' id='word_1_91' title='bbox 1484 497 1669 520; x_wconf 84' lang='lat' dir='ltr'>beneficiorum</span> <span class='ocrx_word' id='word_1_92' title='bbox 1687 504 1734 527; x_wconf 89' lang='lat' dir='ltr'>per</span> <span class='ocrx_word' id='word_1_93' title='bbox 1751 504 1839 526; x_wconf 82' lang='lat' dir='ltr'>regem</span> <span class='ocrx_word' id='word_1_94' title='bbox 1858 498 2056 525; x_wconf 75' lang='lat' dir='ltr'>conserventur,</span> <span class='ocrx_word' id='word_1_95' title='bbox 2073 503 2104 518; x_wconf 86' lang='lat' dir='ltr'>ne</span> <span class='ocrx_word' id='word_1_96' title='bbox 2120 498 2173 519; x_wconf 84' lang='lat' dir='ltr'>stu-</span> 
     </span>
    </p>
   </div>
   <div class='ocr_carea' id='block_1_38' title="bbox 905 544 2172 863">
    <p class='ocr_par' dir='ltr' id='par_1_39' title="bbox 905 544 2172 863">
     <span class='ocr_line' id='line_1_58' title="bbox 934 544 2172 575; baseline -0.004 -8"><span class='ocrx_word' id='word_1_97' title='bbox 934 544 1007 567; x_wconf 88' lang='lat' dir='ltr'>dium</span> <span class='ocrx_word' id='word_1_98' title='bbox 1027 544 1172 575; x_wconf 81' lang='lat' dir='ltr'>dissipetur</span> <span class='ocrx_word' id='word_1_99' title='bbox 1174 556 2172 567; x_wconf 79' lang='lat'>.......................................</span> 
     </span>
     <span class='ocr_line' id='line_1_59' title="bbox 905 597 2170 632; baseline -0.002 -9"><span class='ocrx_word' id='word_1_100' title='bbox 905 612 918 623; x_wconf 73' lang='lat'>«</span> <span class='ocrx_word' id='word_1_101' title='bbox 935 601 1073 625; x_wconf 82' lang='lat' dir='ltr'>Conclusio</span> <span class='ocrx_word' id='word_1_102' title='bbox 1085 600 1230 632; x_wconf 80' lang='lat' dir='ltr'>[facultatis</span> <span class='ocrx_word' id='word_1_103' title='bbox 1246 599 1404 631; x_wconf 78' lang='lat' dir='ltr'>theologiae]</span> <span class='ocrx_word' id='word_1_104' title='bbox 1417 608 1496 630; x_wconf 88' lang='lat' dir='ltr'>super</span> <span class='ocrx_word' id='word_1_105' title='bbox 1508 599 1614 622; x_wconf 82' lang='lat' dir='ltr'>birretis</span> <span class='ocrx_word' id='word_1_106' title='bbox 1628 598 1722 622; x_wconf 88' lang='lat' dir='ltr'>dandis</span> <span class='ocrx_word' id='word_1_107' title='bbox 1738 606 1784 629; x_wconf 86' lang='lat' dir='ltr'>per</span> <span class='ocrx_word' id='word_1_108' title='bbox 1801 597 2007 628; x_wconf 68' lang='lat' dir='ltr'>magistu-andos.</span> <span class='ocrx_word' id='word_1_109' title='bbox 2028 606 2038 619; x_wconf 82' lang='grc' dir='ltr'><strong>υ</strong></span> <span class='ocrx_word' id='word_1_110' title='bbox 2059 614 2170 620; x_wconf 90' lang='grc'>.....</span> 
     </span>
     <span class='ocr_line' id='line_1_60' title="bbox 905 658 2171 688; baseline -0.003 -6"><span class='ocrx_word' id='word_1_111' title='bbox 905 660 1031 683; x_wconf 83' lang='lat' dir='ltr'>Cursores</span> <span class='ocrx_word' id='word_1_112' title='bbox 1047 659 1073 681; x_wconf 87' lang='lat' dir='ltr'>in</span> <span class='ocrx_word' id='word_1_113' title='bbox 1088 659 1212 681; x_wconf 79' lang='lat' dir='ltr'>facultate</span> <span class='ocrx_word' id='word_1_114' title='bbox 1225 658 1375 688; x_wconf 76' lang='lat' dir='ltr'>theologiae</span> <span class='ocrx_word' id='word_1_115' title='bbox 1387 672 2171 681; x_wconf 73' lang='grc'>...............................</span> 
     </span>
     <span class='ocr_line' id='line_1_61' title="bbox 905 715 2170 740; baseline -0.003 0"><span class='ocrx_word' id='word_1_116' title='bbox 905 716 1072 740; x_wconf 86' lang='lat' dir='ltr'>Sententiarii</span> <span class='ocrx_word' id='word_1_117' title='bbox 1088 719 1113 739; x_wconf 87' lang='lat' dir='ltr'>et</span> <span class='ocrx_word' id='word_1_118' title='bbox 1127 715 1221 739; x_wconf 88' lang='lat' dir='ltr'>Biblici</span> <span class='ocrx_word' id='word_1_119' title='bbox 1229 730 2170 738; x_wconf 31' lang='grc'><em>.....................................</em></span> 
     </span>
     <span class='ocr_line' id='line_1_62' title="bbox 905 772 2171 805; baseline -0.002 -8"><span class='ocrx_word' id='word_1_120' title='bbox 905 774 1025 805; x_wconf 85' lang='lat' dir='ltr'>Magistri</span> <span class='ocrx_word' id='word_1_121' title='bbox 1037 777 1158 805; x_wconf 86' lang='lat' dir='ltr'>regentes</span> <span class='ocrx_word' id='word_1_122' title='bbox 1174 773 1200 796; x_wconf 94' lang='lat' dir='ltr'>in</span> <span class='ocrx_word' id='word_1_123' title='bbox 1217 773 1342 796; x_wconf 80' lang='lat' dir='ltr'>facultate</span> <span class='ocrx_word' id='word_1_124' title='bbox 1357 772 1506 803; x_wconf 75' lang='lat' dir='ltr'>theologiae</span> <span class='ocrx_word' id='word_1_125' title='bbox 1518 788 2171 796; x_wconf 79' lang='lat'>..........................</span> 
     </span>
     <span class='ocr_line' id='line_1_63' title="bbox 905 829 2170 863; baseline -0.002 -9"><span class='ocrx_word' id='word_1_126' title='bbox 905 832 1024 863; x_wconf 82' lang='lat' dir='ltr'>Magistri</span> <span class='ocrx_word' id='word_1_127' title='bbox 1039 834 1160 862; x_wconf 82' lang='lat' dir='ltr'>regentes</span> <span class='ocrx_word' id='word_1_128' title='bbox 1175 831 1202 854; x_wconf 87' lang='lat' dir='ltr'>in</span> <span class='ocrx_word' id='word_1_129' title='bbox 1219 831 1343 854; x_wconf 78' lang='lat' dir='ltr'>facultate</span> <span class='ocrx_word' id='word_1_130' title='bbox 1360 829 1505 853; x_wconf 83' lang='lat' dir='ltr'>medicinae</span> <span class='ocrx_word' id='word_1_131' title='bbox 1518 838 1560 854; x_wconf 88' lang='lat' dir='ltr'>an.</span> <span class='ocrx_word' id='word_1_132' title='bbox 1578 830 1682 852; x_wconf 87' lang='grc'>1436-37</span> <span class='ocrx_word' id='word_1_133' title='bbox 1697 846 2170 854; x_wconf 85' lang='grc'><strong><em>...................</em></strong></span> 
     </span>
    </p>
   </div>
   <div class='ocr_carea' id='block_1_39' title="bbox 905 886 2174 920">
    <p class='ocr_par' dir='ltr' id='par_1_40' title="bbox 905 886 2174 920">
     <span class='ocr_line' id='line_1_64' title="bbox 905 886 2174 920; baseline -0.002 -8"><span class='ocrx_word' id='word_1_134' title='bbox 905 889 1068 912; x_wconf 87' lang='lat' dir='ltr'>Universitas</span> <span class='ocrx_word' id='word_1_135' title='bbox 1085 889 1186 918; x_wconf 72' lang='lat' dir='ltr'>statuit,</span> <span class='ocrx_word' id='word_1_136' title='bbox 1205 888 1275 920; x_wconf 88' lang='lat' dir='ltr'>quod</span> <span class='ocrx_word' id='word_1_137' title='bbox 1291 888 1385 911; x_wconf 87' lang='lat' dir='ltr'>amodo</span> <span class='ocrx_word' id='word_1_138' title='bbox 1398 887 1425 911; x_wconf 89' lang='lat' dir='ltr'>in</span> <span class='ocrx_word' id='word_1_139' title='bbox 1439 887 1650 910; x_wconf 80' lang='lat' dir='ltr'>solemnitatibus</span> <span class='ocrx_word' id='word_1_140' title='bbox 1662 890 1688 910; x_wconf 87' lang='lat' dir='ltr'>et</span> <span class='ocrx_word' id='word_1_141' title='bbox 1702 887 1776 910; x_wconf 85' lang='lat' dir='ltr'>festis</span> <span class='ocrx_word' id='word_1_142' title='bbox 1789 887 1836 910; x_wconf 86' lang='lat' dir='ltr'>SS.</span> <span class='ocrx_word' id='word_1_143' title='bbox 1852 887 1961 910; x_wconf 88' lang='lat' dir='ltr'>Cosmae</span> <span class='ocrx_word' id='word_1_144' title='bbox 1977 889 2003 909; x_wconf 86' lang='lat' dir='ltr'>et</span> <span class='ocrx_word' id='word_1_145' title='bbox 2015 886 2135 909; x_wconf 86' lang='lat' dir='ltr'>Damiani</span> <span class='ocrx_word' id='word_1_146' title='bbox 2149 889 2174 909; x_wconf 90' lang='lat' dir='ltr'>et</span> 
     </span>
    </p>
   </div>
   <div class='ocr_carea' id='block_1_40' title="bbox 904 933 2173 1080">
    <p class='ocr_par' dir='ltr' id='par_1_41' title="bbox 904 933 2173 1080">
     <span class='ocr_line' id='line_1_65' title="bbox 935 933 2171 970; baseline -0.002 -13"><span class='ocrx_word' id='word_1_147' title='bbox 935 934 961 957; x_wconf 90' lang='lat' dir='ltr'>S.</span> <span class='ocrx_word' id='word_1_148' title='bbox 979 933 1103 970; x_wconf 74' lang='lat' dir='ltr'>Germani</span> <span class='ocrx_word' id='word_1_149' title='bbox 1119 933 1214 956; x_wconf 81' lang='lat' dir='ltr'>veteris</span> <span class='ocrx_word' id='word_1_150' title='bbox 1226 941 1277 956; x_wconf 90' lang='lat' dir='ltr'>non</span> <span class='ocrx_word' id='word_1_151' title='bbox 1295 933 1400 963; x_wconf 83' lang='lat' dir='ltr'>legatur</span> <span class='ocrx_word' id='word_1_152' title='bbox 1419 947 2171 955; x_wconf 85' lang='grc'>..............................</span> 
     </span>
     <span class='ocr_line' id='line_1_66' title="bbox 905 989 2171 1020; baseline -0.002 -6"><span class='ocrx_word' id='word_1_153' title='bbox 905 992 1025 1015; x_wconf 88' lang='lat' dir='ltr'>Facultas</span> <span class='ocrx_word' id='word_1_154' title='bbox 1041 992 1206 1014; x_wconf 84' lang='lat' dir='ltr'>decretorum</span> <span class='ocrx_word' id='word_1_155' title='bbox 1222 990 1325 1013; x_wconf 87' lang='lat' dir='ltr'>duobus</span> <span class='ocrx_word' id='word_1_156' title='bbox 1345 990 1507 1013; x_wconf 84' lang='lat' dir='ltr'>baccalureis</span> <span class='ocrx_word' id='word_1_157' title='bbox 1521 990 1655 1012; x_wconf 89' lang='lat' dir='ltr'>licentiam</span> <span class='ocrx_word' id='word_1_158' title='bbox 1670 993 1744 1012; x_wconf 87' lang='lat' dir='ltr'>extra</span> <span class='ocrx_word' id='word_1_159' title='bbox 1758 992 1863 1020; x_wconf 84' lang='lat' dir='ltr'>tempus</span> <span class='ocrx_word' id='word_1_160' title='bbox 1880 992 2008 1012; x_wconf 86' lang='lat' dir='ltr'>statutum</span> <span class='ocrx_word' id='word_1_161' title='bbox 2021 989 2122 1011; x_wconf 86' lang='lat' dir='ltr'>confert</span> <span class='ocrx_word' id='word_1_162' title='bbox 2139 1006 2145 1011; x_wconf 83' lang='lat'><strong>.</strong></span> <span class='ocrx_word' id='word_1_163' title='bbox 2166 1006 2171 1012; x_wconf 86' lang='lat'>.</span> 
     </span>
     <span class='ocr_line' id='line_1_67' title="bbox 904 1046 2173 1080; baseline -0.002 -8"><span class='ocrx_word' id='word_1_164' title='bbox 904 1049 1068 1073; x_wconf 86' lang='lat' dir='ltr'>Universitas</span> <span class='ocrx_word' id='word_1_165' title='bbox 1082 1049 1222 1079; x_wconf 71' lang='lat' dir='ltr'>chirurgos</span> <span class='ocrx_word' id='word_1_166' title='bbox 1238 1048 1400 1080; x_wconf 83' lang='lat' dir='ltr'>approbatos</span> <span class='ocrx_word' id='word_1_167' title='bbox 1417 1051 1445 1071; x_wconf 91' lang='lat' dir='ltr'>ut</span> <span class='ocrx_word' id='word_1_168' title='bbox 1460 1048 1593 1071; x_wconf 80' lang='lat' dir='ltr'>scholares</span> <span class='ocrx_word' id='word_1_169' title='bbox 1607 1048 1709 1079; x_wconf 86' lang='lat' dir='ltr'>juratos</span> <span class='ocrx_word' id='word_1_170' title='bbox 1727 1046 1913 1071; x_wconf 85' lang='lat' dir='ltr'>Universitatis</span> <span class='ocrx_word' id='word_1_171' title='bbox 1930 1049 2034 1078; x_wconf 88' lang='lat' dir='ltr'>reputat</span> <span class='ocrx_word' id='word_1_172' title='bbox 2037 1063 2173 1071; x_wconf 86' lang='grc'><em>......</em></span> 
     </span>
    </p>
   </div>
   <div class='ocr_carea' id='block_1_41' title="bbox 904 1104 2174 1182">
    <p class='ocr_par' dir='ltr' id='par_1_42' title="bbox 904 1104 2174 1182">
     <span class='ocr_line' id='line_1_68' title="bbox 904 1104 2172 1138; baseline -0.002 -8"><span class='ocrx_word' id='word_1_173' title='bbox 904 1107 1069 1131; x_wconf 85' lang='lat' dir='ltr'>Universitas</span> <span class='ocrx_word' id='word_1_174' title='bbox 1087 1107 1143 1138; x_wconf 85' lang='lat' dir='ltr'>regi</span> <span class='ocrx_word' id='word_1_175' title='bbox 1159 1107 1252 1130; x_wconf 79' lang='lat' dir='ltr'>carolo</span> <span class='ocrx_word' id='word_1_176' title='bbox 1266 1107 1311 1130; x_wconf 87' lang='lat' dir='ltr'>Vll</span> <span class='ocrx_word' id='word_1_177' title='bbox 1328 1106 1430 1134; x_wconf 82' lang='lat' dir='ltr'>scribit,</span> <span class='ocrx_word' id='word_1_178' title='bbox 1446 1109 1475 1129; x_wconf 91' lang='lat' dir='ltr'>ut</span> <span class='ocrx_word' id='word_1_179' title='bbox 1490 1106 1608 1130; x_wconf 82' lang='lat' dir='ltr'>Gerardo</span> <span class='ocrx_word' id='word_1_180' title='bbox 1622 1105 1692 1129; x_wconf 87' lang='lat' dir='ltr'>Gehe</span> <span class='ocrx_word' id='word_1_181' title='bbox 1708 1105 1861 1134; x_wconf 74' lang='lat' dir='ltr'>Purisiensi,</span> <span class='ocrx_word' id='word_1_182' title='bbox 1878 1113 1948 1135; x_wconf 88' lang='lat' dir='ltr'>mag.</span> <span class='ocrx_word' id='word_1_183' title='bbox 1965 1107 2015 1128; x_wconf 87' lang='lat' dir='ltr'>art.</span> <span class='ocrx_word' id='word_1_184' title='bbox 2032 1107 2057 1127; x_wconf 91' lang='lat' dir='ltr'>et</span> <span class='ocrx_word' id='word_1_185' title='bbox 2071 1104 2172 1127; x_wconf 85' lang='lat' dir='ltr'>baccal.</span> 
     </span>
     <span class='ocr_line' id='line_1_69' title="bbox 935 1146 2174 1182; baseline -0.002 -7"><span class='ocrx_word' id='word_1_186' title='bbox 935 1153 1046 1175; x_wconf 85' lang='lat' dir='ltr'>formato</span> <span class='ocrx_word' id='word_1_187' title='bbox 1062 1152 1088 1174; x_wconf 93' lang='lat' dir='ltr'>in</span> <span class='ocrx_word' id='word_1_188' title='bbox 1101 1151 1192 1180; x_wconf 78' lang='lat' dir='ltr'>theoL,</span> <span class='ocrx_word' id='word_1_189' title='bbox 1210 1159 1277 1174; x_wconf 92' lang='lat' dir='ltr'>nunc</span> <span class='ocrx_word' id='word_1_190' title='bbox 1291 1151 1386 1174; x_wconf 88' lang='lat' dir='ltr'>iterum</span> <span class='ocrx_word' id='word_1_191' title='bbox 1402 1154 1479 1182; x_wconf 82' lang='lat' dir='ltr'>atque</span> <span class='ocrx_word' id='word_1_192' title='bbox 1499 1150 1606 1173; x_wconf 81' lang='lat' dir='ltr'>tertium</span> <span class='ocrx_word' id='word_1_193' title='bbox 1625 1150 1719 1173; x_wconf 83' lang='lat' dir='ltr'>rectori</span> <span class='ocrx_word' id='word_1_194' title='bbox 1733 1146 1931 1179; x_wconf 74' lang='lat' dir='ltr'>Uhiversitatis,</span> <span class='ocrx_word' id='word_1_195' title='bbox 1947 1149 2055 1180; x_wconf 81' lang='lat' dir='ltr'>aliquod</span> <span class='ocrx_word' id='word_1_196' title='bbox 2077 1148 2174 1172; x_wconf 86' lang='lat' dir='ltr'>benefi-</span> 
     </span>
    </p>
   </div>
   <div class='ocr_carea' id='block_1_42' title="bbox 933 1195 2172 1226">
    <p class='ocr_par' dir='ltr' id='par_1_43' title="bbox 933 1195 2172 1226">
     <span class='ocr_line' id='line_1_70' title="bbox 933 1195 2172 1226; baseline -0.002 -7"><span class='ocrx_word' id='word_1_197' title='bbox 933 1197 1003 1220; x_wconf 90' lang='lat' dir='ltr'>cium</span> <span class='ocrx_word' id='word_1_198' title='bbox 1017 1196 1226 1220; x_wconf 86' lang='lat' dir='ltr'>ecclesiasticum</span> <span class='ocrx_word' id='word_1_199' title='bbox 1242 1196 1282 1219; x_wconf 87' lang='lat' dir='ltr'>vel</span> <span class='ocrx_word' id='word_1_200' title='bbox 1297 1195 1453 1226; x_wconf 85' lang='lat' dir='ltr'>dignitatem</span> <span class='ocrx_word' id='word_1_201' title='bbox 1470 1196 1588 1218; x_wconf 87' lang='lat' dir='ltr'>conferat</span> <span class='ocrx_word' id='word_1_202' title='bbox 1591 1210 2172 1218; x_wconf 87' lang='grc'><em>.......................</em></span> 
     </span>
    </p>
   </div>
   <div class='ocr_carea' id='block_1_43' title="bbox 904 1251 2173 1330">
    <p class='ocr_par' dir='ltr' id='par_1_44' title="bbox 904 1251 2173 1330">
     <span class='ocr_line' id='line_1_71' title="bbox 904 1251 2173 1285; baseline -0.003 -7"><span class='ocrx_word' id='word_1_203' title='bbox 904 1254 1031 1278; x_wconf 78' lang='lat' dir='ltr'>Hem-icus</span> <span class='ocrx_word' id='word_1_204' title='bbox 1047 1254 1088 1283; x_wconf 88' lang='lat' dir='ltr'>Vl,</span> <span class='ocrx_word' id='word_1_205' title='bbox 1106 1254 1233 1277; x_wconf 85' lang='lat' dir='ltr'>Franciae</span> <span class='ocrx_word' id='word_1_206' title='bbox 1248 1257 1273 1277; x_wconf 86' lang='lat' dir='ltr'>et</span> <span class='ocrx_word' id='word_1_207' title='bbox 1288 1254 1397 1285; x_wconf 75' lang='lat' dir='ltr'>Angliae</span> <span class='ocrx_word' id='word_1_208' title='bbox 1413 1261 1467 1283; x_wconf 77' lang='lat' dir='ltr'>rex,</span> <span class='ocrx_word' id='word_1_209' title='bbox 1483 1253 1578 1276; x_wconf 86' lang='lat' dir='ltr'>studiis</span> <span class='ocrx_word' id='word_1_210' title='bbox 1594 1253 1743 1283; x_wconf 83' lang='lat' dir='ltr'>theologiae</span> <span class='ocrx_word' id='word_1_211' title='bbox 1758 1255 1784 1275; x_wconf 90' lang='lat' dir='ltr'>et</span> <span class='ocrx_word' id='word_1_212' title='bbox 1808 1252 1904 1275; x_wconf 84' lang='lat' dir='ltr'>artium</span> <span class='ocrx_word' id='word_1_213' title='bbox 1920 1252 1946 1275; x_wconf 88' lang='lat' dir='ltr'>in</span> <span class='ocrx_word' id='word_1_214' title='bbox 1962 1251 2067 1275; x_wconf 87' lang='lat' dir='ltr'>civitate</span> <span class='ocrx_word' id='word_1_215' title='bbox 2088 1251 2173 1274; x_wconf 88' lang='lat' dir='ltr'>Cado-</span> 
     </span>
     <span class='ocr_line' id='line_1_72' title="bbox 934 1296 2173 1330; baseline -0.003 -8"><span class='ocrx_word' id='word_1_216' title='bbox 934 1299 1019 1322; x_wconf 84' lang='lat' dir='ltr'>mensi</span> <span class='ocrx_word' id='word_1_217' title='bbox 1033 1299 1123 1322; x_wconf 83' lang='lat' dir='ltr'>eadem</span> <span class='ocrx_word' id='word_1_218' title='bbox 1138 1299 1281 1330; x_wconf 84' lang='lat' dir='ltr'>privilegia</span> <span class='ocrx_word' id='word_1_219' title='bbox 1296 1298 1426 1329; x_wconf 85' lang='lat' dir='ltr'>quaejam</span> <span class='ocrx_word' id='word_1_220' title='bbox 1444 1297 1615 1321; x_wconf 83' lang='lat' dir='ltr'>facultatibus</span> <span class='ocrx_word' id='word_1_221' title='bbox 1626 1297 1694 1328; x_wconf 80' lang='lat' dir='ltr'>juris</span> <span class='ocrx_word' id='word_1_222' title='bbox 1709 1297 1828 1320; x_wconf 87' lang='lat' dir='ltr'>canonici</span> <span class='ocrx_word' id='word_1_223' title='bbox 1842 1300 1867 1320; x_wconf 89' lang='lat' dir='ltr'>et</span> <span class='ocrx_word' id='word_1_224' title='bbox 1884 1296 1970 1319; x_wconf 84' lang='lat' dir='ltr'>civilis</span> <span class='ocrx_word' id='word_1_225' title='bbox 1984 1304 2027 1319; x_wconf 90' lang='lat' dir='ltr'>an.</span> <span class='ocrx_word' id='word_1_226' title='bbox 2043 1296 2103 1319; x_wconf 70' lang='lat'>1432</span> <span class='ocrx_word' id='word_1_227' title='bbox 2115 1304 2173 1319; x_wconf 87' lang='lat' dir='ltr'>con-</span> 
     </span>
    </p>
   </div>
   <div class='ocr_carea' id='block_1_44' title="bbox 934 1344 2172 1374">
    <p class='ocr_par' dir='ltr' id='par_1_45' title="bbox 934 1344 2172 1374">
     <span class='ocr_line' id='line_1_73' title="bbox 934 1344 2172 1374; baseline -0.002 -7"><span class='ocrx_word' id='word_1_228' title='bbox 934 1347 1059 1374; x_wconf 80' lang='lat' dir='ltr'>cesserat,</span> <span class='ocrx_word' id='word_1_229' title='bbox 1073 1344 1168 1371; x_wconf 84' lang='lat' dir='ltr'>tribuit</span> <span class='ocrx_word' id='word_1_230' title='bbox 1174 1358 2172 1367; x_wconf 39' lang='lat'>......................................</span> 
     </span>
    </p>
   </div>
   <div class='ocr_carea' id='block_1_45' title="bbox 903 1398 2175 1519">
    <p class='ocr_par' dir='ltr' id='par_1_46' title="bbox 903 1398 2175 1519">
     <span class='ocr_line' id='line_1_74' title="bbox 903 1398 2172 1432; baseline -0.002 -8"><span class='ocrx_word' id='word_1_231' title='bbox 903 1401 1013 1425; x_wconf 84' lang='lat' dir='ltr'>Carolus</span> <span class='ocrx_word' id='word_1_232' title='bbox 1041 1402 1087 1424; x_wconf 81' lang='lat' dir='ltr'>vn</span> <span class='ocrx_word' id='word_1_233' title='bbox 1109 1401 1292 1432; x_wconf 86' lang='lat' dir='ltr'>praepositum</span> <span class='ocrx_word' id='word_1_234' title='bbox 1317 1401 1401 1424; x_wconf 84' lang='lat' dir='ltr'>Paris.</span> <span class='ocrx_word' id='word_1_235' title='bbox 1425 1403 1595 1431; x_wconf 84' lang='lat' dir='ltr'>caeterosque</span> <span class='ocrx_word' id='word_1_236' title='bbox 1615 1399 1776 1431; x_wconf 73' lang='lat' dir='ltr'>justitiarios</span> <span class='ocrx_word' id='word_1_237' title='bbox 1800 1399 1924 1422; x_wconf 86' lang='lat' dir='ltr'>certiores</span> <span class='ocrx_word' id='word_1_238' title='bbox 1942 1399 2004 1422; x_wconf 89' lang='lat' dir='ltr'>facit</span> <span class='ocrx_word' id='word_1_239' title='bbox 2030 1398 2100 1430; x_wconf 89' lang='lat' dir='ltr'>quod</span> <span class='ocrx_word' id='word_1_240' title='bbox 2122 1406 2172 1421; x_wconf 90' lang='lat' dir='ltr'>non</span> 
     </span>
     <span class='ocr_line' id='line_1_75' title="bbox 934 1443 2175 1476; baseline -0.002 -7"><span class='ocrx_word' id='word_1_241' title='bbox 934 1446 1055 1469; x_wconf 84' lang='lat' dir='ltr'>obstante</span> <span class='ocrx_word' id='word_1_242' title='bbox 1070 1446 1155 1469; x_wconf 85' lang='lat' dir='ltr'>edicto</span> <span class='ocrx_word' id='word_1_243' title='bbox 1178 1446 1207 1468; x_wconf 83' lang='lat'>22</span> <span class='ocrx_word' id='word_1_244' title='bbox 1221 1445 1358 1469; x_wconf 78' lang='lat' dir='ltr'>Februarii</span> <span class='ocrx_word' id='word_1_245' title='bbox 1374 1444 1496 1476; x_wconf 81' lang='lat' dir='ltr'>magistri</span> <span class='ocrx_word' id='word_1_246' title='bbox 1513 1447 1644 1475; x_wconf 82' lang='lat' dir='ltr'>regentes,</span> <span class='ocrx_word' id='word_1_247' title='bbox 1660 1444 1809 1475; x_wconf 85' lang='lat' dir='ltr'>paedagogi</span> <span class='ocrx_word' id='word_1_248' title='bbox 1831 1447 1857 1467; x_wconf 90' lang='lat' dir='ltr'>et</span> <span class='ocrx_word' id='word_1_249' title='bbox 1872 1443 1927 1467; x_wconf 88' lang='lat' dir='ltr'>veri</span> <span class='ocrx_word' id='word_1_250' title='bbox 1952 1443 2096 1473; x_wconf 78' lang='lat' dir='ltr'>scholares,</span> <span class='ocrx_word' id='word_1_251' title='bbox 2119 1443 2175 1466; x_wconf 82' lang='lat' dir='ltr'>offl—</span> 
     </span>
     <span class='ocr_line' id='line_1_76' title="bbox 934 1487 2173 1519; baseline -0.003 -5"><span class='ocrx_word' id='word_1_252' title='bbox 934 1491 1009 1514; x_wconf 81' lang='lat' dir='ltr'>ciarii</span> <span class='ocrx_word' id='word_1_253' title='bbox 1021 1494 1046 1514; x_wconf 90' lang='lat' dir='ltr'>et</span> <span class='ocrx_word' id='word_1_254' title='bbox 1059 1490 1154 1513; x_wconf 89' lang='lat' dir='ltr'>bedelli</span> <span class='ocrx_word' id='word_1_255' title='bbox 1170 1490 1325 1513; x_wconf 85' lang='lat' dir='ltr'>facultatum</span> <span class='ocrx_word' id='word_1_256' title='bbox 1339 1493 1364 1512; x_wconf 86' lang='lat' dir='ltr'>et</span> <span class='ocrx_word' id='word_1_257' title='bbox 1374 1489 1510 1512; x_wconf 90' lang='lat' dir='ltr'>nationum</span> <span class='ocrx_word' id='word_1_258' title='bbox 1523 1488 1640 1518; x_wconf 87' lang='lat' dir='ltr'>(minime</span> <span class='ocrx_word' id='word_1_259' title='bbox 1655 1492 1743 1511; x_wconf 86' lang='lat' dir='ltr'>tamen</span> <span class='ocrx_word' id='word_1_260' title='bbox 1755 1488 1800 1519; x_wconf 94' lang='lat' dir='ltr'>qui</span> <span class='ocrx_word' id='word_1_261' title='bbox 1811 1496 1862 1511; x_wconf 92' lang='lat' dir='ltr'>non</span> <span class='ocrx_word' id='word_1_262' title='bbox 1875 1496 1956 1511; x_wconf 85' lang='lat' dir='ltr'>causa</span> <span class='ocrx_word' id='word_1_263' title='bbox 1971 1487 2052 1511; x_wconf 85' lang='lat' dir='ltr'>studii</span> <span class='ocrx_word' id='word_1_264' title='bbox 2063 1487 2173 1511; x_wconf 86' lang='lat' dir='ltr'>Parisiis</span> 
     </span>
    </p>
   </div>
   <div class='ocr_carea' id='block_1_46' title="bbox 934 1527 2172 1566">
    <p class='ocr_par' dir='ltr' id='par_1_47' title="bbox 934 1527 2172 1566">
     <span class='ocr_line' id='line_1_77' title="bbox 934 1527 2172 1566; baseline -0.002 -8"><span class='ocrx_word' id='word_1_265' title='bbox 934 1535 1141 1566; x_wconf 81' lang='lat' dir='ltr'>commorantur)</span> <span class='ocrx_word' id='word_1_266' title='bbox 1156 1535 1209 1558; x_wconf 80' lang='lat' dir='ltr'>sint</span> <span class='ocrx_word' id='word_1_267' title='bbox 1224 1535 1355 1558; x_wconf 90' lang='lat' dir='ltr'>immunes</span> <span class='ocrx_word' id='word_1_268' title='bbox 1370 1534 1551 1563; x_wconf 88' lang='lat' dir='ltr'>excubiarum,</span> <span class='ocrx_word' id='word_1_269' title='bbox 1569 1533 1641 1565; x_wconf 86' lang='lat' dir='ltr'>gueti</span> <span class='ocrx_word' id='word_1_270' title='bbox 1656 1537 1682 1556; x_wconf 88' lang='lat' dir='ltr'>et</span> <span class='ocrx_word' id='word_1_271' title='bbox 1695 1533 1830 1556; x_wconf 79' lang='lat' dir='ltr'>custodiae</span> <span class='ocrx_word' id='word_1_272' title='bbox 1845 1527 1983 1564; x_wconf 78' lang='lat' dir='ltr'>portarum</span> <span class='ocrx_word' id='word_1_273' title='bbox 1986 1549 2172 1556; x_wconf 85' lang='grc'><strong>........</strong></span> 
     </span>
    </p>
   </div>
   <div class='ocr_carea' id='block_1_47' title="bbox 904 1590 2172 1622">
    <p class='ocr_par' dir='ltr' id='par_1_48' title="bbox 904 1590 2172 1622">
     <span class='ocr_line' id='line_1_78' title="bbox 904 1590 2172 1622; baseline -0.002 -6"><span class='ocrx_word' id='word_1_274' title='bbox 904 1594 1031 1617; x_wconf 84' lang='lat' dir='ltr'>Martinus</span> <span class='ocrx_word' id='word_1_275' title='bbox 1053 1593 1110 1616; x_wconf 89' lang='lat' dir='ltr'>Cati</span> <span class='ocrx_word' id='word_1_276' title='bbox 1134 1592 1276 1616; x_wconf 84' lang='lat' dir='ltr'>canonicus</span> <span class='ocrx_word' id='word_1_277' title='bbox 1301 1593 1329 1617; x_wconf 89' lang='lat' dir='ltr'>S.</span> <span class='ocrx_word' id='word_1_278' title='bbox 1351 1592 1500 1616; x_wconf 82' lang='lat' dir='ltr'>Genovefae</span> <span class='ocrx_word' id='word_1_279' title='bbox 1522 1591 1640 1622; x_wconf 86' lang='lat' dir='ltr'>Eugenio</span> <span class='ocrx_word' id='word_1_280' title='bbox 1663 1591 1695 1614; x_wconf 77' lang='lat' dir='ltr'>lv</span> <span class='ocrx_word' id='word_1_281' title='bbox 1715 1590 1857 1622; x_wconf 84' lang='lat' dir='ltr'>supplicat,</span> <span class='ocrx_word' id='word_1_282' title='bbox 1878 1594 1907 1614; x_wconf 91' lang='lat' dir='ltr'>ut</span> <span class='ocrx_word' id='word_1_283' title='bbox 1931 1591 1958 1614; x_wconf 92' lang='lat' dir='ltr'>in</span> <span class='ocrx_word' id='word_1_284' title='bbox 1985 1590 2172 1614; x_wconf 86' lang='lat' dir='ltr'>cancellarium</span> 
     </span>
    </p>
   </div>
   <div class='ocr_carea' id='block_1_48' title="bbox 934 1635 2172 1669">
    <p class='ocr_par' dir='ltr' id='par_1_49' title="bbox 934 1635 2172 1669">
     <span class='ocr_line' id='line_1_79' title="bbox 934 1635 2172 1669; baseline -0.002 -8"><span class='ocrx_word' id='word_1_285' title='bbox 934 1639 961 1661; x_wconf 92' lang='lat' dir='ltr'>S.</span> <span class='ocrx_word' id='word_1_286' title='bbox 976 1638 1122 1662; x_wconf 85' lang='lat' dir='ltr'>Genovefue</span> <span class='ocrx_word' id='word_1_287' title='bbox 1135 1637 1192 1669; x_wconf 85' lang='lat' dir='ltr'>ipse</span> <span class='ocrx_word' id='word_1_288' title='bbox 1207 1637 1386 1665; x_wconf 74' lang='lat' dir='ltr'>confirmetur,</span> <span class='ocrx_word' id='word_1_289' title='bbox 1403 1636 1524 1668; x_wconf 87' lang='lat' dir='ltr'>quamvis</span> <span class='ocrx_word' id='word_1_290' title='bbox 1540 1644 1591 1659; x_wconf 89' lang='lat' dir='ltr'>non</span> <span class='ocrx_word' id='word_1_291' title='bbox 1606 1636 1640 1659; x_wconf 90' lang='lat' dir='ltr'>sit</span> <span class='ocrx_word' id='word_1_292' title='bbox 1655 1635 1783 1667; x_wconf 81' lang='lat' dir='ltr'>magister</span> <span class='ocrx_word' id='word_1_293' title='bbox 1795 1636 1892 1658; x_wconf 90' lang='lat' dir='ltr'>artium</span> <span class='ocrx_word' id='word_1_294' title='bbox 1906 1652 2172 1659; x_wconf 90' lang='grc'>...........</span> 
     </span>
    </p>
   </div>
   <div class='ocr_carea' id='block_1_49' title="bbox 904 1693 2175 1772">
    <p class='ocr_par' dir='ltr' id='par_1_50' title="bbox 904 1693 2175 1772">
     <span class='ocr_line' id='line_1_80' title="bbox 904 1693 2173 1725; baseline -0.003 -5"><span class='ocrx_word' id='word_1_295' title='bbox 904 1696 968 1720; x_wconf 87' lang='lat' dir='ltr'>Cum</span> <span class='ocrx_word' id='word_1_296' title='bbox 990 1695 1155 1720; x_wconf 81' lang='lat' dir='ltr'>Universitas</span> <span class='ocrx_word' id='word_1_297' title='bbox 1170 1695 1331 1719; x_wconf 84' lang='lat' dir='ltr'>cessationes</span> <span class='ocrx_word' id='word_1_298' title='bbox 1353 1694 1512 1719; x_wconf 83' lang='lat' dir='ltr'>cancellario</span> <span class='ocrx_word' id='word_1_299' title='bbox 1537 1694 1663 1718; x_wconf 77' lang='lat' dir='ltr'>Francius</span> <span class='ocrx_word' id='word_1_300' title='bbox 1689 1694 1844 1722; x_wconf 85' lang='lat' dir='ltr'>minaretur,</span> <span class='ocrx_word' id='word_1_301' title='bbox 1864 1693 1886 1716; x_wconf 90' lang='lat' dir='ltr'>is</span> <span class='ocrx_word' id='word_1_302' title='bbox 1911 1693 2051 1725; x_wconf 87' lang='lat' dir='ltr'>quemdam</span> <span class='ocrx_word' id='word_1_303' title='bbox 2078 1693 2173 1716; x_wconf 88' lang='lat' dir='ltr'>laicum</span> 
     </span>
     <span class='ocr_line' id='line_1_81' title="bbox 933 1737 2175 1772; baseline -0.002 -9"><span class='ocrx_word' id='word_1_304' title='bbox 933 1744 1026 1764; x_wconf 89' lang='lat' dir='ltr'>contra</span> <span class='ocrx_word' id='word_1_305' title='bbox 1040 1740 1181 1772; x_wconf 81' lang='lat' dir='ltr'>quemdam</span> <span class='ocrx_word' id='word_1_306' title='bbox 1196 1740 1344 1763; x_wconf 82' lang='lat' dir='ltr'>scholarem</span> <span class='ocrx_word' id='word_1_307' title='bbox 1361 1739 1508 1770; x_wconf 85' lang='lat' dir='ltr'>litigantem</span> <span class='ocrx_word' id='word_1_308' title='bbox 1531 1747 1684 1770; x_wconf 86' lang='lat' dir='ltr'>comparere</span> <span class='ocrx_word' id='word_1_309' title='bbox 1707 1746 1796 1761; x_wconf 84' lang='lat' dir='ltr'>coram</span> <span class='ocrx_word' id='word_1_310' title='bbox 1812 1741 1997 1761; x_wconf 78' lang='lat' dir='ltr'>conservatore</span> <span class='ocrx_word' id='word_1_311' title='bbox 2022 1737 2175 1769; x_wconf 78' lang='lat' dir='ltr'>privilegio-</span> 
     </span>
    </p>
   </div>
   <div class='ocr_carea' id='block_1_50' title="bbox 903 1785 2173 1872">
    <p class='ocr_par' dir='ltr' id='par_1_51' title="bbox 903 1785 2173 1872">
     <span class='ocr_line' id='line_1_82' title="bbox 932 1785 2173 1816; baseline -0.002 -7"><span class='ocrx_word' id='word_1_312' title='bbox 932 1794 990 1809; x_wconf 82' lang='lat' dir='ltr'>rum</span> <span class='ocrx_word' id='word_1_313' title='bbox 1003 1785 1074 1816; x_wconf 86' lang='lat' dir='ltr'>cogit</span> <span class='ocrx_word' id='word_1_314' title='bbox 1077 1799 2173 1809; x_wconf 78' lang='grc'><em>...........................................</em></span> 
     </span>
     <span class='ocr_line' id='line_1_83' title="bbox 903 1840 2173 1872; baseline -0.001 -6"><span class='ocrx_word' id='word_1_315' title='bbox 903 1843 1007 1867; x_wconf 78' lang='lat' dir='ltr'>Gradus</span> <span class='ocrx_word' id='word_1_316' title='bbox 1023 1843 1221 1865; x_wconf 86' lang='lat' dir='ltr'>baccalareatus</span> <span class='ocrx_word' id='word_1_317' title='bbox 1237 1842 1263 1865; x_wconf 91' lang='lat' dir='ltr'>in</span> <span class='ocrx_word' id='word_1_318' title='bbox 1279 1841 1409 1865; x_wconf 87' lang='lat' dir='ltr'>medicina</span> <span class='ocrx_word' id='word_1_319' title='bbox 1422 1841 1455 1864; x_wconf 92' lang='lat' dir='ltr'>ab</span> <span class='ocrx_word' id='word_1_320' title='bbox 1471 1841 1649 1864; x_wconf 81' lang='lat' dir='ltr'>Universitate</span> <span class='ocrx_word' id='word_1_321' title='bbox 1664 1844 1693 1864; x_wconf 92' lang='lat' dir='ltr'>ut</span> <span class='ocrx_word' id='word_1_322' title='bbox 1707 1840 1807 1871; x_wconf 83' lang='lat' dir='ltr'>gradus</span> <span class='ocrx_word' id='word_1_323' title='bbox 1823 1840 2021 1872; x_wconf 83' lang='lat' dir='ltr'>recognoscitur</span> <span class='ocrx_word' id='word_1_324' title='bbox 2038 1857 2148 1864; x_wconf 88' lang='grc'><em>.....</em></span> <span class='ocrx_word' id='word_1_325' title='bbox 2155 1859 2173 1867; x_wconf 90' lang='grc'>,.</span> 
     </span>
    </p>
   </div>
   <div class='ocr_carea' id='block_1_51' title="bbox 905 1898 2175 1975">
    <p class='ocr_par' dir='ltr' id='par_1_52' title="bbox 905 1898 2175 1975">
     <span class='ocr_line' id='line_1_84' title="bbox 905 1898 2175 1931; baseline -0.002 -7"><span class='ocrx_word' id='word_1_326' title='bbox 905 1902 996 1924; x_wconf 79' lang='lat' dir='ltr'>Rector</span> <span class='ocrx_word' id='word_1_327' title='bbox 1009 1900 1197 1924; x_wconf 81' lang='lat' dir='ltr'>Universitatis</span> <span class='ocrx_word' id='word_1_328' title='bbox 1214 1908 1274 1923; x_wconf 87' lang='lat' dir='ltr'>cum</span> <span class='ocrx_word' id='word_1_329' title='bbox 1293 1899 1416 1931; x_wconf 89' lang='lat' dir='ltr'>pluribus</span> <span class='ocrx_word' id='word_1_330' title='bbox 1438 1899 1625 1922; x_wconf 87' lang='lat' dir='ltr'>Universitatis</span> <span class='ocrx_word' id='word_1_331' title='bbox 1641 1901 1777 1930; x_wconf 77' lang='lat' dir='ltr'>comparet</span> <span class='ocrx_word' id='word_1_332' title='bbox 1794 1898 1821 1922; x_wconf 89' lang='lat' dir='ltr'>in</span> <span class='ocrx_word' id='word_1_333' title='bbox 1837 1898 1959 1930; x_wconf 81' lang='lat' dir='ltr'>Capituln</span> <span class='ocrx_word' id='word_1_334' title='bbox 1974 1898 2069 1928; x_wconf 63' lang='lat' dir='ltr'>Paris„</span> <span class='ocrx_word' id='word_1_335' title='bbox 2089 1898 2175 1930; x_wconf 85' lang='lat' dir='ltr'>requi-</span> 
     </span>
     <span class='ocr_line' id='line_1_85' title="bbox 934 1943 2173 1975; baseline -0.002 -7"><span class='ocrx_word' id='word_1_336' title='bbox 934 1954 994 1968; x_wconf 87' lang='lat' dir='ltr'>rens</span> <span class='ocrx_word' id='word_1_337' title='bbox 1009 1949 1037 1968; x_wconf 90' lang='lat' dir='ltr'>ut</span> <span class='ocrx_word' id='word_1_338' title='bbox 1051 1953 1122 1975; x_wconf 76' lang='lat' dir='ltr'>mag.</span> <span class='ocrx_word' id='word_1_339' title='bbox 1138 1945 1230 1968; x_wconf 86' lang='lat' dir='ltr'>Petrus</span> <span class='ocrx_word' id='word_1_340' title='bbox 1246 1944 1374 1975; x_wconf 88' lang='lat' dir='ltr'>Maugier,</span> <span class='ocrx_word' id='word_1_341' title='bbox 1390 1943 1566 1975; x_wconf 84' lang='lat' dir='ltr'>prisionarius</span> <span class='ocrx_word' id='word_1_342' title='bbox 1582 1943 1708 1974; x_wconf 83' lang='lat' dir='ltr'>Capituli,</span> <span class='ocrx_word' id='word_1_343' title='bbox 1724 1943 1851 1966; x_wconf 86' lang='lat' dir='ltr'>liberetur</span> <span class='ocrx_word' id='word_1_344' title='bbox 1854 1960 2147 1967; x_wconf 88' lang='grc'><strong><em>............</em></strong></span> <span class='ocrx_word' id='word_1_345' title='bbox 2155 1960 2173 1970; x_wconf 89' lang='grc'>,.</span> 
     </span>
    </p>
   </div>
   <div class='ocr_carea' id='block_1_52' title="bbox 904 2000 2174 2033">
    <p class='ocr_par' dir='ltr' id='par_1_53' title="bbox 904 2000 2174 2033">
     <span class='ocr_line' id='line_1_86' title="bbox 904 2000 2174 2033; baseline -0.002 -7"><span class='ocrx_word' id='word_1_346' title='bbox 904 2003 1115 2027; x_wconf 83' lang='lat' dir='ltr'>Ambassiatores</span> <span class='ocrx_word' id='word_1_347' title='bbox 1129 2003 1161 2026; x_wconf 91' lang='lat' dir='ltr'>ad</span> <span class='ocrx_word' id='word_1_348' title='bbox 1175 2002 1291 2026; x_wconf 88' lang='lat' dir='ltr'>rotulum</span> <span class='ocrx_word' id='word_1_349' title='bbox 1308 2002 1454 2026; x_wconf 87' lang='lat' dir='ltr'>secundum</span> <span class='ocrx_word' id='word_1_350' title='bbox 1474 2001 1633 2033; x_wconf 88' lang='lat' dir='ltr'>portandum</span> <span class='ocrx_word' id='word_1_351' title='bbox 1656 2001 1774 2032; x_wconf 87' lang='lat' dir='ltr'>Eugenio</span> <span class='ocrx_word' id='word_1_352' title='bbox 1789 2001 1822 2024; x_wconf 90' lang='lat' dir='ltr'>1v</span> <span class='ocrx_word' id='word_1_353' title='bbox 1836 2009 1922 2032; x_wconf 84' lang='lat' dir='ltr'>papae</span> <span class='ocrx_word' id='word_1_354' title='bbox 1947 2001 1980 2024; x_wconf 85' lang='lat' dir='ltr'>ab</span> <span class='ocrx_word' id='word_1_355' title='bbox 1995 2000 2174 2024; x_wconf 81' lang='lat' dir='ltr'>Universitate</span> 
     </span>
    </p>
   </div>
   <div class='ocr_carea' id='block_1_53' title="bbox 904 2048 2173 2142">
    <p class='ocr_par' dir='ltr' id='par_1_54' title="bbox 904 2048 2173 2142">
     <span class='ocr_line' id='line_1_87' title="bbox 933 2048 2173 2079; baseline -0.002 -8"><span class='ocrx_word' id='word_1_356' title='bbox 933 2048 1068 2079; x_wconf 86' lang='lat' dir='ltr'>cliguntur</span> <span class='ocrx_word' id='word_1_357' title='bbox 1076 2062 2173 2072; x_wconf 85' lang='grc'>...........................................</span> 
     </span>
     <span class='ocr_line' id='line_1_88' title="bbox 904 2107 2172 2142; baseline -0.002 -9"><span class='ocrx_word' id='word_1_358' title='bbox 904 2111 974 2142; x_wconf 77' lang='lat' dir='ltr'>Mag,</span> <span class='ocrx_word' id='word_1_359' title='bbox 989 2110 1122 2133; x_wconf 87' lang='lat' dir='ltr'>Johannes</span> <span class='ocrx_word' id='word_1_360' title='bbox 1134 2109 1254 2133; x_wconf 77' lang='lat' dir='ltr'>Chuffart</span> <span class='ocrx_word' id='word_1_361' title='bbox 1267 2109 1365 2141; x_wconf 86' lang='lat' dir='ltr'>aliique</span> <span class='ocrx_word' id='word_1_362' title='bbox 1378 2109 1404 2132; x_wconf 90' lang='lat' dir='ltr'>in</span> <span class='ocrx_word' id='word_1_363' title='bbox 1424 2109 1548 2132; x_wconf 83' lang='lat' dir='ltr'>facultate</span> <span class='ocrx_word' id='word_1_364' title='bbox 1563 2109 1660 2132; x_wconf 83' lang='lat' dir='ltr'>decret.</span> <span class='ocrx_word' id='word_1_365' title='bbox 1678 2107 1836 2139; x_wconf 81' lang='lat' dir='ltr'>vesperizati</span> <span class='ocrx_word' id='word_1_366' title='bbox 1851 2111 1877 2131; x_wconf 89' lang='lat' dir='ltr'>et</span> <span class='ocrx_word' id='word_1_367' title='bbox 1889 2107 2044 2131; x_wconf 83' lang='lat' dir='ltr'>doctorizati</span> <span class='ocrx_word' id='word_1_368' title='bbox 2062 2125 2172 2131; x_wconf 91' lang='grc'><em>.....</em></span> 
     </span>
    </p>
   </div>
   <div class='ocr_carea' id='block_1_54' title="bbox 905 2162 2175 2202">
    <p class='ocr_par' dir='ltr' id='par_1_55' title="bbox 905 2162 2175 2202">
     <span class='ocr_line' id='line_1_89' title="bbox 905 2162 2175 2202; baseline -0.002 -6"><span class='ocrx_word' id='word_1_369' title='bbox 905 2174 1026 2196; x_wconf 77' lang='lat' dir='ltr'>Facultns</span> <span class='ocrx_word' id='word_1_370' title='bbox 1038 2162 1202 2195; x_wconf 83' lang='lat' dir='ltr'>decretorum</span> <span class='ocrx_word' id='word_1_371' title='bbox 1218 2172 1250 2195; x_wconf 89' lang='lat' dir='ltr'>de</span> <span class='ocrx_word' id='word_1_372' title='bbox 1264 2171 1361 2194; x_wconf 86' lang='lat' dir='ltr'>vestitu</span> <span class='ocrx_word' id='word_1_373' title='bbox 1374 2171 1562 2202; x_wconf 83' lang='lat' dir='ltr'>magistrorum</span> <span class='ocrx_word' id='word_1_374' title='bbox 1579 2170 1726 2202; x_wconf 87' lang='lat' dir='ltr'>regentium</span> <span class='ocrx_word' id='word_1_375' title='bbox 1739 2170 1992 2202; x_wconf 87' lang='lat' dir='ltr'>congregationibus</span> <span class='ocrx_word' id='word_1_376' title='bbox 2013 2170 2175 2194; x_wconf 81' lang='lat' dir='ltr'>Universita-</span> 
     </span>
    </p>
   </div>
   <div class='ocr_carea' id='block_1_55' title="bbox 935 2217 2173 2241">
    <p class='ocr_par' dir='ltr' id='par_1_56' title="bbox 935 2217 2173 2241">
     <span class='ocr_line' id='line_1_90' title="bbox 935 2217 2173 2241; baseline -0.002 -1"><span class='ocrx_word' id='word_1_377' title='bbox 935 2218 968 2241; x_wconf 83' lang='lat' dir='ltr'>tis</span> <span class='ocrx_word' id='word_1_378' title='bbox 982 2217 1167 2240; x_wconf 87' lang='lat' dir='ltr'>adsistentium</span> <span class='ocrx_word' id='word_1_379' title='bbox 1180 2232 2147 2240; x_wconf 82' lang='grc'><em>......................................</em></span> <span class='ocrx_word' id='word_1_380' title='bbox 2155 2238 2156 2241; x_wconf 68' lang='grc'>,</span> <span class='ocrx_word' id='word_1_381' title='bbox 2167 2233 2173 2239; x_wconf 91' lang='grc'>.</span> 
     </span>
    </p>
   </div>
   <div class='ocr_carea' id='block_1_56' title="bbox 905 2277 2175 2444">
    <p class='ocr_par' dir='ltr' id='par_1_57' title="bbox 905 2277 2175 2444">
     <span class='ocr_line' id='line_1_91' title="bbox 905 2277 2175 2310; baseline -0.002 -7"><span class='ocrx_word' id='word_1_382' title='bbox 905 2281 1015 2304; x_wconf 83' lang='lat' dir='ltr'>Carolus</span> <span class='ocrx_word' id='word_1_383' title='bbox 1034 2280 1079 2303; x_wconf 85' lang='lat' dir='ltr'>Vll</span> <span class='ocrx_word' id='word_1_384' title='bbox 1103 2278 1294 2302; x_wconf 86' lang='lat' dir='ltr'>commissariis</span> <span class='ocrx_word' id='word_1_385' title='bbox 1310 2278 1444 2310; x_wconf 83' lang='lat' dir='ltr'>deputatis</span> <span class='ocrx_word' id='word_1_386' title='bbox 1460 2278 1492 2301; x_wconf 89' lang='lat' dir='ltr'>ad</span> <span class='ocrx_word' id='word_1_387' title='bbox 1509 2278 1693 2309; x_wconf 83' lang='lat' dir='ltr'>impositiones</span> <span class='ocrx_word' id='word_1_388' title='bbox 1725 2277 1894 2308; x_wconf 81' lang='lat' dir='ltr'>accipiendas</span> <span class='ocrx_word' id='word_1_389' title='bbox 1915 2281 1944 2300; x_wconf 88' lang='lat' dir='ltr'>ut</span> <span class='ocrx_word' id='word_1_390' title='bbox 1966 2277 2060 2301; x_wconf 84' lang='lat' dir='ltr'>civitas</span> <span class='ocrx_word' id='word_1_391' title='bbox 2082 2278 2175 2301; x_wconf 85' lang='lat' dir='ltr'>castel-</span> 
     </span>
     <span class='ocr_line' id='line_1_92' title="bbox 935 2322 2174 2356; baseline -0.002 -9"><span class='ocrx_word' id='word_1_392' title='bbox 935 2325 1042 2356; x_wconf 89' lang='lat' dir='ltr'>lumque</span> <span class='ocrx_word' id='word_1_393' title='bbox 1059 2334 1072 2345; x_wconf 90' lang='lat'>«</span> <span class='ocrx_word' id='word_1_394' title='bbox 1085 2325 1235 2347; x_wconf 83' lang='lat' dir='ltr'>Monstreau</span> <span class='ocrx_word' id='word_1_395' title='bbox 1257 2331 1290 2346; x_wconf 93' lang='lat' dir='ltr'>ou</span> <span class='ocrx_word' id='word_1_396' title='bbox 1313 2323 1380 2346; x_wconf 80' lang='lat' dir='ltr'>fault</span> <span class='ocrx_word' id='word_1_397' title='bbox 1399 2323 1495 2346; x_wconf 81' lang='lat' dir='ltr'>d&#39;Yone</span> <span class='ocrx_word' id='word_1_398' title='bbox 1511 2333 1523 2343; x_wconf 79' lang='lat' dir='ltr'><em>n</em></span> <span class='ocrx_word' id='word_1_399' title='bbox 1546 2322 1579 2345; x_wconf 92' lang='lat' dir='ltr'>ab</span> <span class='ocrx_word' id='word_1_400' title='bbox 1595 2322 1686 2353; x_wconf 75' lang='lat' dir='ltr'>Anglis</span> <span class='ocrx_word' id='word_1_401' title='bbox 1709 2322 1864 2352; x_wconf 78' lang='lat' dir='ltr'>redimatur,</span> <span class='ocrx_word' id='word_1_402' title='bbox 1888 2322 1997 2345; x_wconf 83' lang='lat' dir='ltr'>mandat</span> <span class='ocrx_word' id='word_1_403' title='bbox 2018 2330 2046 2345; x_wconf 83' lang='lat' dir='ltr'>se</span> <span class='ocrx_word' id='word_1_404' title='bbox 2061 2322 2174 2345; x_wconf 87' lang='lat' dir='ltr'>Univer-</span> 
     </span>
     <span class='ocr_line' id='line_1_93' title="bbox 936 2366 2175 2398; baseline -0.002 -6"><span class='ocrx_word' id='word_1_405' title='bbox 936 2369 1008 2392; x_wconf 88' lang='lat' dir='ltr'>sitati</span> <span class='ocrx_word' id='word_1_406' title='bbox 1027 2368 1111 2392; x_wconf 85' lang='lat' dir='ltr'>Paris.</span> <span class='ocrx_word' id='word_1_407' title='bbox 1127 2368 1290 2391; x_wconf 77' lang='lat' dir='ltr'>concessisse</span> <span class='ocrx_word' id='word_1_408' title='bbox 1313 2370 1341 2390; x_wconf 86' lang='lat' dir='ltr'>ut</span> <span class='ocrx_word' id='word_1_409' title='bbox 1361 2368 1508 2390; x_wconf 84' lang='lat' dir='ltr'>solveretur</span> <span class='ocrx_word' id='word_1_410' title='bbox 1530 2366 1699 2395; x_wconf 83' lang='lat' dir='ltr'>contributio,</span> <span class='ocrx_word' id='word_1_411' title='bbox 1722 2375 1768 2390; x_wconf 87' lang='lat' dir='ltr'>nec</span> <span class='ocrx_word' id='word_1_412' title='bbox 1788 2370 1875 2390; x_wconf 86' lang='lat' dir='ltr'>tamen</span> <span class='ocrx_word' id='word_1_413' title='bbox 1892 2366 2042 2398; x_wconf 82' lang='lat' dir='ltr'>privilegiis</span> <span class='ocrx_word' id='word_1_414' title='bbox 2063 2366 2175 2390; x_wconf 85' lang='lat' dir='ltr'>franchi—</span> 
     </span>
     <span class='ocr_line' id='line_1_94' title="bbox 935 2411 2174 2444; baseline -0.002 -8"><span class='ocrx_word' id='word_1_415' title='bbox 935 2413 1035 2444; x_wconf 81' lang='lat' dir='ltr'>siisque</span> <span class='ocrx_word' id='word_1_416' title='bbox 1054 2421 1177 2436; x_wconf 79' lang='lat' dir='ltr'>verorum</span> <span class='ocrx_word' id='word_1_417' title='bbox 1193 2412 1382 2443; x_wconf 81' lang='lat' dir='ltr'>magistrorum</span> <span class='ocrx_word' id='word_1_418' title='bbox 1402 2415 1427 2434; x_wconf 87' lang='lat' dir='ltr'>et</span> <span class='ocrx_word' id='word_1_419' title='bbox 1442 2411 1603 2434; x_wconf 84' lang='lat' dir='ltr'>scholarium</span> <span class='ocrx_word' id='word_1_420' title='bbox 1619 2414 1644 2434; x_wconf 92' lang='lat' dir='ltr'>et</span> <span class='ocrx_word' id='word_1_421' title='bbox 1658 2412 1884 2442; x_wconf 84' lang='lat' dir='ltr'>paedagogorum,</span> <span class='ocrx_word' id='word_1_422' title='bbox 1908 2414 1968 2441; x_wconf 86' lang='lat' dir='ltr'>etc.,</span> <span class='ocrx_word' id='word_1_423' title='bbox 1991 2411 2018 2434; x_wconf 90' lang='lat' dir='ltr'>ia</span> <span class='ocrx_word' id='word_1_424' title='bbox 2037 2414 2174 2442; x_wconf 83' lang='lat' dir='ltr'>posterum</span> 
     </span>
    </p>
   </div>
   <div class='ocr_carea' id='block_1_57' title="bbox 906 2458 2173 2677">
    <p class='ocr_par' dir='ltr' id='par_1_58' title="bbox 906 2458 2173 2677">
     <span class='ocr_line' id='line_1_95' title="bbox 936 2458 2173 2481; baseline -0.002 0"><span class='ocrx_word' id='word_1_425' title='bbox 936 2458 1129 2481; x_wconf 78' lang='lat' dir='ltr'>detractaretur</span> <span class='ocrx_word' id='word_1_426' title='bbox 1133 2472 2173 2481; x_wconf 76' lang='grc'><strong>.........................................</strong></span> 
     </span>
     <span class='ocr_line' id='line_1_96' title="bbox 906 2518 2172 2550; baseline -0.002 -6"><span class='ocrx_word' id='word_1_427' title='bbox 906 2521 1033 2544; x_wconf 85' lang='lat' dir='ltr'>Cursores</span> <span class='ocrx_word' id='word_1_428' title='bbox 1047 2519 1073 2543; x_wconf 91' lang='lat' dir='ltr'>in</span> <span class='ocrx_word' id='word_1_429' title='bbox 1090 2519 1213 2542; x_wconf 84' lang='lat' dir='ltr'>facultate</span> <span class='ocrx_word' id='word_1_430' title='bbox 1233 2518 1383 2550; x_wconf 86' lang='lat' dir='ltr'>theologiae</span> <span class='ocrx_word' id='word_1_431' title='bbox 1386 2535 2172 2543; x_wconf 86' lang='lat'>...............................</span> 
     </span>
     <span class='ocr_line' id='line_1_97' title="bbox 906 2581 2173 2606; baseline -0.002 0"><span class='ocrx_word' id='word_1_432' title='bbox 906 2582 1074 2606; x_wconf 85' lang='lat' dir='ltr'>Sententiarii</span> <span class='ocrx_word' id='word_1_433' title='bbox 1089 2585 1114 2605; x_wconf 82' lang='lat' dir='ltr'>et</span> <span class='ocrx_word' id='word_1_434' title='bbox 1134 2581 1228 2605; x_wconf 86' lang='lat' dir='ltr'>Biblici</span> <span class='ocrx_word' id='word_1_435' title='bbox 1233 2597 2173 2606; x_wconf 85' lang='grc'>.....................................</span> 
     </span>
     <span class='ocr_line' id='line_1_98' title="bbox 906 2644 2173 2677; baseline -0.002 -8"><span class='ocrx_word' id='word_1_436' title='bbox 906 2645 1026 2677; x_wconf 76' lang='lat' dir='ltr'>Magistri</span> <span class='ocrx_word' id='word_1_437' title='bbox 1041 2648 1162 2676; x_wconf 84' lang='lat' dir='ltr'>regentes</span> <span class='ocrx_word' id='word_1_438' title='bbox 1178 2644 1204 2667; x_wconf 91' lang='lat' dir='ltr'>in</span> <span class='ocrx_word' id='word_1_439' title='bbox 1225 2644 1349 2667; x_wconf 85' lang='lat' dir='ltr'>facultate</span> <span class='ocrx_word' id='word_1_440' title='bbox 1365 2644 1435 2667; x_wconf 88' lang='lat' dir='ltr'>theol</span> <span class='ocrx_word' id='word_1_441' title='bbox 1439 2660 1679 2667; x_wconf 89' lang='grc'><strong>..........</strong></span> <span class='ocrx_word' id='word_1_442' title='bbox 1679 2649 1682 2651; x_wconf 70' lang='grc'><strong>’</strong></span> <span class='ocrx_word' id='word_1_443' title='bbox 1700 2659 2173 2668; x_wconf 83' lang='grc'><em>...................</em></span> 
     </span>
    </p>
   </div>
   <div class='ocr_carea' id='block_1_58' title="bbox 907 2705 2173 2738">
    <p class='ocr_par' dir='ltr' id='par_1_59' title="bbox 907 2705 2173 2738">
     <span class='ocr_line' id='line_1_99' title="bbox 907 2705 2173 2738; baseline -0.002 -7"><span class='ocrx_word' id='word_1_444' title='bbox 907 2709 1027 2731; x_wconf 82' lang='lat' dir='ltr'>Facultas</span> <span class='ocrx_word' id='word_1_445' title='bbox 1038 2707 1187 2738; x_wconf 86' lang='lat' dir='ltr'>theologiae</span> <span class='ocrx_word' id='word_1_446' title='bbox 1204 2706 1342 2733; x_wconf 77' lang='lat' dir='ltr'>deliberat,</span> <span class='ocrx_word' id='word_1_447' title='bbox 1359 2714 1392 2729; x_wconf 86' lang='lat' dir='ltr'>an</span> <span class='ocrx_word' id='word_1_448' title='bbox 1408 2706 1589 2729; x_wconf 87' lang='lat' dir='ltr'>Mendicantes</span> <span class='ocrx_word' id='word_1_449' title='bbox 1605 2713 1699 2729; x_wconf 83' lang='lat' dir='ltr'>cursus</span> <span class='ocrx_word' id='word_1_450' title='bbox 1720 2707 1805 2729; x_wconf 87' lang='lat' dir='ltr'>facere</span> <span class='ocrx_word' id='word_1_451' title='bbox 1827 2705 1940 2729; x_wconf 86' lang='lat' dir='ltr'>debeant</span> <span class='ocrx_word' id='word_1_452' title='bbox 1957 2706 2024 2729; x_wconf 81' lang='lat' dir='ltr'>&#39;ante</span> <span class='ocrx_word' id='word_1_453' title='bbox 2045 2706 2173 2729; x_wconf 85' lang='lat' dir='ltr'>lecturam</span> 
     </span>
    </p>
   </div>
   <div class='ocr_carea' id='block_1_59' title="bbox 936 2752 2174 2776">
    <p class='ocr_par' dir='ltr' id='par_1_60' title="bbox 936 2752 2174 2776">
     <span class='ocr_line' id='line_1_100' title="bbox 936 2752 2174 2776; baseline -0.001 -1"><span class='ocrx_word' id='word_1_454' title='bbox 936 2752 1129 2776; x_wconf 80' lang='lat' dir='ltr'>Sententiarum</span> <span class='ocrx_word' id='word_1_455' title='bbox 1152 2767 2174 2776; x_wconf 86' lang='grc'>........................................</span> 
     </span>
    </p>
   </div>
   <div class='ocr_carea' id='block_1_60' title="bbox 906 2813 2173 2890">
    <p class='ocr_par' dir='ltr' id='par_1_61' title="bbox 906 2813 2173 2890">
     <span class='ocr_line' id='line_1_101' title="bbox 906 2813 2173 2845; baseline -0.002 -7"><span class='ocrx_word' id='word_1_456' title='bbox 906 2816 1026 2838; x_wconf 79' lang='lat' dir='ltr'>Facultas</span> <span class='ocrx_word' id='word_1_457' title='bbox 1042 2815 1121 2838; x_wconf 86' lang='lat' dir='ltr'>theol.</span> <span class='ocrx_word' id='word_1_458' title='bbox 1138 2822 1153 2837; x_wconf 87' lang='lat' dir='ltr'>a</span> <span class='ocrx_word' id='word_1_459' title='bbox 1166 2814 1282 2837; x_wconf 88' lang='lat' dir='ltr'>Concilio</span> <span class='ocrx_word' id='word_1_460' title='bbox 1296 2813 1442 2837; x_wconf 85' lang='lat' dir='ltr'>Basileensi</span> <span class='ocrx_word' id='word_1_461' title='bbox 1458 2813 1615 2836; x_wconf 87' lang='lat' dir='ltr'>sententiam</span> <span class='ocrx_word' id='word_1_462' title='bbox 1627 2813 1746 2844; x_wconf 87' lang='lat' dir='ltr'>postulat</span> <span class='ocrx_word' id='word_1_463' title='bbox 1758 2821 1790 2837; x_wconf 86' lang='lat' dir='ltr'>ne</span> <span class='ocrx_word' id='word_1_464' title='bbox 1807 2813 1866 2845; x_wconf 86' lang='lat' dir='ltr'>quis</span> <span class='ocrx_word' id='word_1_465' title='bbox 1877 2813 2065 2836; x_wconf 86' lang='lat' dir='ltr'>cancellariam</span> <span class='ocrx_word' id='word_1_466' title='bbox 2078 2813 2173 2842; x_wconf 62' lang='lat' dir='ltr'>Paris„</span> 
     </span>
     <span class='ocr_line' id='line_1_102' title="bbox 935 2857 2172 2890; baseline -0.002 -8"><span class='ocrx_word' id='word_1_467' title='bbox 935 2859 986 2882; x_wconf 88' lang='lat' dir='ltr'>nisi</span> <span class='ocrx_word' id='word_1_468' title='bbox 1001 2859 1130 2890; x_wconf 84' lang='lat' dir='ltr'>magister</span> <span class='ocrx_word' id='word_1_469' title='bbox 1145 2858 1302 2889; x_wconf 88' lang='lat' dir='ltr'>theologiae,</span> <span class='ocrx_word' id='word_1_470' title='bbox 1317 2858 1436 2881; x_wconf 88' lang='lat' dir='ltr'>obtinere</span> <span class='ocrx_word' id='word_1_471' title='bbox 1455 2857 1541 2889; x_wconf 84' lang='lat' dir='ltr'>possit</span> <span class='ocrx_word' id='word_1_472' title='bbox 1544 2874 2172 2883; x_wconf 87' lang='grc'><em>........................</em></span> 
     </span>
    </p>
   </div>
   <div class='ocr_carea' id='block_1_61' title="bbox 2217 541 2263 852">
    <p class='ocr_par' dir='ltr' id='par_1_62' title="bbox 2217 541 2263 852">
     <span class='ocr_line' id='line_1_103' title="bbox 2217 541 2262 563; baseline -0.022 0"><span class='ocrx_word' id='word_1_473' title='bbox 2217 541 2262 563; x_wconf 88' lang='grc'>590</span> 
     </span>
     <span class='ocr_line' id='line_1_104' title="bbox 2217 598 2259 621; baseline 0.024 -1"><span class='ocrx_word' id='word_1_474' title='bbox 2217 598 2259 621; x_wconf 85' lang='grc'>591</span> 
     </span>
     <span class='ocr_line' id='line_1_105' title="bbox 2217 656 2262 679; baseline 0 -1"><span class='ocrx_word' id='word_1_475' title='bbox 2217 656 2262 679; x_wconf 83' lang='grc'>592</span> 
     </span>
     <span class='ocr_line' id='line_1_106' title="bbox 2217 714 2262 736; baseline 0 0"><span class='ocrx_word' id='word_1_476' title='bbox 2217 714 2262 736; x_wconf 87' lang='grc'>592</span> 
     </span>
     <span class='ocr_line' id='line_1_107' title="bbox 2218 771 2263 794; baseline 0 0"><span class='ocrx_word' id='word_1_477' title='bbox 2218 771 2263 794; x_wconf 85' lang='grc'>593</span> 
     </span>
     <span class='ocr_line' id='line_1_108' title="bbox 2217 830 2262 852; baseline 0 0"><span class='ocrx_word' id='word_1_478' title='bbox 2217 830 2262 852; x_wconf 90' lang='grc'>593</span> 
     </span>
    </p>
   </div>
   <div class='ocr_carea' id='block_1_62' title="bbox 2215 931 2263 1070">
    <p class='ocr_par' dir='ltr' id='par_1_63' title="bbox 2215 931 2263 1070">
     <span class='ocr_line' id='line_1_109' title="bbox 2215 931 2261 954; baseline 0.022 -1"><span class='ocrx_word' id='word_1_479' title='bbox 2215 931 2261 954; x_wconf 79' lang='grc'>593</span> 
     </span>
     <span class='ocr_line' id='line_1_110' title="bbox 2218 989 2263 1012; baseline 0 0"><span class='ocrx_word' id='word_1_480' title='bbox 2218 989 2263 1012; x_wconf 85' lang='grc'>594</span> 
     </span>
     <span class='ocr_line' id='line_1_111' title="bbox 2218 1047 2263 1070; baseline 0 0"><span class='ocrx_word' id='word_1_481' title='bbox 2218 1047 2263 1070; x_wconf 86' lang='grc'>594</span> 
     </span>
    </p>
   </div>
   <div class='ocr_carea' id='block_1_63' title="bbox 2218 1195 2263 1217">
    <p class='ocr_par' dir='ltr' id='par_1_64' title="bbox 2218 1195 2263 1217">
     <span class='ocr_line' id='line_1_112' title="bbox 2218 1195 2263 1217; baseline 0 0"><span class='ocrx_word' id='word_1_482' title='bbox 2218 1195 2263 1217; x_wconf 87' lang='grc'>595</span> 
     </span>
    </p>
   </div>
   <div class='ocr_carea' id='block_1_64' title="bbox 2218 1343 2264 1365">
    <p class='ocr_par' dir='ltr' id='par_1_65' title="bbox 2218 1343 2264 1365">
     <span class='ocr_line' id='line_1_113' title="bbox 2218 1343 2264 1365; baseline 0.022 -1"><span class='ocrx_word' id='word_1_483' title='bbox 2218 1343 2264 1365; x_wconf 87' lang='grc'>595</span> 
     </span>
    </p>
   </div>
   <div class='ocr_carea' id='block_1_65' title="bbox 2218 1534 2264 1556">
    <p class='ocr_par' dir='ltr' id='par_1_66' title="bbox 2218 1534 2264 1556">
     <span class='ocr_line' id='line_1_114' title="bbox 2218 1534 2264 1556; baseline 0 0"><span class='ocrx_word' id='word_1_484' title='bbox 2218 1534 2264 1556; x_wconf 87' lang='grc'>595</span> 
     </span>
    </p>
   </div>
   <div class='ocr_carea' id='block_1_66' title="bbox 2219 1635 2265 1659">
    <p class='ocr_par' dir='ltr' id='par_1_67' title="bbox 2219 1635 2265 1659">
     <span class='ocr_line' id='line_1_115' title="bbox 2219 1635 2265 1659; baseline -0.022 0"><span class='ocrx_word' id='word_1_485' title='bbox 2219 1635 2265 1659; x_wconf 89' lang='grc'>596</span> 
     </span>
    </p>
   </div>
   <div class='ocr_carea' id='block_1_67' title="bbox 2219 1784 2265 1806">
    <p class='ocr_par' dir='ltr' id='par_1_68' title="bbox 2219 1784 2265 1806">
     <span class='ocr_line' id='line_1_116' title="bbox 2219 1784 2265 1806; baseline 0 0"><span class='ocrx_word' id='word_1_486' title='bbox 2219 1784 2265 1806; x_wconf 85' lang='grc'>596</span> 
     </span>
    </p>
   </div>
   <div class='ocr_carea' id='block_1_68' title="bbox 2219 1842 2264 1865">
    <p class='ocr_par' dir='ltr' id='par_1_69' title="bbox 2219 1842 2264 1865">
     <span class='ocr_line' id='line_1_117' title="bbox 2219 1842 2264 1865; baseline 0 0"><span class='ocrx_word' id='word_1_487' title='bbox 2219 1842 2264 1865; x_wconf 88' lang='grc'>597</span> 
     </span>
    </p>
   </div>
   <div class='ocr_carea' id='block_1_69' title="bbox 2217 1944 2264 1967">
    <p class='ocr_par' dir='ltr' id='par_1_70' title="bbox 2217 1944 2264 1967">
     <span class='ocr_line' id='line_1_118' title="bbox 2217 1944 2264 1967; baseline 0 0"><span class='ocrx_word' id='word_1_488' title='bbox 2217 1944 2264 1967; x_wconf 89' lang='grc'>597</span> 
     </span>
    </p>
   </div>
   <div class='ocr_carea' id='block_1_70' title="bbox 2218 2047 2264 2070">
    <p class='ocr_par' dir='ltr' id='par_1_71' title="bbox 2218 2047 2264 2070">
     <span class='ocr_line' id='line_1_119' title="bbox 2218 2047 2264 2070; baseline 0 0"><span class='ocrx_word' id='word_1_489' title='bbox 2218 2047 2264 2070; x_wconf 87' lang='grc'>597</span> 
     </span>
    </p>
   </div>
   <div class='ocr_carea' id='block_1_71' title="bbox 2210 2109 2264 2146">
    <p class='ocr_par' dir='ltr' id='par_1_72' title="bbox 2210 2109 2264 2146">
     <span class='ocr_line' id='line_1_120' title="bbox 2210 2109 2264 2146; baseline 0 -14"><span class='ocrx_word' id='word_1_490' title='bbox 2210 2144 2212 2146; x_wconf 30' lang='grc' dir='ltr'>Ι</span> <span class='ocrx_word' id='word_1_491' title='bbox 2218 2109 2264 2132; x_wconf 85' lang='grc'>598</span> 
     </span>
    </p>
   </div>
   <div class='ocr_carea' id='block_1_72' title="bbox 2219 2216 2264 2239">
    <p class='ocr_par' dir='ltr' id='par_1_73' title="bbox 2219 2216 2264 2239">
     <span class='ocr_line' id='line_1_121' title="bbox 2219 2216 2264 2239; baseline 0 0"><span class='ocrx_word' id='word_1_492' title='bbox 2219 2216 2264 2239; x_wconf 85' lang='grc'>598</span> 
     </span>
    </p>
   </div>
   <div class='ocr_carea' id='block_1_73' title="bbox 2217 2457 2265 2667">
    <p class='ocr_par' dir='ltr' id='par_1_74' title="bbox 2217 2457 2265 2667">
     <span class='ocr_line' id='line_1_122' title="bbox 2219 2457 2265 2480; baseline 0 0"><span class='ocrx_word' id='word_1_493' title='bbox 2219 2457 2265 2480; x_wconf 82' lang='grc'>599</span> 
     </span>
     <span class='ocr_line' id='line_1_123' title="bbox 2219 2519 2265 2542; baseline 0 0"><span class='ocrx_word' id='word_1_494' title='bbox 2219 2519 2265 2542; x_wconf 85' lang='grc'>599</span> 
     </span>
     <span class='ocr_line' id='line_1_124' title="bbox 2218 2581 2265 2605; baseline 0 0"><span class='ocrx_word' id='word_1_495' title='bbox 2218 2581 2265 2605; x_wconf 84' lang='grc'>599</span> 
     </span>
     <span class='ocr_line' id='line_1_125' title="bbox 2217 2644 2264 2667; baseline -0.021 0"><span class='ocrx_word' id='word_1_496' title='bbox 2217 2644 2264 2667; x_wconf 88' lang='grc'>600</span> 
     </span>
    </p>
   </div>
   <div class='ocr_carea' id='block_1_74' title="bbox 2217 2751 2264 2774">
    <p class='ocr_par' dir='ltr' id='par_1_75' title="bbox 2217 2751 2264 2774">
     <span class='ocr_line' id='line_1_126' title="bbox 2217 2751 2264 2774; baseline 0 0"><span class='ocrx_word' id='word_1_497' title='bbox 2217 2751 2264 2774; x_wconf 87' lang='grc'>600</span> 
     </span>
    </p>
   </div>
   <div class='ocr_carea' id='block_1_75' title="bbox 2217 2858 2263 2880">
    <p class='ocr_par' dir='ltr' id='par_1_76' title="bbox 2217 2858 2263 2880">
     <span class='ocr_line' id='line_1_127' title="bbox 2217 2858 2263 2880; baseline 0 0"><span class='ocrx_word' id='word_1_498' title='bbox 2217 2858 2263 2880; x_wconf 83' lang='grc'>600</span> 
     </span>
    </p>
   </div>
  </div>
 </body>
</html>
