2502 3418
360 313 424 346 726
937 323 1256 346 cnxnrumnmu
1292 323 1483 345 umvnns.
1520 323 1650 346 PAnis.
2120 311 2218 348 [1452

358 409 477 430 coram
500 409 670 442 supremo
694 398 819 442 judice
840 398 884 431 de
906 399 1068 443 prosectu
1092 410 1216 431 eorum
1244 404 1311 430 tam
1338 398 1375 430 in
1397 398 1548 432 seientia
1570 410 1674 444 quam
1696 398 1733 430 in
1754 397 1918 431 moribus
1940 398 2153 443 exigendam
2175 398 2219 431 ab

359 464 411 497 cis
432 464 585 497 reddere
607 465 751 509 possint
770 465 945 498 rationem
966 477 972 497 :
993 465 1087 509 quia,
1106 471 1145 497 ut
1164 465 1212 497 ait
1231 465 1481 509 Apostolus‘⁶,
1500 465 1561 510 qui
1583 477 1745 507 suorum,
1763 465 1915 498 maxime
1937 465 2218 498 domesticorum

359 543 478 564 curam
500 531 655 564 debitam
679 544 751 564 non
772 531 892 574 habet,
913 538 969 565 cst
989 532 1085 564 omni
1107 531 1246 564 infideli
1268 531 1440 565 deterior.

447 599 533 631 Item
556 598 766 632 mandamus
788 605 823 632 et
843 599 1078 644 precipimus,
1106 605 1144 631 ut
1168 597 1322 643 quilibet
1349 599 1522 644 magister
1542 599 1756 644 pedagogus
1776 605 1936 632 assumat
1957 598 2027 632 sibi
2048 605 2219 644 regentes

357 671 392 697 et
412 664 683 698 submonitores
705 666 802 699 viros
834 665 964 707 bonos,
993 677 1122 710 graves
1144 671 1179 697 et
1204 665 1344 706 doctos,
1375 666 1436 710 qui
1464 666 1537 698 sint
1564 666 1641 699 suis
1663 666 1855 711 discipulis
1876 666 1919 699 ad
1940 665 2157 711 exemplum,
2185 672 2220 698 et

357 732 418 776 qui
448 731 538 765 tales
566 733 639 765 sint
667 739 706 765 ut
735 745 799 778 pro
835 733 962 765 merito
994 744 1138 765 suarum
1161 732 1333 765 virtutum
1361 739 1395 765 et
1424 733 1577 766 scientie
1603 740 1838 767 revereantur
1864 745 1882 766 a
1912 732 2135 774 scolaribus,
2165 739 2220 765 est

357 799 451 831 enim
477 806 596 832 metus
623 812 662 832 ac
691 799 894 832 reverentia
924 811 1058 832 nervus
1087 799 1277 832 scolastice
1305 799 1514 844 discipline.
1552 801 1594 833 Et
1623 806 1662 833 ut
1690 800 1780 833 tales
1813 800 1908 845 apud
1940 812 1979 834 se
2011 806 2158 833 teneant
2186 806 2222 833 et

355 865 521 907 habeant,
554 866 722 899 volumus
752 866 891 899 eisdem
922 866 1138 911 regentibus
1169 873 1204 899 et
1235 865 1552 899 submonitoribus
1585 879 1650 912 per
1676 867 1898 912 principales
1930 867 2143 912 pedagogos
2175 867 2219 899 de

357 933 574 977 competenti
599 932 729 965 salario
756 945 835 965 cum
862 933 958 966 victu
984 932 1183 978 provideri,
1214 945 1280 966 nec
1307 932 1414 966 liceat
1443 933 1702 978 quoquomodo
1723 934 1914 979 principali
1942 934 2133 979 pedagogo
2154 933 2220 966 ali-

356 1011 461 1044 quem
484 1000 519 1031 in
541 999 828 1032 submonitorem
851 1012 1051 1041 assumere,
1072 1012 1090 1032 a
1112 1012 1182 1044 quo
1205 1000 1420 1045 pensionem
1442 1000 1499 1033 vel
1520 1007 1846 1046 quantamcumque
1868 1013 2042 1034 summam
2065 1001 2219 1046 pecunie

356 1078 420 1111 pro
443 1078 508 1098 suo
530 1066 626 1099 victu
648 1078 727 1099 cum
749 1066 873 1099 labore
902 1067 1058 1099 docendi
1080 1067 1200 1112 exigat
1220 1074 1280 1100 aut
1306 1067 1476 1112 recipiat3
1500 1080 1566 1101 nec
1588 1068 1683 1100 enim
1705 1067 1809 1101 facile
1837 1075 1893 1101 est
1925 1067 2107 1113 putandus
2132 1067 2222 1113 ydo-

356 1145 459 1175 neus,
478 1133 538 1177 qui
560 1145 632 1165 non
653 1145 718 1166 sue
738 1133 917 1166 industrie
939 1134 1144 1166 mercedem
1167 1134 1313 1179 expetit,
1333 1135 1398 1167 sed
1418 1135 1497 1180 ipsc
1520 1135 1576 1167 sui
1597 1134 1734 1168 laboris
1754 1135 1863 1168 solvit
1878 1146 2038 1168 usuram.
2061 1135 2167 1177 Quod
2189 1134 2220 1168 si

355 1200 436 1244 quis
458 1200 661 1244 reperiatur
677 1200 737 1244 qui
760 1212 824 1245 pro
847 1200 1012 1233 docendo
1030 1201 1087 1234 vel
1109 1201 1272 1246 regendo
1294 1202 1485 1246 quicquam
1508 1202 1664 1243 dederit,
1683 1214 1699 1234 a
1722 1202 1887 1247 regentia
1908 1208 1943 1234 et
1963 1201 2060 1234 omni
2081 1201 2220 1234 honore

353 1266 532 1300 facultatis
553 1274 728 1300 arceatur.

442 1335 530 1366 Item
553 1334 744 1367 statuimus
766 1341 801 1368 et
821 1335 1047 1377 mandamus,
1071 1343 1109 1369 ut
1129 1343 1229 1369 actus
1251 1336 1312 1369 ille
1334 1336 1499 1369 solennis
1521 1336 1565 1369 de
1587 1336 1832 1381 disputatione
1854 1334 2134 1381 Quolibetorum,
2157 1335 2218 1380 qui

354 1400 488 1433 dudum
506 1401 549 1433 ad
566 1401 678 1434 decus
698 1401 891 1443 facultatis,
911 1403 1121 1435 exercitium
1140 1403 1342 1436 studiorum
1360 1415 1399 1436 ac
1420 1403 1567 1448 ingenia
1584 1403 1771 1436 excitanda
1786 1403 1852 1436 suit
1873 1402 2104 1436 laudabiliter
2119 1402 2218 1436 insti-

354 1468 500 1509 tutus¹'⁷,
524 1467 752 1510 observetur,
776 1469 989 1502 mandantes
1018 1470 1055 1502 id
1084 1470 1120 1502 in
1145 1470 1277 1503 virtute
1306 1476 1428 1503 sancte
1455 1469 1664 1503 obedientie
1693 1470 1903 1503 exercitium
1931 1470 2032 1514 juxta
2059 1475 2216 1503 veterem

354 1546 489 1566 morem
518 1534 612 1579 apud
643 1535 678 1568 S.
703 1535 900 1576 Juliauum,
927 1537 1024 1568 omni
1053 1537 1287 1570 excusatione
1318 1537 1533 1582 postposita,
1564 1537 1782 1582 reintegrari
1807 1549 1846 1570 ac
1866 1536 2033 1570 renovari
2053 1548 2119 1581 per
2138 1548 2221 1582 pre-

355 1607 491 1634 stantes
512 1601 629 1646 ipsius
650 1602 830 1635 facultatis
850 1603 1047 1648 magistros
1068 1616 1133 1649 per
1154 1603 1318 1649 singulas
1339 1604 1505 1637 nationes
1527 1603 1733 1649 eligendos.

443 1669 531 1701 Item
554 1669 647 1701 circa
669 1669 854 1714 predictos
876 1670 1090 1715 pedagogos
1112 1677 1147 1703 ct
1167 1671 1357 1703 domorum
1381 1670 1602 1716 principales
1624 1671 1835 1716 magistros,
1853 1670 2046 1703 statuimus
2068 1676 2103 1703 et
2122 1669 2220 1703 ordi-

353 1747 493 1777 namus,
512 1747 556 1768 ne
578 1742 744 1781 tanquam
767 1736 963 1778 ambitiosi,
981 1744 1042 1770 aut
1062 1738 1207 1783 questui
1229 1738 1385 1783 turpiter
1404 1737 1586 1771 inhiantes
1607 1749 1671 1783 per
1687 1737 1896 1771 mansiones
1918 1744 1954 1770 et
1972 1737 2050 1770 loca
2066 1749 2220 1770 concur-

353 1809 444 1844 rant,
461 1809 521 1836 aut
541 1802 709 1836 tabernas
731 1810 766 1836 et
786 1803 942 1849 hospitia
964 1804 1187 1838 circumeant
1207 1817 1272 1850 per
1288 1817 1326 1838 se
1343 1805 1401 1838 vel
1422 1817 1487 1850 per
1503 1805 1605 1846 alios,
1625 1805 1668 1838 ad
1689 1805 1874 1850 rogandos
1893 1804 1951 1838 vel
1973 1804 2219 1849 exquirendos

354 1869 423 1902 sibi
451 1869 631 1911 scolares;
659 1871 830 1915 quodque
852 1872 991 1915 justum
1019 1878 1054 1904 et
1081 1872 1305 1905 moderatum
1335 1872 1490 1917 pretium
1512 1884 1578 1917 pro
1595 1873 1690 1905 victu
1713 1872 1913 1905 secundum
1936 1883 2056 1904 rerum
2079 1877 2115 1904 et
2134 1877 2219 1904 tem—

353 1949 480 1981 porum
509 1937 715 1982 qualitatem
744 1950 762 1970 a
793 1938 998 1971 scolaribus
1028 1939 1192 1984 exigant,
1219 1939 1387 1972 victualia
1415 1939 1560 1981 munda,
1593 1951 1679 1972 sana
1706 1946 1813 1984 atque
1835 1938 1993 1972 salubria
2015 1938 2218 1972 scolaribus

354 2003 646 2045 subministrent,
666 2011 701 2037 et
717 2017 759 2037 ex
776 2004 863 2046 illis,
881 2005 1034 2039 honesta
1050 2006 1256 2051 frugalitate
1274 2013 1428 2048 servata,
1446 2013 1611 2051 prestent
1630 2006 1762 2051 cuique
1779 2018 1976 2051 congruam
1998 2005 2216 2050 portionem.

442 2072 530 2103 Item
552 2070 760 2105 inhibemus
791 2072 994 2105 districtius
1025 2073 1093 2106 sub
1123 2085 1215 2118 pena
1237 2073 1635 2115 excommunicationis,
1662 2085 1768 2118 quam
1797 2073 1877 2118 ipso
1904 2073 1996 2106 sacto
2018 2072 2216 2114 incurrant,

353 2149 397 2169 ne
429 2144 619 2182 presentes
650 2139 844 2184 pedagogi,
876 2146 937 2172 aut
961 2140 1066 2172 etiam
1097 2141 1210 2173 futuri
1239 2141 1370 2174 saciant
1398 2141 1493 2174 inter
1521 2153 1560 2174 se
1590 2140 1830 2182 collusiones,
1862 2139 2129 2181 conventicula,
2157 2145 2219 2172 aut

353 2205 558 2249 monopolia
580 2217 691 2250 super
712 2205 1026 2248 determinatione,
1050 2214 1111 2240 aut
1140 2207 1275 2252 prefixa
1303 2214 1412 2252 quota
1440 2208 1630 2253 pensionis
1661 2207 1837 2241 solvende
1862 2219 1880 2240 a
1908 2206 2124 2247 scolaribus,
2152 2205 2217 2239 sed

353 2272 605 2316 unusquisque
633 2273 729 2316 quod
754 2274 893 2317 justum
916 2280 951 2307 et
977 2273 1170 2307 honestum
1192 2275 1301 2307 suerit
1326 2274 1409 2320 plus
1431 2275 1597 2308 minusve
1619 2275 1769 2319 recipiat
1789 2274 1989 2307 secundum
2013 2274 2215 2319 portionem

352 2338 395 2370 ad
417 2350 521 2382 quam
543 2338 694 2372 scolaris
715 2339 874 2373 voluerit
894 2342 1223 2386 expensassacere.
1247 2342 1352 2384 Quod
1374 2342 1405 2375 si
1433 2341 1522 2375 tales
1544 2354 1609 2375 sue
1631 2341 1759 2374 salutis
1780 2341 2012 2374 immemores
2032 2340 2216 2385 reperian-

354 2411 423 2445 tur,
452 2405 513 2449 qui
541 2405 672 2438 similia
693 2407 902 2452 monopolia
922 2408 1076 2441 fecerint
1101 2415 1225 2441 contra
1253 2408 1371 2442 bonos
1391 2420 1512 2442 mores
1534 2415 1569 2441 et
1591 2408 1864 2453 rempublicam,
1892 2407 2125 2441 decernimus
2152 2418 2215 2440 eos

354 2483 435 2504 esse
456 2472 615 2516 graviter
636 2473 857 2518 puniendos,
875 2481 910 2507 et
930 2474 974 2507 ab
996 2475 1148 2508 aliorum
1171 2476 1356 2509 consortio
1378 2482 1546 2521 tanquam
1568 2476 1900 2509 excommunicatos
1921 2474 2085 2516 excludi;
2107 2486 2125 2507 a
2146 2486 2215 2519 qua

354 2538 498 2582 quidem
524 2541 894 2574 excommunicatione
924 2541 1064 2575 absolvi
1092 2555 1165 2575 non
1191 2543 1335 2587 possint
1358 2542 1402 2575 ab
1428 2543 1497 2576 alio
1519 2555 1624 2588 quam
1647 2542 1863 2576 cancellario
1895 2541 2092 2575 Parisiensi
2117 2542 2215 2586 (pre-

354 2611 513 2649 terquam
542 2606 578 2638 in
608 2608 734 2640 mortis
760 2608 937 2652 articulo),
960 2615 995 2642 et
1019 2610 1239 2655 competenti
1269 2610 1371 2655 prius
1400 2610 1443 2643 ad
1473 2609 1661 2643 arbitrium
1682 2609 1940 2649 ,Universitatis
1970 2608 2214 2642 satisfactione

354 2672 543 2715 premissa.

443 2739 528 2771 Item
552 2739 688 2772 eisdem
710 2741 747 2773 in
768 2741 900 2774 virtute
927 2749 1051 2775 sancte
1073 2743 1282 2777 obedientie
1311 2744 1522 2777 mandamus
1550 2751 1586 2777 et
1615 2744 1851 2789 precipimus,
1881 2749 2061 2788 quatenus
2091 2754 2213 2775 corre-

355 2804 493 2837 ctiones
515 2812 549 2838 ct
573 2806 785 2851 disciplinas
813 2808 1023 2842 scolasticas
1052 2810 1183 2843 faciant
1211 2823 1296 2856 erga
1327 2823 1414 2844 suos
1442 2811 1602 2844 scolares
1628 2810 1829 2844 secundum
1852 2809 2068 2855 exigentiam
2091 2809 2213 2854 culpa-

357 2882 448 2911 rum,
476 2883 534 2913 ne,
560 2872 596 2904 in
624 2884 748 2906 eorum
777 2874 1080 2919 dampnationem,
1105 2877 1190 2911 vitia
1216 2889 1365 2910 suorum
1388 2878 1580 2911 scolarium
1604 2890 1668 2923 per
1689 2876 2017 2910 dissimulationem
2039 2875 2211 2909 nutriant.
