2502 3418
1149 306 1316 328 TABULA.

300 377 2163 401 Q

298 423 356 446 1931

298 481 358 503 1932

296 627 357 651 1933

296 730 357 754 1934

296 832 356 856 1935

295 980 355 1003 1936

294 1083 353 1106 1937

293 1140 354 1164 1938
391 1131 419 1133 ”

293 1288 353 1311 1939

292 1346 353 1369 1940

291 1404 350 1427 1941

292 1508 352 1531 1942

291 1566 352 1589 1943

292 1744 353 1782 1944

292 1861 352 1884 1945

293 1919 353 1942 1945

292 2022 352 2047 1947

292 2080 352 2103 1948

294 2223 352 2246 1949

292 2321 353 2344 1950

292 2419 350 2442 1951

292 2561 366 2585 1951ιι

293 2704 352 2727 1952

293 2802 353 2825 1953

434 423 500 449 1411
575 424 736 455 Septembris
756 425 784 448 12

452 495 483 499 -—
646 497 675 500 -
755 483 783 505 17

453 642 482 646 —
603 629 724 653 Octobris
740 632 754 653 5

451 744 481 748 -
662 744 682 747 —
737 733 751 754 9

451 847 479 851 -
654 835 750 857 -14

450 994 480 998 —
651 982 749 1005 -17

449 1098 479 1101 -
584 1085 738 1108 Novembris
753 1086 767 1108 4

449 1156 478 1159 —
520 1131 522 1133 >
575 1130 774 1167 Novem‘bffnec.

427 1405 494 1431 1412
591 1406 711 1430 Januarii
727 1407 755 1430 17

390 1508 531 1534 1411-1412
578 1509 769 1532 Decemb.-Jan.

426 1565 493 1592 1412
584 1567 719 1590 Februarii
735 1568 764 1590 23

449 1773 477 1776 -
618 1759 705 1783 Martii
721 1761 733 1782 7

441 1852 477 1879 ¹—-
583 1862 720 1886 Februarii
735 1864 763 1886 25

444 1935 471 1938 —
606 1921 694 1944 Martii
712 1921 740 1943 12

448 2038 476 2041 -
640 2038 669 2041 —-
709 2025 739 2046 29

448 2096 476 2099 —
583 2083 647 2105 Ante
662 2082 763 2105 Pascha

390 2224 533 2249 1410-1412
603 2224 700 2256 Aprilis
719 2225 748 2247 20

428 2322 494 2348 1412
642 2337 669 2341 -
719 2324 748 2346 26

450 2434 475 2437 -
633 2421 694 2444 Maii
711 2421 722 2444 1

447 2718 478 2721 —-
624 2706 695 2730 Junii
713 2708 726 2730 3

813 425 964 456 Capitulum
980 424 1152 448 Cisterciense
1164 426 1291 456 quosdam
1307 427 1441 450 scholares
1457 432 1567 459 propter
1582 430 1769 452 commotiones
1783 434 1888 453 revocat
1891 448 2073 454 ........

814 482 978 507 Universitas
1003 483 1074 513 apud
1098 483 1244 506 Johnnnem
1265 485 1346 507 XXIII
1370 485 1540 516 conqueritur
1567 487 1635 517 quod
1662 490 1788 518 quantum
1813 488 1845 510 ad
1873 488 1997 511 beneficia
2024 488 2074 511 sibi

842 527 961 550 homines
975 528 1054 550 rudes
1070 531 1095 551 et
1110 531 1236 551 stratores
1253 537 1389 560 equorum,
1410 530 1575 560 pauperibus
1591 531 1675 554 doctis
1696 531 1790 554 divites
1808 532 1958 562 ignoramus
1976 535 2074 563 praefe-

843 576 936 595 rantur
940 589 2073 601 .............................................

813 629 976 653 Universitas
992 630 1106 653 Johanni
1122 631 1203 654 XXIII
1226 631 1359 662 significat
1378 640 1422 655 eos
1443 636 1595 663 praesentes
1618 633 1761 656 censendos
1782 642 1839 657 esse
1855 634 1898 665 qui
1919 643 1966 665 pro
1982 635 2074 666 majori

842 678 918 706 parte
936 675 1064 698 ordinarii
1079 675 1105 698 in
1122 675 1210 698 studio
1223 676 1346 700 continue
1362 680 1491 700 steterunt
1494 695 2072 702 .......................

812 732 924 756 Litterae
937 733 1110 757 Universitati
1129 733 1235 762 missae,
1252 734 1347 766 quibus
1364 735 1455 758 ducem
1472 736 1685 759 Aurelianensem
1702 736 1769 759 velle
1782 745 1911 767 occupare
1929 737 2072 759 dominium

842 778 912 808 regis
928 781 1040 809 negatur
1043 796 2073 805 .........................................

811 835 922 859 Carolus
943 837 985 864 VI,
1009 836 1066 859 viso
1088 836 1234 860 miserabili
1256 837 1332 868 regni
1354 841 1432 866 statu,
1457 839 1483 861 et
1503 846 1561 861 cum
1584 838 1636 861 dux
1657 838 1823 867 Biturieens.,
1846 839 2026 862 Aurelianens.
2050 843 2074 862 et

841 880 1012 904 adhaerentes
1026 881 1081 912 jam
1097 882 1122 905 S.
1140 881 1294 912 Dionysium
1305 882 1500 913 occupaverint,
1513 883 1546 906 ab
1562 883 1739 906 Universitate
1752 883 1835 907 Paris.
1849 884 1987 907 consilium
2004 884 2074 906 auxi-

841 925 957 957 liumque
970 926 1101 956 efflagitat
1110 943 1943 952 .................................
1965 949 1968 952 .
1989 946 1995 952 .
2015 946 2020 951 .
2041 945 2047 951 .
2067 947 2071 951 .

811 985 920 1008 Carolus
934 985 967 1007 VI
982 984 1109 1007 beneficia
1125 984 1221 1007 collata
1235 985 1298 1007 dum
1313 985 1462 1008 obedientia
1478 994 1563 1016 papae
1577 986 1787 1015 subtraheretur,
1804 986 1830 1009 in
1845 986 1950 1017 placida
1966 995 2073 1018 posses-

841 1029 913 1052 sione
928 1029 1066 1052 confirmat
1069 1046 2071 1054 .......................................

811 1087 930 1118 Magistri
946 1090 1066 1118 regentes
1081 1087 1214 1110 facultatis
1233 1087 1377 1126 medicinae
1393 1096 1436 1111 an.
1452 1088 1590 1111 1411-1412
1602 1105 2071 1113 ...................

812 1145 975 1169 Universitas
995 1145 1108 1168 Johanni
1125 1145 1206 1168 XXIII
1222 1149 1313 1169 narrat
1332 1149 1407 1177 gesta
1427 1149 1518 1169 contra
1535 1150 1637 1177 partem
1657 1147 1731 1170 ducis
1751 1147 1946 1171 Aurelianensis
1966 1148 2073 1179 ejusque

840 1189 965 1220 crimina;
988 1189 1032 1221 qui
1054 1190 1295 1213 excommunicatus
1316 1194 1355 1213 est
1377 1191 1532 1214 auctoritate
1552 1191 1641 1214 bullae
1661 1191 1763 1214 Urbani
1783 1192 1807 1215 V.
1825 1193 1888 1215 Tres
1904 1192 2072 1224 episcopatus

840 1235 899 1257 aliis
915 1234 1010 1258 dentur
1013 1251 2071 1262 ..........................................

810 1293 942 1316 Statutum
955 1292 1071 1323 Capituli
1087 1292 1219 1323 generalis
1235 1293 1297 1316 Ord.
1315 1293 1408 1316 Minor.
1423 1293 1454 1316 de
1470 1293 1657 1324 promovendis
1674 1294 1706 1316 ad
1725 1294 1907 1325 magisterium
1923 1295 1949 1318 in
1966 1295 2046 1318 theol.
2065 1313 2071 1319 .

810 1350 944 1374 Licentiati
957 1351 982 1373 in
1000 1351 1124 1374 facultate
1138 1350 1287 1382 theologiae
1291 1368 2070 1376 ...............................

808 1409 941 1432 ,lohannes
961 1409 1042 1432 XXIII
1062 1408 1276 1440 praerogativam
1298 1419 1310 1430 «
1327 1408 1410 1440 quinti
1436 1409 1540 1432 articuli
1561 1419 1573 1429 υ
1592 1409 1764 1432 Universitati
1784 1410 1868 1434 Paris.
1888 1411 2006 1434 concedit
2024 1411 2072 1434 sub

840 1454 912 1476 bulla
925 1453 1049 1484 plumbea
1054 1471 2071 1479 ........................................

809 1512 972 1535 Universitas
988 1512 1021 1535 ad
1039 1520 1115 1534 suum
1131 1512 1253 1534 nuntium
1268 1512 1292 1534 in
1310 1511 1383 1534 curia
1399 1512 1430 1534 de
1448 1512 1508 1534 data
1526 1522 1538 1532 a
1550 1512 1635 1543 quinti
1651 1512 1777 1535 articuli»
1781 1529 2071 1538 ............

809 1571 900 1594 Rector
917 1570 1021 1593 nomine
1037 1570 1169 1593 facultatis
1186 1570 1283 1592 artium
1299 1570 1324 1592 in
1341 1570 1456 1593 Concilio
1473 1570 1608 1593 Gallicano
1626 1570 1735 1593 Parisiis
1751 1571 1882 1594 celebrato
1897 1571 1970 1600 dicit,
1989 1572 2071 1594 facul-

839 1618 918 1638 tatem
935 1623 985 1637 non
1002 1615 1068 1637 velle
1084 1614 1221 1645 impedire,
1234 1614 1296 1645 quin
1313 1614 1474 1637 extorsiones
1491 1614 1662 1645 pecuniarum
1678 1614 1703 1637 in
1719 1615 1792 1638 Rom.
1806 1615 1879 1638 curia
1892 1616 2071 1646 corrigantur;

839 1668 889 1683 non
906 1663 994 1683 tamen
1013 1659 1158 1682 subtractio
1179 1659 1328 1682 collationis
1351 1659 1538 1682 beneficiorum
1559 1667 1661 1682 summo
1680 1660 1798 1690 pontifici
1819 1660 1937 1683 facienda
1958 1663 2006 1683 est.
2025 1662 2072 1692 Ap-

838 1705 921 1736 pellat
936 1704 969 1727 ad
988 1712 1119 1727 summum
1137 1704 1286 1735 pontificem
1292 1720 2071 1729 ...............................

808 1763 955 1786 Facultates
971 1762 1063 1792 theol,‚
1077 1762 1174 1785 decret.
1191 1765 1216 1785 et
1231 1762 1324 1785 medic.
1342 1762 1461 1785 facultati
1478 1762 1573 1784 artium
1590 1762 1742 1792 adhaerent,
1761 1770 1791 1785 ne
1807 1763 1980 1786 devolvantur
1995 1764 2072 1786 colla-

838 1808 921 1831 tiones
938 1807 1125 1830 beneficiorum
1141 1807 1173 1830 ad
1190 1807 1338 1829 ordinarios
1343 1824 1632 1831 ............
1653 1828 1657 1831 ,
1678 1824 2071 1831 ................

807 1865 939 1889 johannes
958 1866 1039 1888 XXIII
1057 1865 1216 1888 cancellario
1232 1864 1326 1893 Paris.,
1346 1868 1374 1888 ut
1391 1864 1538 1888 Ludovicus
1558 1865 1588 1887 de
1605 1864 1742 1887 Vallcoleti
1761 1865 1908 1888 Sententias
1923 1866 2018 1896 legat..
2040 1885 2044 1888 .
2066 1885 2069 1888 .

810 1923 974 1947 Universitas
990 1924 1061 1954 apud
1076 1923 1223 1946 ,lohannem
1239 1923 1320 1946 XXIII
1337 1922 1516 1954 conqueritur,
1534 1925 1661 1953 quantum
1677 1923 1709 1945 ad
1727 1933 1738 1944 α
1755 1923 1875 1954 quintum
1891 1923 2031 1946 articulum
2048 1934 2070 1953 n,

839 1968 975 1999 magistris
989 1968 1086 1991 multos
1101 1968 1240 1999 praeferri,
1255 1967 1298 1999 qui
1314 1967 1341 1990 in
1357 1967 1426 1990 dicto
1443 1967 1554 1990 articulo
1572 1976 1621 1989 non
1636 1967 1777 1998 capiuntur
1780 1984 2069 1991 ............

809 2026 943 2049 Licentiati
960 2026 986 2049 in
998 2027 1122 2049 facultate
1138 2025 1282 2048 medicinae
1285 2042 2070 2049 ...............................

807 2084 921 2107 Jacohus
938 2084 1034 2115 Magni,
1051 2084 1115 2108 Ord.
1132 2085 1158 2108 S.
1177 2084 1253 2114 Aug.‚
1269 2084 1372 2114 legatus
1388 2084 1421 2106 ad
1442 2091 1530 2114 rogem
1549 2083 1657 2114 Angliae
1673 2086 1764 2106 contra
1782 2083 1874 2106 ducem
1893 2083 2070 2114 Burgundiae⁷

838 2129 906 2152 inter
921 2129 973 2151 alia
988 2129 1113 2160 proponit
1128 2138 1141 2149 (ι
1157 2137 1206 2159 quc
1222 2128 1391 2151 l'Universite
1405 2128 1456 2151 soit
1471 2127 1535 2150 mise
1549 2127 1610 2150 hors
1627 2128 1658 2150 de
1674 2127 1757 2157 Paris,
1774 2131 1799 2150 et
1814 2128 1890 2158 qu’on
1906 2137 1936 2151 en
1950 2128 2009 2151 feist
2022 2136 2071 2151 une

839 2173 959 2196 nouvelle
977 2173 1063 2204 pleine
1078 2173 1109 2196 de
1126 2173 1327 2204 preudhommie
1346 2183 2068 2198 ..............................

808 2227 972 2251 Universitas
988 2227 1021 2250 ad
1041 2227 1133 2250 ducem
1154 2227 1354 2257 Bari-ensem(?),
1377 2229 1405 2249 ut
1422 2227 1527 2249 Petrum
1542 2226 1573 2248 de
1593 2226 1706 2249 Pruvino
1727 2226 1752 2248 in
1773 2226 1955 2257 praeceptoria
1974 2227 2001 2250 S.
2022 2228 2072 2250 An-

839 2272 903 2295 tonii
919 2272 950 2295 de
966 2271 1206 2295 Ponte—Moucionis
1221 2275 1311 2294 contra
1326 2271 1458 2294 intrusum
1474 2273 1596 2301 protegat
1599 2287 2069 2295 ...................

808 2326 918 2349 Carolus
934 2326 966 2348 VI
982 2325 1108 2348 beneficia
1126 2326 1231 2355 collata,
1248 2326 1358 2348 durante
1372 2324 1547 2352 neutralitate,
1565 2323 1696 2355 imprimis
1713 2324 1858 2354 suppositis
1875 2324 2070 2354 Universitatis,

839 2370 939 2393 servari
953 2370 1028 2401 jubet
1031 2385 1813 2394 ...............................
1833 2389 1838 2393 ,
1859 2386 2068 2392 .........

807 2424 939 2447 Johannes
954 2424 1032 2447 XXlll
1047 2424 1186 2446 Francisco
1201 2423 1318 2454 archiep.
1331 2422 1495 2446 Narbonensi
1514 2422 1655 2445 committit
1670 2429 1762 2444 causas
1780 2422 1945 2445 beneficiales
1962 2422 2072 2446 Univer-

840 2468 926 2491 sitatis
942 2472 966 2491 et
985 2468 1059 2499 regni
1081 2468 1213 2495 Franciae,
1238 2468 1260 2490 si
1283 2469 1383 2490 fructus
1404 2467 1591 2490 beneficiorum
1611 2474 1742 2489 summam
1763 2466 1808 2488 100
1828 2466 1890 2489 libr.
1912 2470 1997 2490 turon.
2021 2475 2071 2489 non

839 2513 973 2542 excedant,
991 2513 1148 2536 decidendas
1159 2527 2071 2536 ....................................

809 2567 873 2590 Cum
889 2566 971 2597 aliqui
987 2566 1105 2597 religiosi
1121 2566 1184 2589 Ord.
1201 2566 1307 2589 Eremit.
1327 2566 1353 2590 S.
1370 2567 1436 2596 Aug.
1454 2565 1565 2588 Tornaci
1583 2564 1608 2587 in
1625 2564 1791 2587 sermonibus
1807 2572 1909 2587 errores
1924 2564 2073 2595 praedicas—

840 2615 905 2638 sent,
920 2611 979 2635 Joh.
997 2611 1027 2633 de
1042 2610 1148 2641 Thoisy,
1166 2611 1247 2641 cpisC.
1261 2611 1431 2635 Tornacens..
1445 2609 1555 2637 nuntiat,
1573 2608 1778 2633 Universitatem
1791 2608 1875 2631 Paris.
1893 2609 1995 2640 legatos
2011 2618 2071 2632 suos

840 2656 988 2678 Tou-nucum
1005 2655 1155 2683 missuram,
1173 2658 1201 2678 ut
1215 2656 1330 2686 populus
1344 2655 1376 2677 ad
1392 2655 1527 2677 veritatem
1543 2654 1684 2676 reducatur
1688 2670 2071 2677 ................

809 2709 923 2732 Jacobus
939 2709 970 2731 de
986 2709 1115 2737 IIaerlem,
1130 2712 1223 2736 rector,
1241 2711 1361 2737 testatur,
1378 2708 1523 2730 Johannem
1541 2708 1664 2730 Mureaux
1681 2715 1727 2738 per
1745 2707 1870 2737 majorem
1884 2710 1986 2737 partem
2000 2707 2073 2730 ordi-

840 2753 907 2776 narii
923 2762 965 2776 an.
986 2754 1044 2776 1411
1061 2762 1151 2776 verum
1168 2756 1193 2776 et
1210 2753 1362 2775 continuum
1380 2752 1527 2775 scholarem
1545 2752 1570 2774 in
1589 2753 1636 2774 rac.
1653 2751 1731 2776 theol.
1750 2751 1831 2774 fuisse
1835 2768 2073 2775 ..........

812 2806 975 2829 Universitas
996 2806 1109 2829 Johanni
1131 2806 1211 2829 XXllI
1231 2806 1324 2828 scribit
1344 2806 1374 2828 de
1394 2805 1492 2828 nuntiis
1514 2805 1538 2827 in
1560 2805 1714 2836 Hispaniam
1731 2804 1875 2834 mittendis,
1891 2804 1922 2827 de
1940 2804 2073 2835 judicibus

838 2851 947 2874 Parisiis
965 2851 1069 2880 dandis,
1085 2851 1116 2874 de
1130 2850 1257 2882 temporis
1275 2854 1335 2873 nota
1351 2860 1363 2872 α
1380 2850 1464 2881 quinti
1484 2849 1587 2872 articuli
1604 2859 2072 2873 ...................

416 2925 479 2943 *Η*
497 2924 594 2949 Οὴανι.
616 2925 695 2949 Univ.
714 2926 808 2950 Paris.
826 2927 867 2949 IV.
2007 2927 2036 2949 95

2119 578 2164 601 217

2118 680 2163 702 218

2118 782 2163 804 219

2118 930 2163 952 219

2117 1238 2160 1260 221

2118 1296 2163 1319 223

2117 1354 2162 1376 223

2118 1457 2162 1478 224

2116 1514 2161 1537 226

2118 1707 2162 1728 0¹>ss

2117 1809 2162 1831 233

2117 1867 2162 1889 233

2116 1969 2161 1991 233

2116 2027 2161 2049 235

2116 2175 2161 2198 235

2116 2273 2161 2295 235

2116 2371 2160 2393 237

2117 2512 2161 2535 237

2118 2655 2161 2677 237

2119 2754 2162 2776 237

2119 2851 2163 2874 237
