2502 3418
186 322 280 358 1403]
526 334 571 355 AB
606 334 709 355 ANNO
745 333 1032 355 mcchxxxxw
1062 333 1192 360 USQUE
1229 334 1276 354 AD
1310 333 1447 354 ANNUM
1483 333 1689 355 mccccmt.
1995 326 2036 357 75

183 407 251 440 hoc
266 407 397 440 virtute
413 406 622 451 hujusmodi
639 407 752 451 gratie
775 407 985 451 dignitatem
1003 419 1041 439 ac
1060 413 1304 451 personatum7
1323 406 1671 438 administrationem
1690 406 1746 438 vel
1768 406 1920 438 officium
1944 419 2037 440 asse-

184 475 258 519 qui,
282 473 421 507 etiamsi
443 473 550 506 simul
571 473 627 506 vcl
656 473 863 506 successive
885 473 1101 514 vacaverint,
1124 473 1199 505 sive
1226 473 1261 504 in
1289 473 1411 505 eadem
1436 472 1587 505 ecclesia
1615 473 1690 505 sive
1718 472 1754 504 in
1780 473 1934 505 diversis
1962 474 2038 506 fue-

184 541 267 582 rint,
290 540 373 572 dum
397 546 514 572 tamen
537 540 580 572 ad
606 539 834 572 collationem
859 539 903 572 de
927 551 995 584 qua
1016 551 1124 584 supra
1144 539 1307 571 suerit....

255 608 358 642 ‚Item
381 606 478 651 quod
497 606 680 651 magistris
702 606 875 651 predictis
892 613 927 639 et
946 606 1130 651 graduatis
1148 605 1308 650 eligendi
1325 606 1572 638 consessorem
1590 617 1699 637 unum
1718 605 1774 638 vel
1796 605 1918 650 plures
1935 606 2038 638 etiam

184 674 390 707 successive
416 673 477 718 qui
505 673 557 705 eis
585 673 847 718 indulgentiam
876 673 1072 717 plenariam
1098 672 1211 705 semel
1236 673 1273 704 in
1301 672 1427 705 mortis
1455 672 1605 704 articulo
1634 672 1807 705 concedat
1833 679 1868 704 et
1897 673 2039 705 dicendi

184 740 344 774 divinum
362 739 548 773 servitium
567 740 611 772 ad
628 751 732 772 usum
755 741 914 772 Romane
931 739 1086 772 ecclesie
1103 739 1316 780 [facultatem
1334 739 1507 783 largiatur
1524 743 1568 779 et]
1588 739 1690 771 litere
1708 739 1848 772 valeant
1864 739 2036 783 expediri.

272 808 359 839 Item
377 806 474 851 quod
495 806 651 851 singulis
668 806 853 839 monachis
877 813 912 839 et
936 806 1120 852 religiosis
1148 807 1184 838 in
1208 806 1367 850 predicta
1392 806 1633 839 Universitate
1654 806 1885 838 studentibus
1907 813 1942 838 et
1961 818 2042 851 gra-

184 874 300 907 duatis
328 880 366 906 ut
392 874 573 918 prefertur
598 885 703 906 unam
732 874 1015 918 expectationem
1047 873 1264 906 habentibus
1294 872 1361 905 alia
1388 873 1606 905 concedatur
1635 873 1665 905 si
1693 879 1826 917 petant,
1855 873 1901 905 ita
1926 880 2041 905 tamen

184 940 280 986 quod
301 952 365 985 per
385 940 651 973 assecutionem
672 940 729 973 vel
750 940 996 985 provisionem
1016 940 1125 972 unius
1146 939 1213 972 alia
1234 939 1371 972 nullius
1392 940 1439 972 sit
1459 939 1686 972 momenti....

273 1037 297 1062 1.
313 1037 413 1061 Abhinc
427 1046 508 1069 usque
525 1046 536 1060 (1
553 1040 712 1060 monstraret
726 1046 736 1060 ι)
751 1037 851 1061 Gerson
867 1037 1023 1060 sententiam
1036 1037 1112 1060 affert
1126 1037 1151 1060 in
1168 1045 1215 1060 suo
1230 1045 1356 1064 sermone,
1374 1037 1404 1059 de
1417 1045 1467 1068 quo
1483 1045 1564 1067 supra
1578 1037 1603 1059 in
1620 1036 1814 1060 introductione
1828 1037 1861 1059 ad
1877 1037 2001 1060 rotulum.
2014 1051 2043 1054 —

183 1082 207 1108 2.
229 1083 380 1114 Sequentes,
397 1086 503 1113 excepto
520 1082 621 1111 ultimo,
635 1082 690 1113 jam
710 1090 791 1113 supra
808 1087 836 1104 n⁰
854 1083 912 1105 1783
927 1082 1112 1105 afferebantur.
1129 1096 1158 1100 —
1173 1081 1196 1105 3.
1212 1083 1271 1112 Ipse
1289 1082 1379 1104 eodem
1401 1090 1468 1104 anno
1489 1082 1603 1104 rotulum
1622 1081 1761 1104 Benedicto
1782 1082 1839 1104 Xltt
1856 1081 2043 1112 praesentavit.

182 1127 227 1159 qui
242 1130 326 1150 exstat.
342 1127 368 1150 in
387 1127 481 1158 Suppl.
497 1127 592 1151 Bened.
611 1132 639 1149 n⁰
653 1128 692 1157 97,
710 1127 754 1151 fol.
771 1127 825 1150 127.
845 1140 872 1144 —
887 1126 913 1151 4.
930 1127 949 1150 Ι.
964 1135 984 1149 e.
1000 1126 1129 1150 Roderici.
1145 1126 1201 1151 Vid.
1218 1126 1287 1149 infra
1303 1131 1331 1148 n0
1346 1126 1415 1149 1803.
1431 1139 1462 1143 —-
1474 1125 1498 1150 5.
1516 1127 1563 1150 Ms.
1580 1134 1719 1157 perperam
1734 1134 1738 1149 :
1757 1136 1770 1147 «
1786 1126 1956 1149 Guillelmum
1971 1134 1993 1149 1).
2009 1126 2044 1149 De

183 1171 289 1195 Simone
301 1172 354 1195 vid.
370 1173 488 1196 Λυσίαν.
502 1171 522 1194 1.

191 1312 331 1350 1793.
354 1330 370 1347 ι
386 1321 522 1347 Facultas
538 1321 708 1355 theologiae.
727 1332 741 1346 »

275 1407 486 1453 Supplicant
517 1408 695 1441 sanctitati
724 1414 844 1441 vestre
876 1407 1004 1440 devota
1034 1413 1153 1440 vestra
1182 1406 1252 1439 filia
1284 1406 1510 1439 Universitas
1540 1406 1794 1451 magistrorum
1831 1407 2046 1439 Parisiensis

187 1481 364 1520 quatenus
385 1475 429 1507 de
447 1474 552 1508 solita
572 1474 796 1520 benignitate
813 1481 933 1507 vestre
950 1474 1141 1506 clementie
1163 1473 1199 1505 in
1221 1473 1389 1518 personis
1411 1473 1664 1517 magistrorum
1688 1473 1723 1505 in
1746 1485 1845 1506 sacra
1866 1473 2047 1518 theologia

186 1542 434 1588 professorum
455 1542 604 1586 gratiam
631 1541 825 1586 specialem
846 1541 1019 1574 facientes
1041 1540 1178 1573 eisdem
1202 1540 1385 1585 magistris
1406 1540 1558 1572 inferius
1580 1541 1773 1573 nominatis
1795 1541 1838 1573 de
1860 1540 2048 1573 beneficiis

187 1608 446 1642 ecclesiasticis
467 1609 708 1654 infrascriptis
728 1608 785 1641 vel
806 1608 900 1649 aliis,
922 1615 1029 1653 prout
1048 1614 1168 1641 vestre
1190 1607 1365 1652 placuerit
1385 1607 1578 1648 sanctitati,
1600 1607 1731 1639 intuitu
1758 1607 1900 1652 pietatis
1922 1607 2049 1652 digne-

187 1676 275 1708 mini
296 1675 582 1709 misericorditer
602 1676 809 1721 providere7
831 1687 910 1708 cum
933 1675 1237 1720 acceptatione...

276 1744 318 1775 Et
339 1743 437 1788 quod
457 1749 614 1776 transeat
635 1743 714 1776 sine
735 1743 802 1776 alia
823 1742 991 1775 lectione.

274 1809 360 1842 ltem
382 1809 460 1842 sine
482 1809 551 1842 alio
573 1810 748 1842 examine.

277 1877 362 1908 Item
386 1876 567 1921 quodfiat
587 1882 626 1910 ut
639 1877 792 1920 petitur.

808 1985 821 1997 «
843 1974 978 2008 Magistri
997 1974 1028 2000 in
1047 1973 1206 2007 Theoloqia
1224 1972 1393 2007 regentes&
1417 1983 1429 1996 »

275 2051 309 2077 Et
329 2051 425 2085 primo
440 2051 579 2084 magistro
594 2051 736 2076 Galerano
752 2051 787 2076 de
804 2051 928 2077 Pendrcr
948 2050 1150 2083 Corisopitens.
1172 2050 1258 2079 dioc..
1276 2057 1353 2082 mag.
1378 2049 1407 2074 in
1429 2050 1494 2078 art.,
1512 2049 1614 2074 medic.
1631 2050 1659 2074 et
1678 2049 1779 2077 thcol.‚
1794 2050 1920 2082 actuque
1939 2048 2047 2080 regenti

188 2100 309 2126 Parisius
330 2101 361 2126 in
382 2100 483 2126 eadem
505 2100 556 2125 sac.
576 2100 666 2126 theol.
682 2107 714 2126 ac
728 2100 837 2126 decano
852 2100 983 2133 ejusdem
998 2100 1041 2124 sac
1045 2119 1098 2124 .....
1118 2099 1153 2124 dc
1171 2098 1320 2127 beneflcio.
1336 2106 1395 2123 non
1411 2098 1543 2124 obstante
1558 2097 1638 2131 quod
1653 2098 1831 2130 prebendam
1847 2099 1875 2123 ct
1890 2098 2047 2123 cantoriam

186 2150 253 2176 eccl.
271 2150 346 2175 Paris
351 2169 404 2175 .....
421 2149 560 2175 obtineat.

275 2199 347 2224 Item
362 2206 438 2231 mag.
456 2198 583 2224 Johanni
597 2198 633 2223 dc
648 2198 761 2226 Tmlon.
779 2198 872 2231 presb.
891 2198 1087 2223 Cameracens.
1110 2198 1195 2226 dioc..
1213 2205 1289 2229 mag.
1307 2196 1336 2221 in
1352 2198 1406 2221 art.
1421 2198 1449 2222 et
1469 2196 1499 2221 in
1515 2196 1615 2224 theol..
1633 2196 1667 2221 dc
1689 2196 1860 2221 canonicatu
1876 2196 1942 2221 eccl.
1961 2196 2046 2221 Paris.

186 2304 258 2322 cano
277 2298 305 2322 et
329 2297 467 2322 canonico
489 2296 667 2329 prebendato
682 2297 751 2322 eccl.
768 2296 916 2329 collegiata
938 2296 963 2321 S.
981 2296 1085 2321 Maeuii
1101 2296 1137 2321 (le
1153 2296 1239 2320 Uarro
1254 2303 1340 2327 super
1356 2295 1458 2320 Albam
1475 2294 1649 2326 Liugoncns.
1666 2294 1750 2323 dioc..
1768 2294 1965 2326 canonicoque
1980 2302 2047 2326 prc-

187 2345 312 2371 bendato
335 2345 366 2371 in
388 2345 509 2371 ecclesiis
531 2345 744 2370 cathedralibus
768 2345 1009 2377 ltothomagcnsi,
1036 2345 1198 2372 l‘arisicnsi,
1225 2344 1385 2377 Bajoccnsi,
1409 2343 1623 2369 Constanciensi
1649 2345 1676 2368 ct
1701 2345 1801 2368 curato
1823 2343 1889 2368 eccl.
1914 2343 2045 2375 parroch.

187 2394 213 2420 S.
231 2394 367 2420 Germani
380 2394 415 2420 de
430 2394 601 2420 Monasterio
616 2394 712 2419 Villari
728 2394 967 2427 Rothomagensis
982 2394 1056 2419 dioc.
1074 2393 1118 2428 [de
1132 2392 1291 2427 beneficio].

275 2444 347 2476 Mag.
365 2443 518 2469 Dominico
535 2443 641 2472 Parvi²‚
659 2443 752 2476 presb.
770 2444 902 2469 Remens.
919 2443 1005 2472 dioc„
1029 2443 1059 2468 in
1083 2444 1136 2468 art.
1162 2450 1238 2475 mag.
1260 2444 1288 2468 ct
1310 2442 1340 2467 in
1356 2450 1376 2467 s.
1394 2442 1498 2475 pagina
1516 2441 1668 2474 professori
1690 2441 1811 2466 l‘arisius
1827 2441 1856 2466 111
1873 2441 1973 2466 cadem
1994 2441 2045 2466 sac.

188 2491 276 2517 theol.
294 2493 360 2518 actu
375 2492 497 2525 regenti.

275 2541 348 2574 Mag.
365 2541 492 2567 Johanni
507 2541 643 2574 Luqueti,
658 2541 751 2574 presb.
769 2541 971 2567 Cathalanens.
987 2541 1073 2570 dioc.,
1090 2548 1167 2573 mag.
1190 2541 1219 2565 in
1239 2541 1292 2565 art.
1310 2542 1338 2565 ct
1363 2540 1450 2565 theol.
1472 2541 1599 2572 actuque
1620 2538 1730 2571 regenti
1755 2538 1876 2563 Parisius
1898 2538 1928 2563 in
1948 2538 2047 2563 cadem

186 2590 238 2615 sac.
255 2590 335 2616 theol
340 2610 392 2615 .....
410 2598 470 2616 non
485 2590 618 2616 obstante
635 2590 782 2623 prebenda
797 2590 977 2618 Carnotcnsi.
991 2590 1145 2619 decanatu,
1157 2589 1329 2615 canonicatu
1340 2590 1368 2614 et
1384 2589 1529 2622 prebenda
1544 2589 1569 2613 S.
1587 2588 1697 2613 'l‘homc
1713 2587 1747 2613 (le
1762 2588 1874 2620 Lupara
1889 2595 1978 2620 prope
1994 2588 2047 2612 Pa-

187 2638 281 2668 risius,
295 2647 355 2665 una
369 2639 526 2672 capellania
541 2639 577 2664 ad
590 2639 774 2665 collationem
789 2639 987 2665 Universitatis
1002 2640 1079 2665 Paris
1083 2659 1136 2664 .....

276 2688 347 2720 Mag.
369 2688 497 2713 Johanni
513 2688 686 2717 Breviscom,
703 2688 796 2721 presb.
814 2688 912 2718 Paris,
933 2696 996 2714 can.
1014 2687 1224 2714 Ccnomauensi
1246 2689 1274 2713 ct
1296 2686 1462 2714 l‘ictavensi.
1480 2694 1556 2718 mag.
1580 2686 1609 2710 111
1631 2685 1717 2711 theol.
1735 2686 1764 2711 ct
1784 2686 1837 2710 art.
1862 2685 1913 2710 sac.
1938 2685 2048 2717 regenti

189 2736 310 2762 Parisius
324 2737 355 2762 in
369 2737 445 2762 dicta
460 2737 511 2762 sac.
530 2737 619 2762 theol.

188 2834 280 2863 annis,
296 2834 462 2868 humilique
477 2834 611 2860 ministro
625 2835 651 2860 S.
670 2835 806 2860 Maturini
823 2835 970 2861 Parisiens.
993 2835 1062 2861 Ord.
1079 2835 1104 2860 S.
1122 2834 1268 2859 Trinitatis
1283 2835 1311 2859 ct
1326 2832 1542 2866 Rcdcinptionis
1557 2832 1749 2864 captivorum,
1767 2831 1818 2864 qui
1838 2832 1880 2857 bis
1896 2831 1951 2856 suit
1967 2839 1982 2857 a
2002 2839 2048 2856 sex

189 2883 272 2908 annis
294 2883 364 2909 citra
386 2884 465 2917 apud
484 2883 699 2910 infidelissimos
714 2884 915 2910 Macometicos
936 2885 966 2910 111
990 2892 1079 2917 regno
1103 2891 1153 2909 scu
1177 2883 1308 2916 partibus
1330 2883 1455 2908 Granatc
1476 2882 1511 2907 ad
1535 2881 1740 2907 redimendum
1760 2888 1900 2913 pauperes
1924 2880 2049 2913 captivos
