2502 3418
378 309 442 342 746

953 318 1275 341 CHARTULARIUM
1309 317 1499 339 UNIVERS.
1537 316 1667 339 PARIS.

376 389 2241 402 ——————-———

379 424 453 462 17391

376 541 437 564 1740

377 599 434 622 1741

376 702 436 725 1742

376 805 436 829 1743

375 908 435 931 1744

375 1011 435 1034 1745

375 1065 435 1088 1746

375 1123 433 1146 1747

372 1226 433 1248 1748

372 1328 433 1351 1749

372 1382 432 1405 1750

372 1441 428 1464 1751

369 1589 429 1612 1752

369 1644 428 1666 1753

367 1697 428 1720 1754

368 1755 427 1778 1755

367 1858 428 1881 1756

370 2006 426 2029 1757

367 2155 427 2178 1758

367 2209 427 2232 1759

368 2312 427 2335 1760

368 2415 424 2438 1761

367 2513 426 2535 1762

365 2567 425 2589 1763

367 2620 423 2643 1764

365 2673 424 2696 1765

364 2774 424 2797 1766

512 438 578 463 1396

511 599 577 625 1397

500 2774 565 2799 1401

487 2938 527 2960 94.

657 439 818 470 Septembris
835 439 863 462 12

665 541 820 564 Novembris
837 543 850 565 4

675 599 794 622 Januarii
811 600 839 622 29

690 702 777 725 Martii
795 703 823 725 18

704 804 765 827 Maii
782 805 810 827 13

680 906 801 930 Octobris
817 908 831 930 9

666 1064 801 1087 Februarii
817 1065 846 1088 16

660 1122 758 1153 Aprilis
774 1123 848 1145 28-30

674 1225 788 1256 Augusti
804 1226 833 1249 14

649 1328 811 1359 Septembris
831 1330 859 1352 19

660 1382 816 1405 Novembris
832 1385 845 1406 5

653 1436 774 1460 Decemb.
787 1437 855 1460 13-21

652 1584 804 1608 Decembris
821 1587 850 1609 ‘23

675 1693 794 1717 sunum-ii
811 1696 824 1717 4

722 1754 823 1776 —31

653 1855 789 1879 Februarii
806 1857 845 1879 5-7

674 2150 771 2182 Aprilis
794 2152 823 2174 20

656 2204 810 2228 Novembris
826 2206 839 2228 8

671 2307 791 2330 Januarii
809 2310 822 2331 5

681 2410 767 2433 Martii
783 2411 810 2434 11

695 2513 789 2536 Martio

702 2566 763 2589 Maii
779 2567 792 2589 2

652 2619 806 2643 Novembris
821 2621 835 2643 4

649 2673 799 2695 Decembris
815 2674 844 2696 23

678 2774 764 2797 Martii
783 2776 812 2798 24

893 439 1043 470 Capitulum
1059 439 1181 470 generale
1196 437 1362 461 Cisterciens.
1380 440 1478 461 statuta
1492 437 1600 468 antiqua
1613 437 1644 460 de
1660 436 1794 460 mittendis
1809 436 1842 460 ad
1857 436 1962 460 diversa
1978 435 2065 459 studia
2077 443 2156 467 gene-

924 484 1000 513 ralia,
1014 483 1146 514 imprimis
1161 483 1194 506 ad
1207 482 1325 506 studium
1341 482 1425 505 Paris.
1442 485 1550 505 renovat
1553 497 2154 506 ........................
2216 481 2245 504 23

892 541 1013 573 Magistri
1026 544 1146 573 regentes
1163 540 1296 564 facultatis
1313 539 1458 563 medicinae
1471 548 1513 564 an.
1531 540 1635 563 1396-97
1639 555 2154 564 .....................
2216 539 2245 562 24

893 600 1048 623 Benedictus
1060 600 1118 622 XlII
1132 598 1289 622 cancellario
1303 598 1398 626 Paris.,
1414 601 1443 621 ut
1455 598 1615 621 Matthaeum
1627 597 1763 628 Reginaldi
1778 597 1811 620 ad
1824 597 1952 620 lecturam
1963 596 2154 620 Sententiarum

924 644 1046 667 admittat
1062 659 2154 668 ...........................................
2216 642 2245 665 24

892 702 1049 725 Benedictus
1072 702 1131 725 Xlll
1151 701 1309 724 cancellario
1330 700 1427 729 Paris„
1442 703 1471 724 ut
1486 700 1640 732 Philippum
1660 700 1691 724 de
1711 700 1825 729 Villette,
1846 700 1966 724 monach.
1987 701 2015 724 S.
2027 699 2154 732 Dionysii,

923 747 956 769 ad
969 747 1098 770 lecturam
1114 746 1309 769 Sententiarum
1326 745 1449 768 admittat
1452 761 2154 770 ............................
2215 740 2244 763 25

892 805 1043 836 Capitulum
1063 805 1186 835 generale
1204 803 1369 827 Cluniacens.
1386 803 1417 826 de
1434 802 1609 831 studentibus,
1624 803 1738 834 bejanio,
1757 802 1846 827 bursis
1864 802 1974 835 collegii
1989 803 2153 828 cluniacens.

922 849 997 872 Paris
1006 865 2153 873 .............................................
2215 843 2244 866 25

892 909 984 931 Rector
997 907 1114 930 declarat
1130 907 1272 930 Robcrtum
1286 906 1317 930 de
1333 906 1452 930 Fraxinis
1469 906 1618 930 scholarem
1634 906 1661 929 in
1674 906 1733 938 jure
1747 914 1805 931 can.
1821 914 1879 930 esse
1891 909 1917 930 et
1928 906 2019 930 vinum
2033 907 2156 931 Rotoma-

922 960 985 983 gum
1000 951 1104 975 mittere
1108 967 2153 976 .........................................
2215 947 2245 969 2⁶

893 1010 1027 1034 Licentiati
1042 1010 1067 1033 in
1083 1010 1207 1033 facultate
1220 1009 1369 1041 theologiae
1372 1026 2153 1034 ...............................
2215 1004 2244 1028 27

892 1064 1028 1088 Licentiati
1044 1064 1070 1087 in
1083 1063 1229 1087 medicinae
1243 1063 1368 1087 facultate
1372 1080 2153 1090 ...............................
2216 1058 2245 1081 28

891 1122 1042 1153 Capitulum
1058 1122 1232 1145 Cluniacense
1246 1125 1356 1145 renovat
1370 1125 1396 1145 et
1410 1121 1524 1153 explicat
1538 1124 1675 1148 statutum.
1691 1124 1818 1153 quantum
1833 1121 1961 1153 temporis
1975 1121 2109 1146 scholares
2128 1122 2154 1145 in

921 1167 1038 1198 Collegio
1054 1166 1139 1191 Paris.
1156 1174 1291 1190 remanere
1306 1166 1419 1198 possint.
1436 1167 1568 1189 Statutum
1584 1169 1675 1190 contra
1690 1166 1885 1198 conspiratores
1889 1184 2153 1192 ...........
2215 1161 2244 1185 ²8

890 1225 932 1249 Lis
949 1225 1017 1248 inter
1034 1233 1104 1256 mag.
1125 1225 1271 1248 Her-vacum
1291 1224 1394 1254 Judnei,
1411 1225 1470 1249 bac.
1485 1225 1592 1254 decret.,
1608 1227 1634 1248 et
1653 1224 1797 1248 servientes
1811 1224 1893 1256 regis,
1911 1224 1956 1256 qui
1971 1233 2031 1248 eum
2045 1233 2154 1257 percus-

921 1273 1010 1293 serant
1012 1286 2152 1295 .............................................
2213 1265 2243 1288 30

889 1328 1029 1352 Conclusio
1047 1329 1096 1352 fac.
1112 1327 1261 1359 theologiae
1274 1336 1354 1359 super
1369 1327 1479 1351 materia
1492 1327 1552 1351 fidei
1567 1335 1637 1351 nunc
1652 1327 1752 1359 agitata
1766 1328 1798 1351 de
1811 1327 2044 1359 superstitionibus
2048 1345 2151 1352 .....
2213 1322 2243 1345 32

889 1382 1009 1413 Magistri
1022 1385 1143 1413 regentes
1161 1381 1293 1405 facultatis
1309 1381 1455 1405 medicinae
1471 1389 1513 1404 an.
1530 1381 1664 1404 1398-1399
1681 1398 2151 1407 ...................
2211 1375 2242 1399 3⁶

888 1441 1000 1464 Litterae
1015 1439 1204 1464 Univcrsitatis
1220 1439 1342 1471 Capitulo
1358 1439 1442 1463 Paris.
1458 1447 1507 1470 pro
1523 1442 1598 1470 purte
1613 1447 1685 1470 mag.
1699 1439 1760 1463 Joh.
1775 1440 1807 1463 de
1825 1439 1996 1469 Bellomonte,
2010 1443 2039 1463 ut
2052 1440 2107 1463 suis
2119 1440 2151 1464 de

918 1485 1052 1508 beneficiis
1068 1485 1100 1507 ad
1116 1484 1284 1508 collationem
1300 1483 1417 1515 Capituli
1432 1483 1626 1515 provideretur.
1644 1483 1796 1515 Capitulum
1811 1484 1984 1508 Universitati
2000 1485 2149 1516 respondet,

918 1538 945 1553 se
960 1530 1103 1561 magistros
1119 1529 1316 1553 commendatos
1332 1529 1429 1552 habere
1442 1546 2149 1555 ............................
2211 1523 2241 1546 3⁶

886 1589 962 1612 Petro
979 1588 1074 1611 abbate
1091 1587 1217 1611 Latiniaci
1234 1591 1259 1611 et
1271 1587 1331 1611 Joh.
1348 1588 1437 1611 Dadon
1453 1586 1609 1616 vulneratis,
1625 1590 1746 1610 nocentes
1762 1587 1909 1618 puniuntur
1911 1605 2149 1612 ..........
2211 1581 2240 1605 37

887 1642 1023 1666 Licentiati
1040 1642 1065 1665 in
1083 1643 1207 1665 facultate
1220 1641 1370 1673 theologiae
1373 1658 2149 1666 ...............................
2210 1636 2240 1659 37

886 1696 1037 1728 Capitulum
1055 1696 1204 1719 Parisiensc
1219 1696 1251 1719 ud
1268 1695 1474 1719 Universitatem
1489 1695 1574 1720 Paris.
1591 1695 1622 1718 de
1635 1694 1769 1718 beneficiis
1783 1695 1938 1718 vacantibus
1942 1712 2149 1720 .........
2210 1690 2240 1713 37

886 1755 927 1779 Lis
943 1755 1012 1778 inter
1027 1754 1142 1778 Giletum
1155 1755 1262 1786 Eygret,
1279 1754 1322 1785 qui
1336 1754 1391 1777 filio
1402 1753 1517 1777 studenti
1533 1753 1642 1777 Parisiis
1656 1753 1746 1776 vineas
1762 1754 1878 1782 dederat,
1893 1757 1918 1777 et
1930 1754 2076 1777 Johannem
2088 1754 2151 1778 Sou-

916 1800 969 1823 bite
984 1799 1131 1823 firmarium
1146 1800 1290 1827 Peronnae,
1307 1798 1351 1830 qui
1366 1798 1479 1830 vectigal
1498 1798 1629 1821 vinarium
1645 1798 1678 1822 ab
1694 1806 1723 1821 eo
1739 1798 1842 1830 exigere
1857 1799 2054 1830 praetendebat.
2066 1818 2071 1823 .
2090 1816 2097 1822 .
2117 1817 2123 1823 .
2142 1816 2148 1822 .
2209 1792 2239 1816 38

885 1858 972 1882 Abbas
998 1858 1120 1882 Omnium
1147 1858 1302 1881 Sanctorum
1325 1857 1507 1888 Andegavens.
1535 1860 1626 1880 contra
1649 1860 1798 1880 curatorem
1823 1856 1990 1888 gabellarum
2014 1857 2147 1889 Andegav.

914 1903 1011 1934 litigat,
1026 1903 1079 1926 vim
1099 1903 1125 1926 in
1141 1911 1188 1925 sua
1205 1902 1312 1925 abbatia
1328 1905 1424 1925 temere
1439 1901 1587 1925 adhibitam
1601 1909 1659 1925 esse
1673 1901 1815 1933 querendo,
1828 1901 1956 1933 cumipse
1971 1902 2006 1926 sit
2020 1902 2148 1926 scholaris

914 1948 999 1972 Paris.
1012 1951 1037 1972 et
1052 1956 1066 1971 a
1079 1947 1231 1979 praeposito
1248 1947 1332 1971 Paris.
1346 1947 1504 1978 judicandus
1520 1963 2146 1972 .........................
2208 1940 2239 1963 39

833 2006 842 2011 '
884 2007 1009 2038 Magister
1037 2007 1130 2030 Petrus
1154 2006 1288 2033 Lombart,
1315 2005 1497 2037 paedagogus,
1522 2005 1641 2029 studens.
1664 2004 1759 2033 Paris„
1785 2005 1898 2036 vectigal
1923 2004 2055 2028 vinarium
2079 2005 2148 2037 quod

913 2052 1047 2075 Johannes
1062 2052 1096 2074 Le
1112 2051 1197 2074 Caron
1210 2050 1345 2073 firmarius
1361 2050 1465 2081 exigere
1479 2053 1635 2078 tentaverat,
1650 2049 1782 2073 recusavit
1795 2052 1821 2073 et
1833 2050 1946 2081 pignora
1961 2050 2030 2081 quod
2045 2050 2068 2073 is
2083 2050 2148 2073 arri-

913 2097 972 2128 puit
984 2096 1058 2119 reddi
1072 2096 1123 2119 sibi
1136 2104 1151 2118 a
1166 2095 1333 2119 Pax-lamento
1349 2094 1415 2126 petit
1418 2111 2146 2119 .............................
2207 2089 2238 2112 39

883 2155 1035 2186 Capitulum
1051 2154 1222 2178 Cluniacense
1235 2153 1361 2185 reprobat
1376 2153 1505 2185 quaedam
1518 2153 1636 2184 Collegio
1649 2152 1766 2176 Cluniae.
1780 2153 1866 2177 Paris.
1883 2170 1889 2176 .
1908 2170 1914 2176 .
1934 2170 1940 2176 .
1958 2166 1967 2176 -.
1986 2170 2146 2178 .......
2206 2146 2238 2170 4⁰

883 2209 1004 2232 Facultas
1020 2208 1165 2231 medicinae
1178 2208 1303 2231 lectiones
1318 2208 1564 2239 disputationesque
1575 2210 1636 2239 post
1649 2206 1826 2239 Epiphaniam
1840 2206 1937 2236 differt,
1953 2210 2062 2238 propter
2076 2215 2147 2230 mor-

913 2253 1042 2277 talitatem
1055 2269 2145 2278 ...........................................
2205 2250 2236 2273 42

883 2313 1043 2343 Interempta
1059 2311 1220 2343 supplicatio
1236 2319 1266 2334 ex
1278 2314 1353 2342 parto
1369 2310 1479 2334 rectoris
1496 2312 1563 2334 facta
1579 2319 1627 2342 pro
1644 2318 1715 2342 mag.
1731 2310 1807 2334 Petro
1822 2310 1925 2340 Plaoul,
1940 2313 1969 2333 ut
1983 2310 2040 2341 ipse
2057 2313 2147 2341 posset

912 2358 1031 2380 conferre
1046 2356 1202 2379 beneficium
1217 2359 1373 2379 vacaturum
1388 2355 1414 2378 in
1427 2358 1505 2378 turno
1521 2363 1568 2379 suo
1583 2363 1630 2387 per
1643 2358 1841 2386 procuratorem
1854 2354 1880 2378 in
1894 2355 2012 2378 absentia
2016 2372 2144 2378 ......
2205 2352 2235 2375 42

881 2415 1013 2439 Johannes
1037 2415 1147 2443 Gerson,
1169 2413 1343 2437 cancellarius
1364 2413 1458 2443 Paris„
1478 2413 1651 2437 cancellariae
1671 2413 1822 2436 renuntiare
1846 2413 1911 2441 vult,
1936 2416 1962 2436 et
1981 2413 2144 2436 Dominicum

912 2461 1000 2488 Parvi,
1013 2467 1084 2490 mag.
1099 2459 1191 2488 theol„
1207 2458 1367 2482 substituere
1371 2474 2143 2483 ...............................
2203 2454 2234 2477 ¹¹2

881 2513 1018 2537 Licentiati
1036 2513 1061 2536 in
1081 2513 1205 2536 facultate
1220 2512 1364 2536 medicinae
1368 2529 1886 2536 .....................
1889 2524 1891 2526 ·
1905 2528 2144 2536 ..........
2204 2508 2235 2531 43

881 2566 1018 2590 Licentiati
1030 2567 1056 2589 in
1074 2566 1197 2590 facultate
1211 2566 1359 2597 theologiae
1363 2581 2143 2590 ...............................
2204 2561 2235 2584 43

881 2621 1001 2652 Magistri
1015 2624 1135 2651 regentes
1153 2620 1286 2643 facultatis
1303 2619 1449 2643 medicinae
1464 2628 1506 2643 an.
1521 2619 1653 2643 1400-1401
1671 2637 1682 2652 .-
1697 2635 2143 2643 ..................
2204 2615 2235 2637 44

879 2674 997 2697 Johanne
1013 2674 1044 2696 de
1060 2674 1193 2701 Atrebato,
1214 2673 1324 2696 librario
1340 2673 1430 2704 jurato
1449 2672 1646 2701 Universitatis,
1666 2672 1813 2700 vulnerato,
1829 2672 1944 2695 Adumus
1965 2672 1996 2694 de
2018 2671 2099 2695 Bosco
2121 2674 2144 2694 et

911 2718 1039 2742 Robertus
1056 2718 1124 2741 Amit
1140 2718 1173 2740 ad
1188 2718 1326 2741 emendam
1342 2726 1357 2740 a
1371 2717 1524 2749 praeposito
1540 2717 1658 2740 damnati
1673 2717 1809 2748 appellant
1813 2733 2143 2740 ..............
2203 2717 2234 2740 44

879 2776 966 2799 Causa
990 2776 1016 2798 in
1032 2776 1198 2799 Parlamento
1218 2776 1335 2807 pendens
1355 2775 1423 2799 inter
1448 2775 1653 2799 Universitatem
1676 2775 1886 2806 magistrumque
1908 2774 2045 2798 Nicolaum
2066 2774 2144 2797 Vaste

862 2826 865 2851 ξ
910 2821 1067 2850 scholarem,
1088 2824 1198 2848 actores,
1222 2829 1251 2843 ac
1274 2820 1444 2844 Guillelmum
1469 2821 1627 2852 Petrumque
1649 2820 1718 2851 Lyen
1739 2821 1843 2849 fratres,
1864 2819 2024 2847 defensores,
2045 2826 2060 2841 a
2083 2826 2144 2849 rege

2202 2863 2233 2886 45

909 2865 1083 2888 committitur
1098 2865 1252 2896 praeposito
1267 2865 1341 2888 Paris
1345 2880 2141 2890 ................................
