<?xml version="1.0" encoding="UTF-8"?>
<!DOCTYPE html PUBLIC "-//W3C//DTD XHTML 1.0 Transitional//EN"
    "http://www.w3.org/TR/xhtml1/DTD/xhtml1-transitional.dtd">
<html xmlns="http://www.w3.org/1999/xhtml" xml:lang="en" lang="en">
 <head>
  <title>
</title>
<meta http-equiv="Content-Type" content="text/html;charset=utf-8" />
  <meta name='ocr-system' content='tesseract 3.04.00' />
  <meta name='ocr-capabilities' content='ocr_page ocr_carea ocr_par ocr_line ocrx_word'/>
</head>
<body>
  <div class='ocr_page' id='page_1' title='image "./chartulariumuniv04univuoft_0771.png"; bbox 0 0 2502 3418; ppageno 0'>
   <div class='ocr_carea' id='block_1_1' title="bbox 308 320 2162 363">
    <p class='ocr_par' dir='ltr' id='par_1_1' title="bbox 308 320 2162 363">
     <span class='ocr_line' id='line_1_1' title="bbox 308 320 2162 363; baseline 0.003 -8"><span class='ocrx_word' id='word_1_1' title='bbox 308 320 405 357; x_wconf 82' lang='lat'>1452]</span> <span class='ocrx_word' id='word_1_2' title='bbox 646 334 692 355; x_wconf 79' lang='grc' dir='ltr'>ΑΒ</span> <span class='ocrx_word' id='word_1_3' title='bbox 727 334 828 356; x_wconf 73' lang='lat' dir='ltr'><strong>ANNO</strong></span> <span class='ocrx_word' id='word_1_4' title='bbox 862 334 1151 356; x_wconf 73' lang='lat' dir='ltr'>MCCCLxxxxw</span> <span class='ocrx_word' id='word_1_5' title='bbox 1188 335 1317 363; x_wconf 68' lang='lat' dir='ltr'>tis-Qui:</span> <span class='ocrx_word' id='word_1_6' title='bbox 1352 336 1400 356; x_wconf 73' lang='lat' dir='ltr'>AD</span> <span class='ocrx_word' id='word_1_7' title='bbox 1435 335 1573 357; x_wconf 76' lang='lat' dir='ltr'><strong>ANNUM</strong></span> <span class='ocrx_word' id='word_1_8' title='bbox 1610 335 1816 358; x_wconf 84' lang='lat' dir='ltr'>MCCCCth.</span> <span class='ocrx_word' id='word_1_9' title='bbox 2099 327 2162 360; x_wconf 88' lang='lat'>727</span> 
     </span>
    </p>
   </div>
   <div class='ocr_carea' id='block_1_2' title="bbox 295 407 2164 2865">
    <p class='ocr_par' dir='ltr' id='par_1_2' title="bbox 304 407 2164 721">
     <span class='ocr_line' id='line_1_2' title="bbox 307 407 2162 455; baseline 0.002 -15"><span class='ocrx_word' id='word_1_10' title='bbox 307 407 377 439; x_wconf 89' lang='lat' dir='ltr'>Sed</span> <span class='ocrx_word' id='word_1_11' title='bbox 399 419 471 440; x_wconf 87' lang='lat' dir='ltr'>non</span> <span class='ocrx_word' id='word_1_12' title='bbox 492 407 598 441; x_wconf 88' lang='lat' dir='ltr'>liceat</span> <span class='ocrx_word' id='word_1_13' title='bbox 618 407 750 441; x_wconf 90' lang='lat' dir='ltr'>scolari</span> <span class='ocrx_word' id='word_1_14' title='bbox 766 409 865 452; x_wconf 89' lang='lat' dir='ltr'>juste</span> <span class='ocrx_word' id='word_1_15' title='bbox 886 408 932 441; x_wconf 92' lang='lat' dir='ltr'>ob</span> <span class='ocrx_word' id='word_1_16' title='bbox 954 408 1093 453; x_wconf 88' lang='lat' dir='ltr'>culpam</span> <span class='ocrx_word' id='word_1_17' title='bbox 1117 409 1425 454; x_wconf 82' lang='lat' dir='ltr'>negligentiamve</span> <span class='ocrx_word' id='word_1_18' title='bbox 1446 416 1625 450; x_wconf 85' lang='lat' dir='ltr'>correcte,</span> <span class='ocrx_word' id='word_1_19' title='bbox 1647 410 1689 442; x_wconf 87' lang='lat' dir='ltr'>ad</span> <span class='ocrx_word' id='word_1_20' title='bbox 1712 410 1912 443; x_wconf 86' lang='lat' dir='ltr'>evitandam</span> <span class='ocrx_word' id='word_1_21' title='bbox 1935 410 2162 455; x_wconf 83' lang='lat' dir='ltr'>disciplinam</span> 
     </span>
     <span class='ocr_line' id='line_1_3' title="bbox 305 475 2164 521; baseline 0.002 -15"><span class='ocrx_word' id='word_1_22' title='bbox 305 486 343 506; x_wconf 87' lang='lat' dir='ltr'>ac</span> <span class='ocrx_word' id='word_1_23' title='bbox 365 475 644 516; x_wconf 75' lang='lat' dir='ltr'>correctionem,</span> <span class='ocrx_word' id='word_1_24' title='bbox 670 475 741 507; x_wconf 90' lang='lat' dir='ltr'>nisi</span> <span class='ocrx_word' id='word_1_25' title='bbox 769 475 836 508; x_wconf 86' lang='lat' dir='ltr'>alia</span> <span class='ocrx_word' id='word_1_26' title='bbox 857 487 963 508; x_wconf 87' lang='lat' dir='ltr'>causa</span> <span class='ocrx_word' id='word_1_27' title='bbox 986 475 1171 508; x_wconf 80' lang='lat' dir='ltr'>sufficiens</span> <span class='ocrx_word' id='word_1_28' title='bbox 1193 482 1228 508; x_wconf 88' lang='lat' dir='ltr'>ct</span> <span class='ocrx_word' id='word_1_29' title='bbox 1253 475 1405 508; x_wconf 89' lang='lat' dir='ltr'>honesta</span> <span class='ocrx_word' id='word_1_30' title='bbox 1427 482 1606 520; x_wconf 87' lang='lat' dir='ltr'>suppetat,</span> <span class='ocrx_word' id='word_1_31' title='bbox 1635 476 1678 508; x_wconf 91' lang='lat' dir='ltr'>ad</span> <span class='ocrx_word' id='word_1_32' title='bbox 1700 476 1807 508; x_wconf 90' lang='lat' dir='ltr'>alium</span> <span class='ocrx_word' id='word_1_33' title='bbox 1832 477 1984 509; x_wconf 86' lang='lat' dir='ltr'>transire</span> <span class='ocrx_word' id='word_1_34' title='bbox 2006 477 2164 521; x_wconf 82' lang='lat' dir='ltr'>pedago-</span> 
     </span>
     <span class='ocr_line' id='line_1_4' title="bbox 304 541 2164 587; baseline 0.001 -14"><span class='ocrx_word' id='word_1_35' title='bbox 304 542 445 585; x_wconf 77' lang='lat' dir='ltr'>gum¹²⁸;</span> <span class='ocrx_word' id='word_1_36' title='bbox 468 541 676 574; x_wconf 79' lang='lat' dir='ltr'>inhibentes</span> <span class='ocrx_word' id='word_1_37' title='bbox 698 554 742 574; x_wconf 89' lang='lat' dir='ltr'>ne</span> <span class='ocrx_word' id='word_1_38' title='bbox 766 541 845 574; x_wconf 89' lang='lat' dir='ltr'>talis</span> <span class='ocrx_word' id='word_1_39' title='bbox 866 541 909 574; x_wconf 88' lang='lat' dir='ltr'>ab</span> <span class='ocrx_word' id='word_1_40' title='bbox 930 542 1000 574; x_wconf 88' lang='lat' dir='ltr'>alio</span> <span class='ocrx_word' id='word_1_41' title='bbox 1023 542 1214 587; x_wconf 83' lang='lat' dir='ltr'>pedagogo</span> <span class='ocrx_word' id='word_1_42' title='bbox 1237 542 1432 587; x_wconf 73' lang='lat' dir='ltr'>recipiatur</span> <span class='ocrx_word' id='word_1_43' title='bbox 1448 543 1483 574; x_wconf 92' lang='lat' dir='ltr'>in</span> <span class='ocrx_word' id='word_1_44' title='bbox 1501 542 1608 574; x_wconf 88' lang='lat' dir='ltr'>domo</span> <span class='ocrx_word' id='word_1_45' title='bbox 1626 554 1702 582; x_wconf 91' lang='lat' dir='ltr'>sua,</span> <span class='ocrx_word' id='word_1_46' title='bbox 1721 543 1781 587; x_wconf 88' lang='lat' dir='ltr'>qui</span> <span class='ocrx_word' id='word_1_47' title='bbox 1804 549 1952 587; x_wconf 91' lang='lat' dir='ltr'>propter</span> <span class='ocrx_word' id='word_1_48' title='bbox 1968 544 2164 576; x_wconf 87' lang='lat' dir='ltr'>eorrectio-</span> 
     </span>
     <span class='ocr_line' id='line_1_5' title="bbox 305 608 2162 654; baseline 0.001 -14"><span class='ocrx_word' id='word_1_49' title='bbox 305 620 386 640; x_wconf 88' lang='lat' dir='ltr'>nem</span> <span class='ocrx_word' id='word_1_50' title='bbox 409 608 564 641; x_wconf 86' lang='lat' dir='ltr'>debitam</span> <span class='ocrx_word' id='word_1_51' title='bbox 592 608 726 653; x_wconf 87' lang='lat' dir='ltr'>prioris</span> <span class='ocrx_word' id='word_1_52' title='bbox 748 609 909 653; x_wconf 82' lang='lat' dir='ltr'>magistri</span> <span class='ocrx_word' id='word_1_53' title='bbox 941 609 1085 641; x_wconf 91' lang='lat' dir='ltr'>domum</span> <span class='ocrx_word' id='word_1_54' title='bbox 1113 609 1259 648; x_wconf 86' lang='lat' dir='ltr'>exierit;</span> <span class='ocrx_word' id='word_1_55' title='bbox 1291 609 1452 654; x_wconf 89' lang='lat' dir='ltr'>alioquin</span> <span class='ocrx_word' id='word_1_56' title='bbox 1483 610 1584 654; x_wconf 89' lang='lat' dir='ltr'>prior</span> <span class='ocrx_word' id='word_1_57' title='bbox 1611 609 1795 654; x_wconf 81' lang='lat' dir='ltr'>magister,</span> <span class='ocrx_word' id='word_1_58' title='bbox 1819 609 1879 653; x_wconf 89' lang='lat' dir='ltr'>qui</span> <span class='ocrx_word' id='word_1_59' title='bbox 1900 610 2162 642; x_wconf 72' lang='lat' dir='ltr'>correctionem</span> 
     </span>
     <span class='ocr_line' id='line_1_6' title="bbox 305 675 1693 721; baseline 0.001 -14"><span class='ocrx_word' id='word_1_60' title='bbox 305 675 402 716; x_wconf 85' lang='lat' dir='ltr'>fecit,</span> <span class='ocrx_word' id='word_1_61' title='bbox 419 676 476 719; x_wconf 83' lang='lat' dir='ltr'>jus</span> <span class='ocrx_word' id='word_1_62' title='bbox 498 675 627 708; x_wconf 86' lang='lat' dir='ltr'>habeat</span> <span class='ocrx_word' id='word_1_63' title='bbox 647 675 748 708; x_wconf 90' lang='lat' dir='ltr'>illum</span> <span class='ocrx_word' id='word_1_64' title='bbox 771 676 960 720; x_wconf 88' lang='lat' dir='ltr'>repetendi</span> <span class='ocrx_word' id='word_1_65' title='bbox 981 688 1100 709; x_wconf 91' lang='lat' dir='ltr'>coram</span> <span class='ocrx_word' id='word_1_66' title='bbox 1120 676 1336 709; x_wconf 88' lang='lat' dir='ltr'>cancellario</span> <span class='ocrx_word' id='word_1_67' title='bbox 1358 676 1415 710; x_wconf 87' lang='lat' dir='ltr'>vel</span> <span class='ocrx_word' id='word_1_68' title='bbox 1437 677 1516 721; x_wconf 89' lang='lat' dir='ltr'>ejus</span> <span class='ocrx_word' id='word_1_69' title='bbox 1538 676 1693 708; x_wconf 83' lang='lat' dir='ltr'>officiali.</span> 
     </span>
    </p>

    <p class='ocr_par' dir='ltr' id='par_1_3' title="bbox 302 742 2164 1323">
     <span class='ocr_line' id='line_1_7' title="bbox 393 742 2164 788; baseline 0.001 -14"><span class='ocrx_word' id='word_1_70' title='bbox 393 743 499 783; x_wconf 88' lang='lat' dir='ltr'>Item,</span> <span class='ocrx_word' id='word_1_71' title='bbox 537 743 619 786; x_wconf 88' lang='lat' dir='ltr'>quia</span> <span class='ocrx_word' id='word_1_72' title='bbox 655 754 697 775; x_wconf 88' lang='lat' dir='ltr'>ex</span> <span class='ocrx_word' id='word_1_73' title='bbox 735 742 913 775; x_wconf 89' lang='lat' dir='ltr'>bonorum</span> <span class='ocrx_word' id='word_1_74' title='bbox 949 743 1110 776; x_wconf 84' lang='lat' dir='ltr'>virorum</span> <span class='ocrx_word' id='word_1_75' title='bbox 1146 744 1215 776; x_wconf 84' lang='lat' dir='ltr'>fida</span> <span class='ocrx_word' id='word_1_76' title='bbox 1250 744 1425 776; x_wconf 74' lang='lat' dir='ltr'>relatione</span> <span class='ocrx_word' id='word_1_77' title='bbox 1461 743 1696 788; x_wconf 75' lang='lat' dir='ltr'>concepimus</span> <span class='ocrx_word' id='word_1_78' title='bbox 1736 743 1934 775; x_wconf 88' lang='lat' dir='ltr'>nonnullos</span> <span class='ocrx_word' id='word_1_79' title='bbox 1970 743 2164 787; x_wconf 83' lang='lat' dir='ltr'>magistros</span> 
     </span>
     <span class='ocr_line' id='line_1_8' title="bbox 304 809 2163 855; baseline 0.001 -14"><span class='ocrx_word' id='word_1_80' title='bbox 304 816 473 853; x_wconf 81' lang='lat' dir='ltr'>regentes</span> <span class='ocrx_word' id='word_1_81' title='bbox 495 809 531 841; x_wconf 87' lang='lat' dir='ltr'>in</span> <span class='ocrx_word' id='word_1_82' title='bbox 552 809 679 842; x_wconf 88' lang='lat' dir='ltr'>artium</span> <span class='ocrx_word' id='word_1_83' title='bbox 702 809 869 842; x_wconf 77' lang='lat' dir='ltr'>facultate</span> <span class='ocrx_word' id='word_1_84' title='bbox 890 809 933 842; x_wconf 89' lang='lat' dir='ltr'>ab</span> <span class='ocrx_word' id='word_1_85' title='bbox 951 810 1098 855; x_wconf 88' lang='lat' dir='ltr'>antiquo</span> <span class='ocrx_word' id='word_1_86' title='bbox 1120 822 1219 843; x_wconf 87' lang='lat' dir='ltr'>more</span> <span class='ocrx_word' id='word_1_87' title='bbox 1241 810 1389 855; x_wconf 84' lang='lat' dir='ltr'>legendi</span> <span class='ocrx_word' id='word_1_88' title='bbox 1411 817 1445 843; x_wconf 90' lang='lat' dir='ltr'>et</span> <span class='ocrx_word' id='word_1_89' title='bbox 1466 810 1619 855; x_wconf 84' lang='lat' dir='ltr'>regendi</span> <span class='ocrx_word' id='word_1_90' title='bbox 1640 822 1712 842; x_wconf 91' lang='lat' dir='ltr'>non</span> <span class='ocrx_word' id='word_1_91' title='bbox 1734 810 1854 842; x_wconf 88' lang='lat' dir='ltr'>minus</span> <span class='ocrx_word' id='word_1_92' title='bbox 1875 810 1912 842; x_wconf 91' lang='lat' dir='ltr'>in</span> <span class='ocrx_word' id='word_1_93' title='bbox 1934 821 2058 842; x_wconf 86' lang='lat' dir='ltr'>eorum</span> <span class='ocrx_word' id='word_1_94' title='bbox 2075 810 2163 843; x_wconf 88' lang='lat' dir='ltr'>vitu-</span> 
     </span>
     <span class='ocr_line' id='line_1_9' title="bbox 304 875 2162 922; baseline 0.002 -14"><span class='ocrx_word' id='word_1_95' title='bbox 304 875 443 920; x_wconf 85' lang='lat' dir='ltr'>perium</span> <span class='ocrx_word' id='word_1_96' title='bbox 471 888 575 920; x_wconf 89' lang='lat' dir='ltr'>quam</span> <span class='ocrx_word' id='word_1_97' title='bbox 606 875 798 909; x_wconf 90' lang='lat' dir='ltr'>scolarium</span> <span class='ocrx_word' id='word_1_98' title='bbox 828 876 1020 922; x_wconf 90' lang='lat' dir='ltr'>dampnum</span> <span class='ocrx_word' id='word_1_99' title='bbox 1052 877 1248 918; x_wconf 90' lang='lat' dir='ltr'>decidisse,</span> <span class='ocrx_word' id='word_1_100' title='bbox 1278 877 1488 909; x_wconf 83' lang='lat' dir='ltr'>mandamus</span> <span class='ocrx_word' id='word_1_101' title='bbox 1516 884 1551 909; x_wconf 89' lang='lat' dir='ltr'>et</span> <span class='ocrx_word' id='word_1_102' title='bbox 1578 877 1779 909; x_wconf 90' lang='lat' dir='ltr'>districtius</span> <span class='ocrx_word' id='word_1_103' title='bbox 1809 876 1846 908; x_wconf 92' lang='lat' dir='ltr'>in</span> <span class='ocrx_word' id='word_1_104' title='bbox 1873 876 2005 909; x_wconf 88' lang='lat' dir='ltr'>virtute</span> <span class='ocrx_word' id='word_1_105' title='bbox 2040 883 2162 911; x_wconf 88' lang='lat' dir='ltr'>sancte</span> 
     </span>
     <span class='ocr_line' id='line_1_10' title="bbox 304 942 2163 989; baseline 0 -14"><span class='ocrx_word' id='word_1_106' title='bbox 304 942 512 976; x_wconf 81' lang='lat' dir='ltr'>obedientie</span> <span class='ocrx_word' id='word_1_107' title='bbox 533 944 754 988; x_wconf 86' lang='lat' dir='ltr'>precipimus</span> <span class='ocrx_word' id='word_1_108' title='bbox 776 943 945 976; x_wconf 89' lang='lat' dir='ltr'>omnibus</span> <span class='ocrx_word' id='word_1_109' title='bbox 967 950 1002 977; x_wconf 90' lang='lat' dir='ltr'>et</span> <span class='ocrx_word' id='word_1_110' title='bbox 1023 944 1181 989; x_wconf 86' lang='lat' dir='ltr'>singulis</span> <span class='ocrx_word' id='word_1_111' title='bbox 1212 944 1396 989; x_wconf 81' lang='lat' dir='ltr'>magistris</span> <span class='ocrx_word' id='word_1_112' title='bbox 1425 943 1637 989; x_wconf 83' lang='lat' dir='ltr'>regentibus</span> <span class='ocrx_word' id='word_1_113' title='bbox 1666 950 1701 976; x_wconf 87' lang='lat' dir='ltr'>et</span> <span class='ocrx_word' id='word_1_114' title='bbox 1728 943 1958 985; x_wconf 79' lang='lat' dir='ltr'>docentibus,</span> <span class='ocrx_word' id='word_1_115' title='bbox 1986 949 2163 988; x_wconf 89' lang='lat' dir='ltr'>quatenus</span> 
     </span>
     <span class='ocr_line' id='line_1_11' title="bbox 304 1010 2163 1056; baseline 0 -13"><span class='ocrx_word' id='word_1_116' title='bbox 304 1010 397 1043; x_wconf 90' lang='lat' dir='ltr'>circa</span> <span class='ocrx_word' id='word_1_117' title='bbox 414 1017 548 1043; x_wconf 86' lang='lat' dir='ltr'>textum</span> <span class='ocrx_word' id='word_1_118' title='bbox 565 1010 774 1043; x_wconf 88' lang='lat' dir='ltr'>Aristotelis</span> <span class='ocrx_word' id='word_1_119' title='bbox 797 1011 999 1044; x_wconf 89' lang='lat' dir='ltr'>scolaribus</span> <span class='ocrx_word' id='word_1_120' title='bbox 1021 1012 1098 1044; x_wconf 90' lang='lat' dir='ltr'>suis</span> <span class='ocrx_word' id='word_1_121' title='bbox 1120 1011 1374 1056; x_wconf 89' lang='lat' dir='ltr'>exponendum</span> <span class='ocrx_word' id='word_1_122' title='bbox 1396 1011 1439 1044; x_wconf 92' lang='lat' dir='ltr'>de</span> <span class='ocrx_word' id='word_1_123' title='bbox 1462 1018 1595 1056; x_wconf 86' lang='lat' dir='ltr'>puncto</span> <span class='ocrx_word' id='word_1_124' title='bbox 1617 1011 1653 1043; x_wconf 94' lang='lat' dir='ltr'>in</span> <span class='ocrx_word' id='word_1_125' title='bbox 1674 1017 1846 1055; x_wconf 91' lang='lat' dir='ltr'>punctum</span> <span class='ocrx_word' id='word_1_126' title='bbox 1868 1010 2068 1051; x_wconf 70' lang='lat' dir='ltr'>intendant,</span> <span class='ocrx_word' id='word_1_127' title='bbox 2088 1010 2163 1043; x_wconf 89' lang='lat' dir='ltr'>sive</span> 
     </span>
     <span class='ocr_line' id='line_1_12' title="bbox 305 1077 2161 1123; baseline -0.001 -13"><span class='ocrx_word' id='word_1_128' title='bbox 305 1077 348 1110; x_wconf 85' lang='lat' dir='ltr'>de</span> <span class='ocrx_word' id='word_1_129' title='bbox 370 1077 527 1122; x_wconf 85' lang='lat' dir='ltr'>capitulo</span> <span class='ocrx_word' id='word_1_130' title='bbox 548 1078 584 1110; x_wconf 89' lang='lat' dir='ltr'>in</span> <span class='ocrx_word' id='word_1_131' title='bbox 606 1078 799 1122; x_wconf 89' lang='lat' dir='ltr'>capitulum</span> <span class='ocrx_word' id='word_1_132' title='bbox 823 1078 1020 1123; x_wconf 86' lang='lat' dir='ltr'>diligenter</span> <span class='ocrx_word' id='word_1_133' title='bbox 1041 1079 1250 1111; x_wconf 88' lang='lat' dir='ltr'>Commenta</span> <span class='ocrx_word' id='word_1_134' title='bbox 1273 1085 1308 1110; x_wconf 92' lang='lat' dir='ltr'>et</span> <span class='ocrx_word' id='word_1_135' title='bbox 1328 1078 1576 1122; x_wconf 85' lang='lat' dir='ltr'>expositiones</span> <span class='ocrx_word' id='word_1_136' title='bbox 1598 1077 1896 1122; x_wconf 87' lang='lat' dir='ltr'>philosophorum</span> <span class='ocrx_word' id='word_1_137' title='bbox 1920 1084 1955 1110; x_wconf 88' lang='lat' dir='ltr'>et</span> <span class='ocrx_word' id='word_1_138' title='bbox 1975 1077 2161 1109; x_wconf 89' lang='lat' dir='ltr'>doctorum</span> 
     </span>
     <span class='ocr_line' id='line_1_13' title="bbox 304 1143 2164 1189; baseline 0 -13"><span class='ocrx_word' id='word_1_139' title='bbox 304 1144 474 1177; x_wconf 91' lang='lat' dir='ltr'>studeant</span> <span class='ocrx_word' id='word_1_140' title='bbox 494 1151 529 1177; x_wconf 90' lang='lat' dir='ltr'>et</span> <span class='ocrx_word' id='word_1_141' title='bbox 550 1145 751 1189; x_wconf 79' lang='lat' dir='ltr'>exquirant,</span> <span class='ocrx_word' id='word_1_142' title='bbox 775 1145 821 1177; x_wconf 90' lang='lat' dir='ltr'>ita</span> <span class='ocrx_word' id='word_1_143' title='bbox 842 1145 939 1189; x_wconf 89' lang='lat' dir='ltr'>quod</span> <span class='ocrx_word' id='word_1_144' title='bbox 964 1145 1141 1178; x_wconf 88' lang='lat' dir='ltr'>lectiones</span> <span class='ocrx_word' id='word_1_145' title='bbox 1167 1157 1251 1177; x_wconf 90' lang='lat' dir='ltr'>suas</span> <span class='ocrx_word' id='word_1_146' title='bbox 1273 1144 1456 1177; x_wconf 89' lang='lat' dir='ltr'>elaborato</span> <span class='ocrx_word' id='word_1_147' title='bbox 1479 1144 1599 1177; x_wconf 86' lang='lat' dir='ltr'>studio</span> <span class='ocrx_word' id='word_1_148' title='bbox 1621 1144 1697 1177; x_wconf 90' lang='lat' dir='ltr'>suis</span> <span class='ocrx_word' id='word_1_149' title='bbox 1719 1143 1911 1188; x_wconf 88' lang='lat' dir='ltr'>discipulis</span> <span class='ocrx_word' id='word_1_150' title='bbox 1933 1155 1995 1176; x_wconf 90' lang='lat' dir='ltr'>ore</span> <span class='ocrx_word' id='word_1_151' title='bbox 2017 1144 2164 1188; x_wconf 89' lang='lat' dir='ltr'>proprio</span> 
     </span>
     <span class='ocr_line' id='line_1_14' title="bbox 304 1211 2163 1256; baseline 0 -13"><span class='ocrx_word' id='word_1_152' title='bbox 304 1211 424 1244; x_wconf 87' lang='lat' dir='ltr'>dicant</span> <span class='ocrx_word' id='word_1_153' title='bbox 444 1218 479 1243; x_wconf 89' lang='lat' dir='ltr'>et</span> <span class='ocrx_word' id='word_1_154' title='bbox 499 1212 742 1256; x_wconf 85' lang='lat' dir='ltr'>pronuncient</span> <span class='ocrx_word' id='word_1_155' title='bbox 765 1223 771 1244; x_wconf 75' lang='lat'>1</span> <span class='ocrx_word' id='word_1_156' title='bbox 796 1212 890 1256; x_wconf 86' lang='lat' dir='ltr'>quia,</span> <span class='ocrx_word' id='word_1_157' title='bbox 913 1219 951 1244; x_wconf 89' lang='lat' dir='ltr'>ut</span> <span class='ocrx_word' id='word_1_158' title='bbox 972 1212 1250 1256; x_wconf 52' lang='lat' dir='ltr'>Hieronymusw</span> <span class='ocrx_word' id='word_1_159' title='bbox 1272 1212 1332 1250; x_wconf 80' lang='lat' dir='ltr'>ait,</span> <span class='ocrx_word' id='word_1_160' title='bbox 1358 1211 1467 1244; x_wconf 89' lang='lat' dir='ltr'>habet</span> <span class='ocrx_word' id='word_1_161' title='bbox 1487 1211 1611 1244; x_wconf 90' lang='lat' dir='ltr'>nescio</span> <span class='ocrx_word' id='word_1_162' title='bbox 1634 1211 1721 1255; x_wconf 91' lang='lat' dir='ltr'>quid</span> <span class='ocrx_word' id='word_1_163' title='bbox 1747 1211 1892 1244; x_wconf 87' lang='lat' dir='ltr'>latentis</span> <span class='ocrx_word' id='word_1_164' title='bbox 1914 1211 2062 1256; x_wconf 83' lang='lat' dir='ltr'>energie</span> <span class='ocrx_word' id='word_1_165' title='bbox 2083 1211 2163 1244; x_wconf 91' lang='lat' dir='ltr'>vive</span> 
     </span>
     <span class='ocr_line' id='line_1_15' title="bbox 302 1278 1787 1323; baseline 0 -13"><span class='ocrx_word' id='word_1_166' title='bbox 302 1278 402 1311; x_wconf 89' lang='lat' dir='ltr'>vocis</span> <span class='ocrx_word' id='word_1_167' title='bbox 423 1284 537 1318; x_wconf 81' lang='lat' dir='ltr'>actus,</span> <span class='ocrx_word' id='word_1_168' title='bbox 555 1285 589 1311; x_wconf 93' lang='lat' dir='ltr'>et</span> <span class='ocrx_word' id='word_1_169' title='bbox 610 1278 646 1310; x_wconf 91' lang='lat' dir='ltr'>in</span> <span class='ocrx_word' id='word_1_170' title='bbox 667 1290 773 1311; x_wconf 89' lang='lat' dir='ltr'>aures</span> <span class='ocrx_word' id='word_1_171' title='bbox 796 1278 967 1323; x_wconf 87' lang='lat' dir='ltr'>discipuli</span> <span class='ocrx_word' id='word_1_172' title='bbox 990 1279 1033 1311; x_wconf 93' lang='lat' dir='ltr'>de</span> <span class='ocrx_word' id='word_1_173' title='bbox 1054 1279 1214 1311; x_wconf 82' lang='lat' dir='ltr'>auctoris</span> <span class='ocrx_word' id='word_1_174' title='bbox 1236 1291 1297 1311; x_wconf 91' lang='lat' dir='ltr'>ore</span> <span class='ocrx_word' id='word_1_175' title='bbox 1320 1279 1499 1311; x_wconf 81' lang='lat' dir='ltr'>transfusa</span> <span class='ocrx_word' id='word_1_176' title='bbox 1522 1278 1651 1310; x_wconf 84' lang='lat' dir='ltr'>fortius</span> <span class='ocrx_word' id='word_1_177' title='bbox 1672 1285 1787 1310; x_wconf 86' lang='lat' dir='ltr'>sonat.</span> 
     </span>
    </p>

    <p class='ocr_par' dir='ltr' id='par_1_4' title="bbox 297 1344 2163 1926">
     <span class='ocr_line' id='line_1_16' title="bbox 390 1344 2161 1391; baseline 0.001 -14"><span class='ocrx_word' id='word_1_178' title='bbox 390 1346 477 1377; x_wconf 88' lang='lat' dir='ltr'>Item</span> <span class='ocrx_word' id='word_1_179' title='bbox 500 1345 648 1390; x_wconf 87' lang='lat' dir='ltr'>presatis</span> <span class='ocrx_word' id='word_1_180' title='bbox 677 1345 892 1390; x_wconf 84' lang='lat' dir='ltr'>regentibus</span> <span class='ocrx_word' id='word_1_181' title='bbox 923 1346 1143 1387; x_wconf 87' lang='lat' dir='ltr'>inhibemus,</span> <span class='ocrx_word' id='word_1_182' title='bbox 1173 1358 1217 1378; x_wconf 89' lang='lat' dir='ltr'>ne</span> <span class='ocrx_word' id='word_1_183' title='bbox 1246 1346 1370 1391; x_wconf 87' lang='lat' dir='ltr'>legant</span> <span class='ocrx_word' id='word_1_184' title='bbox 1396 1346 1439 1378; x_wconf 90' lang='lat' dir='ltr'>de</span> <span class='ocrx_word' id='word_1_185' title='bbox 1461 1345 1572 1378; x_wconf 86' lang='lat' dir='ltr'>verbo</span> <span class='ocrx_word' id='word_1_186' title='bbox 1594 1345 1638 1377; x_wconf 91' lang='lat' dir='ltr'>ad</span> <span class='ocrx_word' id='word_1_187' title='bbox 1663 1345 1813 1378; x_wconf 88' lang='lat' dir='ltr'>verbum</span> <span class='ocrx_word' id='word_1_188' title='bbox 1844 1345 1880 1377; x_wconf 89' lang='lat' dir='ltr'>in</span> <span class='ocrx_word' id='word_1_189' title='bbox 1907 1344 2161 1389; x_wconf 87' lang='lat' dir='ltr'>questionibus</span> 
     </span>
     <span class='ocr_line' id='line_1_17' title="bbox 300 1411 2161 1457; baseline 0 -13"><span class='ocrx_word' id='word_1_190' title='bbox 300 1411 443 1453; x_wconf 89' lang='lat' dir='ltr'>alienis,</span> <span class='ocrx_word' id='word_1_191' title='bbox 461 1412 526 1444; x_wconf 90' lang='lat' dir='ltr'>sed</span> <span class='ocrx_word' id='word_1_192' title='bbox 548 1412 738 1445; x_wconf 86' lang='lat' dir='ltr'>intendant</span> <span class='ocrx_word' id='word_1_193' title='bbox 758 1412 873 1445; x_wconf 86' lang='lat' dir='ltr'>labori</span> <span class='ocrx_word' id='word_1_194' title='bbox 896 1419 930 1445; x_wconf 90' lang='lat' dir='ltr'>et</span> <span class='ocrx_word' id='word_1_195' title='bbox 951 1413 1072 1445; x_wconf 88' lang='lat' dir='ltr'>studio</span> <span class='ocrx_word' id='word_1_196' title='bbox 1095 1413 1212 1445; x_wconf 88' lang='lat' dir='ltr'>taliter</span> <span class='ocrx_word' id='word_1_197' title='bbox 1234 1413 1329 1457; x_wconf 89' lang='lat' dir='ltr'>quod</span> <span class='ocrx_word' id='word_1_198' title='bbox 1352 1425 1416 1457; x_wconf 87' lang='lat' dir='ltr'>per</span> <span class='ocrx_word' id='word_1_199' title='bbox 1436 1413 1580 1457; x_wconf 84' lang='lat' dir='ltr'>scipsos</span> <span class='ocrx_word' id='word_1_200' title='bbox 1609 1412 1724 1444; x_wconf 87' lang='lat' dir='ltr'>sciant</span> <span class='ocrx_word' id='word_1_201' title='bbox 1749 1418 1784 1444; x_wconf 91' lang='lat' dir='ltr'>et</span> <span class='ocrx_word' id='word_1_202' title='bbox 1802 1412 1943 1445; x_wconf 90' lang='lat' dir='ltr'>valeant</span> <span class='ocrx_word' id='word_1_203' title='bbox 1970 1411 2161 1444; x_wconf 90' lang='lat' dir='ltr'>lectionem</span> 
     </span>
     <span class='ocr_line' id='line_1_18' title="bbox 298 1478 2163 1524; baseline -0.001 -13"><span class='ocrx_word' id='word_1_204' title='bbox 298 1479 416 1511; x_wconf 89' lang='lat' dir='ltr'>facere</span> <span class='ocrx_word' id='word_1_205' title='bbox 443 1485 478 1511; x_wconf 88' lang='lat' dir='ltr'>et</span> <span class='ocrx_word' id='word_1_206' title='bbox 505 1479 698 1524; x_wconf 87' lang='lat' dir='ltr'>discipulis</span> <span class='ocrx_word' id='word_1_207' title='bbox 727 1479 869 1512; x_wconf 82' lang='lat' dir='ltr'>tradere</span> <span class='ocrx_word' id='word_1_208' title='bbox 901 1479 1154 1521; x_wconf 88' lang='lat' dir='ltr'>sufficientem,</span> <span class='ocrx_word' id='word_1_209' title='bbox 1184 1480 1260 1512; x_wconf 90' lang='lat' dir='ltr'>sive</span> <span class='ocrx_word' id='word_1_210' title='bbox 1290 1479 1414 1524; x_wconf 87' lang='lat' dir='ltr'>legant</span> <span class='ocrx_word' id='word_1_211' title='bbox 1442 1479 1485 1512; x_wconf 92' lang='lat' dir='ltr'>ad</span> <span class='ocrx_word' id='word_1_212' title='bbox 1514 1491 1668 1524; x_wconf 81' lang='lat' dir='ltr'>pennam</span> <span class='ocrx_word' id='word_1_213' title='bbox 1695 1479 1772 1511; x_wconf 89' lang='lat' dir='ltr'>sive</span> <span class='ocrx_word' id='word_1_214' title='bbox 1805 1491 1891 1520; x_wconf 89' lang='lat' dir='ltr'>non,</span> <span class='ocrx_word' id='word_1_215' title='bbox 1919 1478 2163 1511; x_wconf 84' lang='lat' dir='ltr'>nonobstante</span> 
     </span>
     <span class='ocr_line' id='line_1_19' title="bbox 298 1545 2162 1591; baseline -0.001 -13"><span class='ocrx_word' id='word_1_216' title='bbox 298 1545 446 1590; x_wconf 90' lang='lat' dir='ltr'>antiquo</span> <span class='ocrx_word' id='word_1_217' title='bbox 476 1552 608 1579; x_wconf 88' lang='lat' dir='ltr'>statuto</span> <span class='ocrx_word' id='word_1_218' title='bbox 637 1546 682 1578; x_wconf 89' lang='lat' dir='ltr'>de</span> <span class='ocrx_word' id='word_1_219' title='bbox 710 1558 782 1579; x_wconf 91' lang='lat' dir='ltr'>non</span> <span class='ocrx_word' id='word_1_220' title='bbox 811 1546 969 1591; x_wconf 84' lang='lat' dir='ltr'>legendo</span> <span class='ocrx_word' id='word_1_221' title='bbox 997 1547 1040 1579; x_wconf 91' lang='lat' dir='ltr'>ad</span> <span class='ocrx_word' id='word_1_222' title='bbox 1069 1558 1235 1591; x_wconf 83' lang='lat' dir='ltr'>pennam,</span> <span class='ocrx_word' id='word_1_223' title='bbox 1262 1558 1373 1591; x_wconf 86' lang='lat' dir='ltr'>super</span> <span class='ocrx_word' id='word_1_224' title='bbox 1394 1558 1464 1590; x_wconf 87' lang='lat' dir='ltr'>quo</span> <span class='ocrx_word' id='word_1_225' title='bbox 1493 1546 1768 1590; x_wconf 74' lang='lat' dir='ltr'>dispensamus,</span> <span class='ocrx_word' id='word_1_226' title='bbox 1792 1545 1988 1578; x_wconf 91' lang='lat' dir='ltr'>dummodo</span> <span class='ocrx_word' id='word_1_227' title='bbox 2010 1545 2057 1578; x_wconf 92' lang='lat' dir='ltr'>ita</span> <span class='ocrx_word' id='word_1_228' title='bbox 2078 1557 2162 1578; x_wconf 88' lang='lat' dir='ltr'>suas</span> 
     </span>
     <span class='ocr_line' id='line_1_20' title="bbox 298 1612 2163 1658; baseline -0.001 -13"><span class='ocrx_word' id='word_1_229' title='bbox 298 1619 517 1658; x_wconf 88' lang='lat' dir='ltr'>componant</span> <span class='ocrx_word' id='word_1_230' title='bbox 546 1613 736 1654; x_wconf 73' lang='lat' dir='ltr'>lectiones,</span> <span class='ocrx_word' id='word_1_231' title='bbox 767 1614 864 1658; x_wconf 89' lang='lat' dir='ltr'>quod</span> <span class='ocrx_word' id='word_1_232' title='bbox 887 1626 929 1646; x_wconf 88' lang='lat' dir='ltr'>ex</span> <span class='ocrx_word' id='word_1_233' title='bbox 950 1626 1073 1646; x_wconf 90' lang='lat' dir='ltr'>eorum</span> <span class='ocrx_word' id='word_1_234' title='bbox 1098 1614 1248 1646; x_wconf 87' lang='lat' dir='ltr'>scientia</span> <span class='ocrx_word' id='word_1_235' title='bbox 1277 1620 1312 1646; x_wconf 92' lang='lat' dir='ltr'>et</span> <span class='ocrx_word' id='word_1_236' title='bbox 1341 1613 1464 1646; x_wconf 89' lang='lat' dir='ltr'>labore</span> <span class='ocrx_word' id='word_1_237' title='bbox 1494 1625 1558 1657; x_wconf 91' lang='lat' dir='ltr'>per</span> <span class='ocrx_word' id='word_1_238' title='bbox 1579 1613 1858 1657; x_wconf 82' lang='lat' dir='ltr'>exquisitionem</span> <span class='ocrx_word' id='word_1_239' title='bbox 1881 1612 2057 1645; x_wconf 89' lang='lat' dir='ltr'>librorum</span> <span class='ocrx_word' id='word_1_240' title='bbox 2079 1624 2163 1657; x_wconf 90' lang='lat' dir='ltr'>pro-</span> 
     </span>
     <span class='ocr_line' id='line_1_21' title="bbox 297 1679 2160 1726; baseline -0.001 -13"><span class='ocrx_word' id='word_1_241' title='bbox 297 1680 426 1713; x_wconf 86' lang='lat' dir='ltr'>cedere</span> <span class='ocrx_word' id='word_1_242' title='bbox 444 1681 647 1713; x_wconf 90' lang='lat' dir='ltr'>videantur.</span> <span class='ocrx_word' id='word_1_243' title='bbox 671 1681 884 1725; x_wconf 87' lang='lat' dir='ltr'>Specialiter</span> <span class='ocrx_word' id='word_1_244' title='bbox 900 1688 1017 1713; x_wconf 89' lang='lat' dir='ltr'>autem</span> <span class='ocrx_word' id='word_1_245' title='bbox 1036 1688 1069 1713; x_wconf 89' lang='lat' dir='ltr'>et</span> <span class='ocrx_word' id='word_1_246' title='bbox 1086 1681 1153 1713; x_wconf 87' lang='lat' dir='ltr'>sub</span> <span class='ocrx_word' id='word_1_247' title='bbox 1171 1693 1262 1726; x_wconf 87' lang='lat' dir='ltr'>pena</span> <span class='ocrx_word' id='word_1_248' title='bbox 1281 1680 1664 1713; x_wconf 84' lang='lat' dir='ltr'>excommunicationis</span> <span class='ocrx_word' id='word_1_249' title='bbox 1682 1679 1904 1719; x_wconf 90' lang='lat' dir='ltr'>inhibemus,</span> <span class='ocrx_word' id='word_1_250' title='bbox 1923 1692 1967 1712; x_wconf 92' lang='lat' dir='ltr'>ne</span> <span class='ocrx_word' id='word_1_251' title='bbox 1989 1680 2160 1724; x_wconf 86' lang='lat' dir='ltr'>quasdam</span> 
     </span>
     <span class='ocr_line' id='line_1_22' title="bbox 298 1746 2160 1792; baseline -0.001 -13"><span class='ocrx_word' id='word_1_252' title='bbox 298 1747 525 1792; x_wconf 88' lang='lat' dir='ltr'>questiones,</span> <span class='ocrx_word' id='word_1_253' title='bbox 550 1748 714 1792; x_wconf 86' lang='lat' dir='ltr'>quamvis</span> <span class='ocrx_word' id='word_1_254' title='bbox 736 1747 829 1780; x_wconf 91' lang='lat' dir='ltr'>bene</span> <span class='ocrx_word' id='word_1_255' title='bbox 852 1748 1043 1792; x_wconf 85' lang='lat' dir='ltr'>compilate</span> <span class='ocrx_word' id='word_1_256' title='bbox 1066 1748 1233 1789; x_wconf 86' lang='lat' dir='ltr'>existant,</span> <span class='ocrx_word' id='word_1_257' title='bbox 1260 1748 1401 1780; x_wconf 90' lang='lat' dir='ltr'>tradant</span> <span class='ocrx_word' id='word_1_258' title='bbox 1422 1748 1483 1779; x_wconf 92' lang='lat' dir='ltr'>uni</span> <span class='ocrx_word' id='word_1_259' title='bbox 1506 1747 1549 1779; x_wconf 90' lang='lat' dir='ltr'>de</span> <span class='ocrx_word' id='word_1_260' title='bbox 1571 1746 1775 1779; x_wconf 87' lang='lat' dir='ltr'>scolaribus</span> <span class='ocrx_word' id='word_1_261' title='bbox 1797 1746 1874 1779; x_wconf 87' lang='lat' dir='ltr'>suis</span> <span class='ocrx_word' id='word_1_262' title='bbox 1896 1746 1938 1778; x_wconf 88' lang='lat' dir='ltr'>ad</span> <span class='ocrx_word' id='word_1_263' title='bbox 1964 1746 2160 1791; x_wconf 86' lang='lat' dir='ltr'>legendum</span> 
     </span>
     <span class='ocr_line' id='line_1_23' title="bbox 298 1812 2162 1859; baseline 0 -13"><span class='ocrx_word' id='word_1_264' title='bbox 298 1820 334 1846; x_wconf 91' lang='lat' dir='ltr'>et</span> <span class='ocrx_word' id='word_1_265' title='bbox 354 1814 612 1846; x_wconf 88' lang='lat' dir='ltr'>nominandum</span> <span class='ocrx_word' id='word_1_266' title='bbox 635 1815 768 1848; x_wconf 88' lang='lat' dir='ltr'>ceteris</span> <span class='ocrx_word' id='word_1_267' title='bbox 790 1814 1043 1855; x_wconf 87' lang='lat' dir='ltr'>studentibus;</span> <span class='ocrx_word' id='word_1_268' title='bbox 1067 1815 1177 1859; x_wconf 88' lang='lat' dir='ltr'>quod,</span> <span class='ocrx_word' id='word_1_269' title='bbox 1204 1821 1242 1847; x_wconf 90' lang='lat' dir='ltr'>ut</span> <span class='ocrx_word' id='word_1_270' title='bbox 1269 1814 1488 1859; x_wconf 86' lang='lat' dir='ltr'>accepimus,</span> <span class='ocrx_word' id='word_1_271' title='bbox 1516 1814 1661 1858; x_wconf 89' lang='lat' dir='ltr'>quidam</span> <span class='ocrx_word' id='word_1_272' title='bbox 1689 1814 1807 1846; x_wconf 87' lang='lat' dir='ltr'>facere</span> <span class='ocrx_word' id='word_1_273' title='bbox 1838 1825 1910 1845; x_wconf 87' lang='lat' dir='ltr'>non</span> <span class='ocrx_word' id='word_1_274' title='bbox 1939 1812 2162 1846; x_wconf 87' lang='lat' dir='ltr'>erubescunt</span> 
     </span>
     <span class='ocr_line' id='line_1_24' title="bbox 298 1881 1560 1926; baseline 0 -13"><span class='ocrx_word' id='word_1_275' title='bbox 298 1881 334 1913; x_wconf 91' lang='lat' dir='ltr'>in</span> <span class='ocrx_word' id='word_1_276' title='bbox 356 1881 551 1926; x_wconf 90' lang='lat' dir='ltr'>dampnum</span> <span class='ocrx_word' id='word_1_277' title='bbox 573 1881 781 1923; x_wconf 88' lang='lat' dir='ltr'>scolarium,</span> <span class='ocrx_word' id='word_1_278' title='bbox 800 1888 835 1914; x_wconf 90' lang='lat' dir='ltr'>et</span> <span class='ocrx_word' id='word_1_279' title='bbox 855 1894 964 1926; x_wconf 80' lang='lat' dir='ltr'>grave</span> <span class='ocrx_word' id='word_1_280' title='bbox 987 1881 1195 1914; x_wconf 88' lang='lat' dir='ltr'>scandalum</span> <span class='ocrx_word' id='word_1_281' title='bbox 1217 1881 1396 1914; x_wconf 83' lang='lat' dir='ltr'>facultatis</span> <span class='ocrx_word' id='word_1_282' title='bbox 1417 1881 1560 1914; x_wconf 86' lang='lat' dir='ltr'>artium.</span> 
     </span>
    </p>

    <p class='ocr_par' dir='ltr' id='par_1_5' title="bbox 297 1946 2161 2316">
     <span class='ocr_line' id='line_1_25' title="bbox 391 1946 2161 1994; baseline -0.001 -14"><span class='ocrx_word' id='word_1_283' title='bbox 391 1950 475 1981; x_wconf 89' lang='lat' dir='ltr'>[tem</span> <span class='ocrx_word' id='word_1_284' title='bbox 499 1960 689 1982; x_wconf 87' lang='lat' dir='ltr'>monemus</span> <span class='ocrx_word' id='word_1_285' title='bbox 719 1949 903 1994; x_wconf 89' lang='lat' dir='ltr'>predictos</span> <span class='ocrx_word' id='word_1_286' title='bbox 935 1955 1105 1994; x_wconf 81' lang='lat' dir='ltr'>regentes</span> <span class='ocrx_word' id='word_1_287' title='bbox 1134 1949 1368 1982; x_wconf 83' lang='lat' dir='ltr'>conformiter</span> <span class='ocrx_word' id='word_1_288' title='bbox 1389 1948 1432 1981; x_wconf 89' lang='lat' dir='ltr'>ad</span> <span class='ocrx_word' id='word_1_289' title='bbox 1462 1948 1608 1992; x_wconf 89' lang='lat' dir='ltr'>antiqua</span> <span class='ocrx_word' id='word_1_290' title='bbox 1635 1953 1765 1980; x_wconf 88' lang='lat' dir='ltr'>statuta</span> <span class='ocrx_word' id='word_1_291' title='bbox 1791 1953 1825 1979; x_wconf 92' lang='lat' dir='ltr'>et</span> <span class='ocrx_word' id='word_1_292' title='bbox 1854 1946 2055 1979; x_wconf 88' lang='lat' dir='ltr'>laudabiles</span> <span class='ocrx_word' id='word_1_293' title='bbox 2076 1959 2161 1980; x_wconf 91' lang='lat' dir='ltr'>con-</span> 
     </span>
     <span class='ocr_line' id='line_1_26' title="bbox 298 2014 2161 2060; baseline -0.001 -12"><span class='ocrx_word' id='word_1_294' title='bbox 298 2015 514 2048; x_wconf 90' lang='lat' dir='ltr'>suetudines</span> <span class='ocrx_word' id='word_1_295' title='bbox 540 2016 719 2049; x_wconf 87' lang='lat' dir='ltr'>facultatis</span> <span class='ocrx_word' id='word_1_296' title='bbox 741 2017 869 2049; x_wconf 89' lang='lat' dir='ltr'>artium</span> <span class='ocrx_word' id='word_1_297' title='bbox 893 2016 1155 2057; x_wconf 88' lang='lat' dir='ltr'>observandas,</span> <span class='ocrx_word' id='word_1_298' title='bbox 1179 2023 1216 2049; x_wconf 91' lang='lat' dir='ltr'>ut</span> <span class='ocrx_word' id='word_1_299' title='bbox 1237 2022 1403 2048; x_wconf 88' lang='lat' dir='ltr'>cessante</span> <span class='ocrx_word' id='word_1_300' title='bbox 1429 2015 1592 2060; x_wconf 82' lang='lat' dir='ltr'>legitimo</span> <span class='ocrx_word' id='word_1_301' title='bbox 1620 2014 1879 2059; x_wconf 88' lang='lat' dir='ltr'>impedimento</span> <span class='ocrx_word' id='word_1_302' title='bbox 1907 2014 2063 2058; x_wconf 84' lang='lat' dir='ltr'>singulis</span> <span class='ocrx_word' id='word_1_303' title='bbox 2085 2014 2161 2046; x_wconf 89' lang='lat' dir='ltr'>die-</span> 
     </span>
     <span class='ocr_line' id='line_1_27' title="bbox 297 2080 2158 2125; baseline -0.001 -11"><span class='ocrx_word' id='word_1_304' title='bbox 297 2082 366 2115; x_wconf 84' lang='lat' dir='ltr'>bus</span> <span class='ocrx_word' id='word_1_305' title='bbox 383 2089 418 2115; x_wconf 92' lang='lat' dir='ltr'>et</span> <span class='ocrx_word' id='word_1_306' title='bbox 437 2082 538 2116; x_wconf 91' lang='lat' dir='ltr'>horis</span> <span class='ocrx_word' id='word_1_307' title='bbox 555 2083 698 2116; x_wconf 86' lang='lat' dir='ltr'>statutis</span> <span class='ocrx_word' id='word_1_308' title='bbox 715 2083 758 2116; x_wconf 90' lang='lat' dir='ltr'>ad</span> <span class='ocrx_word' id='word_1_309' title='bbox 775 2084 892 2117; x_wconf 89' lang='lat' dir='ltr'>vicum</span> <span class='ocrx_word' id='word_1_310' title='bbox 912 2083 1101 2116; x_wconf 87' lang='lat' dir='ltr'>Straminis</span> <span class='ocrx_word' id='word_1_311' title='bbox 1119 2095 1158 2116; x_wconf 90' lang='lat' dir='ltr'>se</span> <span class='ocrx_word' id='word_1_312' title='bbox 1177 2084 1406 2123; x_wconf 84' lang='lat' dir='ltr'>transferant,</span> <span class='ocrx_word' id='word_1_313' title='bbox 1425 2082 1554 2115; x_wconf 86' lang='lat' dir='ltr'>lecturi</span> <span class='ocrx_word' id='word_1_314' title='bbox 1577 2081 1683 2114; x_wconf 87' lang='lat' dir='ltr'>modo</span> <span class='ocrx_word' id='word_1_315' title='bbox 1702 2088 1736 2114; x_wconf 86' lang='lat' dir='ltr'>et</span> <span class='ocrx_word' id='word_1_316' title='bbox 1756 2081 1869 2113; x_wconf 89' lang='lat' dir='ltr'>forma</span> <span class='ocrx_word' id='word_1_317' title='bbox 1887 2080 2019 2125; x_wconf 89' lang='lat' dir='ltr'>quibus</span> <span class='ocrx_word' id='word_1_318' title='bbox 2037 2093 2158 2125; x_wconf 87' lang='lat' dir='ltr'>supra,</span> 
     </span>
     <span class='ocr_line' id='line_1_28' title="bbox 299 2147 2158 2195; baseline -0.001 -14"><span class='ocrx_word' id='word_1_319' title='bbox 299 2149 516 2193; x_wconf 81' lang='lat' dir='ltr'>regulariter</span> <span class='ocrx_word' id='word_1_320' title='bbox 537 2156 572 2182; x_wconf 91' lang='lat' dir='ltr'>et</span> <span class='ocrx_word' id='word_1_321' title='bbox 592 2150 770 2190; x_wconf 84' lang='lat' dir='ltr'>ordinate,</span> <span class='ocrx_word' id='word_1_322' title='bbox 798 2150 936 2195; x_wconf 87' lang='lat' dir='ltr'>absque</span> <span class='ocrx_word' id='word_1_323' title='bbox 957 2149 1024 2183; x_wconf 87' lang='lat' dir='ltr'>hoc</span> <span class='ocrx_word' id='word_1_324' title='bbox 1047 2150 1143 2195; x_wconf 90' lang='lat' dir='ltr'>quod</span> <span class='ocrx_word' id='word_1_325' title='bbox 1166 2156 1356 2183; x_wconf 83' lang='lat' dir='ltr'>reservent</span> <span class='ocrx_word' id='word_1_326' title='bbox 1386 2149 1455 2182; x_wconf 87' lang='lat' dir='ltr'>sibi</span> <span class='ocrx_word' id='word_1_327' title='bbox 1488 2155 1604 2181; x_wconf 88' lang='lat' dir='ltr'>textus</span> <span class='ocrx_word' id='word_1_328' title='bbox 1632 2148 1755 2192; x_wconf 88' lang='lat' dir='ltr'>plures</span> <span class='ocrx_word' id='word_1_329' title='bbox 1778 2160 1847 2180; x_wconf 89' lang='lat' dir='ltr'>una</span> <span class='ocrx_word' id='word_1_330' title='bbox 1867 2148 1945 2180; x_wconf 78' lang='lat' dir='ltr'>vice</span> <span class='ocrx_word' id='word_1_331' title='bbox 1966 2147 2158 2191; x_wconf 77' lang='lat' dir='ltr'>legendos,</span> 
     </span>
     <span class='ocr_line' id='line_1_29' title="bbox 297 2214 2160 2262; baseline -0.002 -13"><span class='ocrx_word' id='word_1_332' title='bbox 297 2216 362 2249; x_wconf 89' lang='lat' dir='ltr'>sed</span> <span class='ocrx_word' id='word_1_333' title='bbox 384 2217 584 2249; x_wconf 88' lang='lat' dir='ltr'>secundum</span> <span class='ocrx_word' id='word_1_334' title='bbox 607 2223 737 2250; x_wconf 84' lang='lat' dir='ltr'>statuta</span> <span class='ocrx_word' id='word_1_335' title='bbox 758 2217 873 2251; x_wconf 88' lang='lat' dir='ltr'>libros</span> <span class='ocrx_word' id='word_1_336' title='bbox 895 2217 1018 2262; x_wconf 85' lang='lat' dir='ltr'>legant</span> <span class='ocrx_word' id='word_1_337' title='bbox 1038 2218 1081 2250; x_wconf 92' lang='lat' dir='ltr'>ad</span> <span class='ocrx_word' id='word_1_338' title='bbox 1103 2218 1302 2262; x_wconf 83' lang='lat' dir='ltr'>profectum</span> <span class='ocrx_word' id='word_1_339' title='bbox 1326 2216 1546 2257; x_wconf 88' lang='lat' dir='ltr'>auditorum,</span> <span class='ocrx_word' id='word_1_340' title='bbox 1564 2222 1602 2248; x_wconf 90' lang='lat' dir='ltr'>ut</span> <span class='ocrx_word' id='word_1_341' title='bbox 1623 2215 1868 2260; x_wconf 86' lang='lat' dir='ltr'>premisimus,</span> <span class='ocrx_word' id='word_1_342' title='bbox 1888 2214 2104 2259; x_wconf 86' lang='lat' dir='ltr'>regulariter</span> <span class='ocrx_word' id='word_1_343' title='bbox 2124 2221 2160 2247; x_wconf 86' lang='lat' dir='ltr'>et</span> 
     </span>
     <span class='ocr_line' id='line_1_30' title="bbox 297 2283 475 2316; baseline 0.006 -1"><span class='ocrx_word' id='word_1_344' title='bbox 297 2283 475 2316; x_wconf 87' lang='lat' dir='ltr'>ordinate.</span> 
     </span>
    </p>

    <p class='ocr_par' dir='ltr' id='par_1_6' title="bbox 295 2348 2158 2731">
     <span class='ocr_line' id='line_1_31' title="bbox 387 2348 2158 2396; baseline -0.001 -13"><span class='ocrx_word' id='word_1_345' title='bbox 387 2351 522 2383; x_wconf 90' lang='lat' dir='ltr'>Statuta</span> <span class='ocrx_word' id='word_1_346' title='bbox 543 2357 660 2384; x_wconf 87' lang='lat' dir='ltr'>autem</span> <span class='ocrx_word' id='word_1_347' title='bbox 682 2363 751 2396; x_wconf 89' lang='lat' dir='ltr'>que</span> <span class='ocrx_word' id='word_1_348' title='bbox 773 2352 810 2384; x_wconf 90' lang='lat' dir='ltr'>in</span> <span class='ocrx_word' id='word_1_349' title='bbox 835 2352 996 2396; x_wconf 88' lang='lat' dir='ltr'>predicta</span> <span class='ocrx_word' id='word_1_350' title='bbox 1018 2352 1272 2384; x_wconf 87' lang='lat' dir='ltr'>reformatione</span> <span class='ocrx_word' id='word_1_351' title='bbox 1296 2351 1513 2396; x_wconf 87' lang='lat' dir='ltr'>prefatorum</span> <span class='ocrx_word' id='word_1_352' title='bbox 1541 2348 1929 2382; x_wconf 85' lang='lat' dir='ltr'>reverendissimorum</span> <span class='ocrx_word' id='word_1_353' title='bbox 1958 2354 2097 2392; x_wconf 88' lang='lat' dir='ltr'>patrum</span> <span class='ocrx_word' id='word_1_354' title='bbox 2124 2355 2158 2382; x_wconf 87' lang='lat' dir='ltr'>et</span> 
     </span>
     <span class='ocr_line' id='line_1_32' title="bbox 297 2415 2157 2463; baseline -0.001 -14"><span class='ocrx_word' id='word_1_355' title='bbox 297 2417 527 2450; x_wconf 90' lang='lat' dir='ltr'>dominorum</span> <span class='ocrx_word' id='word_1_356' title='bbox 550 2418 785 2451; x_wconf 87' lang='lat' dir='ltr'>cardinalium</span> <span class='ocrx_word' id='word_1_357' title='bbox 806 2418 982 2452; x_wconf 84' lang='lat' dir='ltr'>Johannis</span> <span class='ocrx_word' id='word_1_358' title='bbox 1011 2425 1045 2451; x_wconf 90' lang='lat' dir='ltr'>et</span> <span class='ocrx_word' id='word_1_359' title='bbox 1075 2419 1195 2463; x_wconf 84' lang='lat' dir='ltr'>Egidii</span> <span class='ocrx_word' id='word_1_360' title='bbox 1228 2418 1419 2458; x_wconf 89' lang='lat' dir='ltr'>habentur,</span> <span class='ocrx_word' id='word_1_361' title='bbox 1446 2418 1546 2462; x_wconf 80' lang='lat' dir='ltr'>ipsos</span> <span class='ocrx_word' id='word_1_362' title='bbox 1573 2416 1735 2449; x_wconf 87' lang='lat' dir='ltr'>scolares</span> <span class='ocrx_word' id='word_1_363' title='bbox 1762 2422 1796 2448; x_wconf 89' lang='lat' dir='ltr'>et</span> <span class='ocrx_word' id='word_1_364' title='bbox 1823 2415 2007 2447; x_wconf 87' lang='lat' dir='ltr'>auditores</span> <span class='ocrx_word' id='word_1_365' title='bbox 2029 2415 2157 2448; x_wconf 87' lang='lat' dir='ltr'>artium</span> 
     </span>
     <span class='ocr_line' id='line_1_33' title="bbox 295 2482 2156 2530; baseline -0.002 -13"><span class='ocrx_word' id='word_1_366' title='bbox 295 2485 550 2518; x_wconf 86' lang='lat' dir='ltr'>concernentia</span> <span class='ocrx_word' id='word_1_367' title='bbox 580 2485 809 2518; x_wconf 84' lang='lat' dir='ltr'>rationabilia</span> <span class='ocrx_word' id='word_1_368' title='bbox 834 2485 1037 2518; x_wconf 87' lang='lat' dir='ltr'>laudamus.</span> <span class='ocrx_word' id='word_1_369' title='bbox 1060 2487 1208 2526; x_wconf 89' lang='lat' dir='ltr'>Verum,</span> <span class='ocrx_word' id='word_1_370' title='bbox 1233 2485 1401 2530; x_wconf 85' lang='lat' dir='ltr'>quoniam</span> <span class='ocrx_word' id='word_1_371' title='bbox 1423 2484 1466 2516; x_wconf 90' lang='lat' dir='ltr'>ab</span> <span class='ocrx_word' id='word_1_372' title='bbox 1490 2496 1556 2516; x_wconf 83' lang='lat' dir='ltr'>usu</span> <span class='ocrx_word' id='word_1_373' title='bbox 1579 2483 1733 2515; x_wconf 86' lang='lat' dir='ltr'>recessit</span> <span class='ocrx_word' id='word_1_374' title='bbox 1753 2482 1907 2527; x_wconf 88' lang='lat' dir='ltr'>primum</span> <span class='ocrx_word' id='word_1_375' title='bbox 1934 2482 2024 2514; x_wconf 90' lang='lat' dir='ltr'>illud</span> <span class='ocrx_word' id='word_1_376' title='bbox 2045 2488 2156 2514; x_wconf 89' lang='lat' dir='ltr'>statu-</span> 
     </span>
     <span class='ocr_line' id='line_1_34' title="bbox 297 2548 2158 2597; baseline -0.001 -14"><span class='ocrx_word' id='word_1_377' title='bbox 297 2558 368 2584; x_wconf 90' lang='lat' dir='ltr'>tum</span> <span class='ocrx_word' id='word_1_378' title='bbox 388 2551 431 2584; x_wconf 91' lang='lat' dir='ltr'>de</span> <span class='ocrx_word' id='word_1_379' title='bbox 450 2552 622 2597; x_wconf 84' lang='lat' dir='ltr'>epitogiis</span> <span class='ocrx_word' id='word_1_380' title='bbox 644 2553 832 2597; x_wconf 88' lang='lat' dir='ltr'>portandis</span> <span class='ocrx_word' id='word_1_381' title='bbox 849 2553 892 2585; x_wconf 90' lang='lat' dir='ltr'>ad</span> <span class='ocrx_word' id='word_1_382' title='bbox 914 2553 1047 2593; x_wconf 90' lang='lat' dir='ltr'>scolas,</span> <span class='ocrx_word' id='word_1_383' title='bbox 1065 2553 1210 2597; x_wconf 86' lang='lat' dir='ltr'>quando</span> <span class='ocrx_word' id='word_1_384' title='bbox 1227 2552 1511 2584; x_wconf 86' lang='lat' dir='ltr'>determinantes</span> <span class='ocrx_word' id='word_1_385' title='bbox 1529 2557 1563 2583; x_wconf 92' lang='lat' dir='ltr'>et</span> <span class='ocrx_word' id='word_1_386' title='bbox 1584 2549 1795 2582; x_wconf 89' lang='lat' dir='ltr'>licentiandi</span> <span class='ocrx_word' id='word_1_387' title='bbox 1817 2549 1852 2581; x_wconf 85' lang='lat' dir='ltr'>in</span> <span class='ocrx_word' id='word_1_388' title='bbox 1869 2548 2006 2581; x_wconf 89' lang='lat' dir='ltr'>artibus</span> <span class='ocrx_word' id='word_1_389' title='bbox 2022 2549 2158 2582; x_wconf 83' lang='lat' dir='ltr'>vadunt</span> 
     </span>
     <span class='ocr_line' id='line_1_35' title="bbox 295 2615 2155 2663; baseline -0.001 -13"><span class='ocrx_word' id='word_1_390' title='bbox 295 2618 337 2651; x_wconf 91' lang='lat' dir='ltr'>ad</span> <span class='ocrx_word' id='word_1_391' title='bbox 360 2618 538 2651; x_wconf 89' lang='lat' dir='ltr'>lectiones</span> <span class='ocrx_word' id='word_1_392' title='bbox 560 2630 659 2660; x_wconf 88' lang='lat' dir='ltr'>suas,</span> <span class='ocrx_word' id='word_1_393' title='bbox 682 2619 786 2652; x_wconf 87' lang='lat' dir='ltr'>etiam</span> <span class='ocrx_word' id='word_1_394' title='bbox 809 2620 845 2652; x_wconf 90' lang='lat' dir='ltr'>in</span> <span class='ocrx_word' id='word_1_395' title='bbox 867 2619 1100 2652; x_wconf 86' lang='lat' dir='ltr'>sermonibus</span> <span class='ocrx_word' id='word_1_396' title='bbox 1119 2619 1227 2663; x_wconf 82' lang='lat' dir='ltr'>(quod</span> <span class='ocrx_word' id='word_1_397' title='bbox 1249 2619 1393 2663; x_wconf 90' lang='lat' dir='ltr'>quidem</span> <span class='ocrx_word' id='word_1_398' title='bbox 1417 2624 1601 2658; x_wconf 89' lang='lat' dir='ltr'>statutum,</span> <span class='ocrx_word' id='word_1_399' title='bbox 1624 2623 1662 2649; x_wconf 88' lang='lat' dir='ltr'>ut</span> <span class='ocrx_word' id='word_1_400' title='bbox 1683 2616 1900 2660; x_wconf 73' lang='lat' dir='ltr'>accepimus,</span> <span class='ocrx_word' id='word_1_401' title='bbox 1924 2615 2069 2648; x_wconf 89' lang='lat' dir='ltr'>minime</span> <span class='ocrx_word' id='word_1_402' title='bbox 2090 2628 2155 2660; x_wconf 89' lang='lat' dir='ltr'>pro</span> 
     </span>
     <span class='ocr_line' id='line_1_36' title="bbox 295 2682 2065 2731; baseline -0.002 -14"><span class='ocrx_word' id='word_1_403' title='bbox 295 2697 390 2718; x_wconf 91' lang='lat' dir='ltr'>nune</span> <span class='ocrx_word' id='word_1_404' title='bbox 415 2685 511 2718; x_wconf 88' lang='lat' dir='ltr'>valet</span> <span class='ocrx_word' id='word_1_405' title='bbox 530 2685 781 2729; x_wconf 54' lang='lat' dir='ltr'>observari-³⁰),</span> <span class='ocrx_word' id='word_1_406' title='bbox 805 2687 887 2719; x_wconf 90' lang='lat' dir='ltr'>ideo</span> <span class='ocrx_word' id='word_1_407' title='bbox 910 2698 1021 2731; x_wconf 86' lang='lat' dir='ltr'>super</span> <span class='ocrx_word' id='word_1_408' title='bbox 1042 2686 1104 2719; x_wconf 93' lang='lat' dir='ltr'>illo</span> <span class='ocrx_word' id='word_1_409' title='bbox 1126 2686 1395 2731; x_wconf 86' lang='lat' dir='ltr'>dispensamus,</span> <span class='ocrx_word' id='word_1_410' title='bbox 1414 2697 1479 2717; x_wconf 87' lang='lat' dir='ltr'>nec</span> <span class='ocrx_word' id='word_1_411' title='bbox 1501 2684 1544 2716; x_wconf 88' lang='lat' dir='ltr'>ad</span> <span class='ocrx_word' id='word_1_412' title='bbox 1566 2684 1601 2716; x_wconf 92' lang='lat' dir='ltr'>id</span> <span class='ocrx_word' id='word_1_413' title='bbox 1623 2695 1686 2716; x_wconf 90' lang='lat' dir='ltr'>eos</span> <span class='ocrx_word' id='word_1_414' title='bbox 1708 2683 1876 2716; x_wconf 88' lang='lat' dir='ltr'>volumus</span> <span class='ocrx_word' id='word_1_415' title='bbox 1897 2682 2065 2727; x_wconf 87' lang='lat' dir='ltr'>obligari.</span> 
     </span>
    </p>

    <p class='ocr_par' dir='ltr' id='par_1_7' title="bbox 295 2750 2154 2865">
     <span class='ocr_line' id='line_1_37' title="bbox 383 2750 2154 2797; baseline -0.002 -13"><span class='ocrx_word' id='word_1_416' title='bbox 383 2754 472 2785; x_wconf 90' lang='lat' dir='ltr'>Item</span> <span class='ocrx_word' id='word_1_417' title='bbox 495 2759 666 2785; x_wconf 89' lang='lat' dir='ltr'>statutum</span> <span class='ocrx_word' id='word_1_418' title='bbox 697 2753 788 2786; x_wconf 89' lang='lat' dir='ltr'>illud</span> <span class='ocrx_word' id='word_1_419' title='bbox 819 2754 916 2797; x_wconf 88' lang='lat' dir='ltr'>quod</span> <span class='ocrx_word' id='word_1_420' title='bbox 948 2753 1108 2786; x_wconf 87' lang='lat' dir='ltr'>scolares</span> <span class='ocrx_word' id='word_1_421' title='bbox 1139 2753 1329 2785; x_wconf 84' lang='lat' dir='ltr'>audientes</span> <span class='ocrx_word' id='word_1_422' title='bbox 1359 2752 1537 2784; x_wconf 89' lang='lat' dir='ltr'>lectiones</span> <span class='ocrx_word' id='word_1_423' title='bbox 1568 2762 1651 2783; x_wconf 89' lang='lat' dir='ltr'>suas</span> <span class='ocrx_word' id='word_1_424' title='bbox 1679 2750 1830 2783; x_wconf 88' lang='lat' dir='ltr'>sedeant</span> <span class='ocrx_word' id='word_1_425' title='bbox 1859 2750 1894 2781; x_wconf 90' lang='lat' dir='ltr'>in</span> <span class='ocrx_word' id='word_1_426' title='bbox 1922 2756 2014 2782; x_wconf 90' lang='lat' dir='ltr'>terra</span> <span class='ocrx_word' id='word_1_427' title='bbox 2036 2762 2154 2782; x_wconf 86' lang='lat' dir='ltr'>coram</span> 
     </span>
     <span class='ocr_line' id='line_1_38' title="bbox 295 2816 2153 2865; baseline -0.001 -14"><span class='ocrx_word' id='word_1_428' title='bbox 295 2819 483 2864; x_wconf 87' lang='lat' dir='ltr'>magistro,</span> <span class='ocrx_word' id='word_1_429' title='bbox 502 2826 540 2852; x_wconf 89' lang='lat' dir='ltr'>ut</span> <span class='ocrx_word' id='word_1_430' title='bbox 561 2820 704 2853; x_wconf 91' lang='lat' dir='ltr'>occasio</span> <span class='ocrx_word' id='word_1_431' title='bbox 723 2820 895 2865; x_wconf 88' lang='lat' dir='ltr'>superbie</span> <span class='ocrx_word' id='word_1_432' title='bbox 915 2833 932 2853; x_wconf 91' lang='lat' dir='ltr'>a</span> <span class='ocrx_word' id='word_1_433' title='bbox 949 2820 1149 2865; x_wconf 89' lang='lat' dir='ltr'>juvenibus</span> <span class='ocrx_word' id='word_1_434' title='bbox 1166 2819 1387 2859; x_wconf 89' lang='lat' dir='ltr'>secludatur,</span> <span class='ocrx_word' id='word_1_435' title='bbox 1405 2818 1593 2851; x_wconf 88' lang='lat' dir='ltr'>laudamus</span> <span class='ocrx_word' id='word_1_436' title='bbox 1611 2824 1645 2850; x_wconf 90' lang='lat' dir='ltr'>et</span> <span class='ocrx_word' id='word_1_437' title='bbox 1660 2817 1828 2850; x_wconf 90' lang='lat' dir='ltr'>volumus</span> <span class='ocrx_word' id='word_1_438' title='bbox 1845 2816 1935 2849; x_wconf 92' lang='lat' dir='ltr'>illud</span> <span class='ocrx_word' id='word_1_439' title='bbox 1953 2816 2153 2850; x_wconf 88' lang='lat' dir='ltr'>observari.</span> 
     </span>
    </p>
   </div>
   <div class='ocr_carea' id='block_1_3' title="bbox 384 2884 2152 2932">
    <p class='ocr_par' dir='ltr' id='par_1_8' title="bbox 384 2884 2152 2932">
     <span class='ocr_line' id='line_1_39' title="bbox 384 2884 2152 2932; baseline -0.002 -13"><span class='ocrx_word' id='word_1_440' title='bbox 384 2888 473 2919; x_wconf 90' lang='lat' dir='ltr'>Item</span> <span class='ocrx_word' id='word_1_441' title='bbox 496 2893 667 2920; x_wconf 91' lang='lat' dir='ltr'>statutum</span> <span class='ocrx_word' id='word_1_442' title='bbox 696 2887 786 2920; x_wconf 91' lang='lat' dir='ltr'>illud</span> <span class='ocrx_word' id='word_1_443' title='bbox 815 2888 911 2932; x_wconf 90' lang='lat' dir='ltr'>quod</span> <span class='ocrx_word' id='word_1_444' title='bbox 941 2888 977 2919; x_wconf 90' lang='lat' dir='ltr'>in</span> <span class='ocrx_word' id='word_1_445' title='bbox 998 2888 1091 2920; x_wconf 89' lang='lat' dir='ltr'>dicta</span> <span class='ocrx_word' id='word_1_446' title='bbox 1118 2887 1374 2920; x_wconf 82' lang='lat' dir='ltr'>reformatione</span> <span class='ocrx_word' id='word_1_447' title='bbox 1396 2886 1598 2930; x_wconf 86' lang='lat' dir='ltr'>reperimus</span> <span class='ocrx_word' id='word_1_448' title='bbox 1629 2891 1794 2929; x_wconf 89' lang='lat' dir='ltr'>tanquam</span> <span class='ocrx_word' id='word_1_449' title='bbox 1826 2884 2152 2928; x_wconf 77' lang='lat' dir='ltr'>pernecessarium„</span> 
     </span>
    </p>
   </div>
  </div>
 </body>
</html>
