2502 3418
250 313 345 349 1396]
592 327 637 348 AB
672 327 776 348 ΑΝΝΟ
810 327 1100 349 MCCCLxxxxn'
1132 329 1262 356 USQUE
1299 330 1345 350 AD
1381 330 1518 351 ANNUM
1555 330 1759 352 arneomai.
2070 324 2104 354 153

245 400 344 444 quod
366 400 483 434 dietus
505 401 678 444 magister
703 400 859 433 Thomas
890 413 952 433 sex
980 402 1083 434 annis
1110 414 1188 434 cum
1217 403 1367 434 dimidio
1395 403 1531 435 audivit
1561 404 1772 436 medicinam
1805 404 1841 436 in
1869 406 1988 437 studio
2011 407 2105 438 Oxo-

248 466 379 507 niensi,
408 473 445 499 ut
472 467 565 499 idem
589 467 760 511 magister
781 467 936 500 Thomas
965 469 1120 501 asseruit
1148 469 1184 500 in
1212 469 1400 513 presencia
1427 469 1511 501 dicti
1534 470 1677 510 notarii,
1700 476 1734 502 et
1761 477 1843 502 tunc
1865 472 2023 504 ostendit
2044 485 2106 516 per

248 533 394 566 cedulas
422 534 458 566 in
480 533 679 567 Oxoniensi
700 534 820 567 studio
842 534 919 567 fieri
944 535 1069 567 solitas
1091 535 1134 567 de
1158 542 1319 579 tempore
1345 536 1548 568 audicionis
1576 536 1811 577 studentium,
1835 543 1871 569 ut
1901 538 2105 581 apparebat,

248 612 336 644 quas
362 600 455 632 idem
486 601 647 633 notarius
674 601 776 642 vidit,
805 601 892 645 legit
921 608 955 634 et
982 601 1148 646 palpavit.
1180 603 1222 635 Et
1251 602 1333 646 quia
1358 602 1508 635 facultas
1536 602 1623 635 alias
1654 603 1698 635 de
1720 603 1867 647 speciali
1894 604 2011 648 gracia
2038 604 2106 636 sihi

241 667 429 714 ,concessit
449 667 546 712 quod
574 667 748 700 medietas
769 668 955 713 [temporis
982 673 1056 713 per]
1083 669 1179 713 quod
1202 669 1334 713 poterit
1354 669 1516 714 legitime
1540 669 1693 713 probare
1715 681 1753 702 se
1774 670 1957 702 audivisse
1979 670 2014 702 in
2038 671 2107 703 alio

247 733 368 766 studio
390 733 552 778 generali
581 734 650 766 sibi
677 719 958 779 computaretur,
989 742 1072 775 etc.,
1101 742 1255 768 attamen
1282 736 1363 780 quia
1391 736 1489 768 istud
1519 736 1798 768 instrumentum
1821 737 2003 781 magistris
2029 749 2108 781 prc-

247 800 412 833 sentibus
434 812 506 832 non
526 800 677 833 faciebat
699 801 805 834 fidem
833 801 988 846 plenam,
1011 802 1093 846 quia
1123 802 1339 847 ignorabant
1365 815 1408 835 an
1435 814 1543 847 supra
1571 803 1776 835 nominatus
1801 803 1984 835 Johannes
2012 810 2109 836 esset

247 867 408 900 notarius
432 879 438 899 :
462 867 626 900 volentes
648 879 770 900 secum
793 863 1167 914 generoseiquantum
1190 876 1355 914 poterant
1375 881 1496 914 agere,
1514 870 1739 902 admiserunt
1758 870 1876 914 ipsum
1897 870 1940 902 ad
1962 882 2108 902 examen

247 946 311 979 pro
330 933 593 975 bachalareatu,
622 935 673 967 sie
701 942 819 968 tamen
841 936 937 980 quod
960 936 1003 968 de
1030 931 1192 981 tempore
1219 937 1381 981 predicto
1405 936 1586 969 tenebitur
1612 937 1717 969 fidem
1740 937 1857 969 facere
1884 949 1946 981 per
1971 937 2108 970 litteras

247 1007 410 1045 patentes
436 1001 612 1046 sigillatas
641 1002 764 1046 sigillo
785 1002 963 1035 facultatis
987 1004 1164 1036 medicine
1187 1004 1338 1048 predicti
1362 1004 1471 1036 studii
1493 1010 1553 1036 aut
1574 1004 1841 1036 Universitatis.
1864 1005 1987 1048 Neque
2008 1004 2111 1036 aliter

243 1067 317 1100 >sibi
338 1067 762 1113 aliquidcomputabitur
783 1069 826 1101 de
849 1070 1011 1114 predicto
1036 1077 1197 1115 tempore
1219 1083 1298 1103 cum
1321 1071 1442 1103 veniet
1462 1070 1505 1103 ad
1527 1071 1726 1103 licenciam.

339 1166 439 1189 Comm.
456 1167 505 1189 sne.
522 1167 580 1189 med
595 1185 600 1194 ‚
617 1170 633 1189 1.
653 1167 670 1193 l,
687 1175 712 1197 p.
733 1168 752 1189 1.
766 1181 794 1184 -—
810 1168 957 1197 Joranmx,
975 1172 1003 1190 n⁰
1018 1169 1071 1191 928.

251 1339 390 1375 1727.
420 1342 592 1373 Universitas
608 1349 701 1374 Paris.
716 1349 869 1383 interdicit,
888 1359 922 1375 ne
937 1350 1066 1384 facultas
1083 1350 1143 1376 ulla
1160 1350 1200 1376 vel
1215 1351 1294 1375 natio
1311 1350 1432 1376 rotulum
1449 1350 1488 1375 ad
1502 1359 1610 1386 papam
1627 1351 1737 1375 mittere
1749 1354 1926 1386 praesumat.

1422 1447 1495 1475 7396,
1512 1447 1644 1472 Februarii
1653 1447 1697 1475 22.
1714 1447 1827 1472 Parisiis.

336 1532 525 1565 Universis
557 1540 745 1577 presentes
778 1534 916 1567 litteras
946 1536 1167 1580 inspecturis
1193 1536 1411 1568 universitas
1432 1535 1689 1579 magistrorum
1713 1541 1745 1567 et
1772 1534 1989 1567 scholarium
2020 1536 2113 1567 l‘ari-

246 1599 323 1632 sius
344 1599 580 1639 studentium,
605 1600 769 1633 salutem.
794 1603 925 1634 Rerum
951 1602 1109 1635 omnium
1133 1603 1355 1636 conditor....
1382 1602 1621 1635 Attendentes
1642 1602 1761 1646 itaque
1783 1614 1885 1646 quam
1910 1602 2112 1646 pulchrum,

247 1666 407 1699 debitum
429 1673 463 1699 et
477 1668 721 1700 necessarium
740 1675 793 1701 est
812 1681 956 1702 servare
978 1682 1115 1714 pacem,
1135 1676 1256 1702 tenere
1274 1670 1454 1710 ordinem,
1472 1669 1667 1713 quamque¹
1689 1668 1931 1713 periculosum
1951 1675 1984 1701 et
2005 1681 2113 1713 grave

246 1739 302 1765 est
327 1733 362 1764 in
388 1732 458 1766 hiis
482 1733 538 1766 vel
564 1734 796 1779 negligentes
820 1736 988 1776 existere,
1006 1736 1063 1769 vel
1085 1737 1262 1776 incautos,
1286 1736 1473 1781 prehabita
1494 1742 1630 1768 matura
1655 1742 1686 1767 et
1715 1735 1839 1780 sepius
1864 1735 2003 1779 digesta
2024 1736 2113 1767 deli-

245 1799 432 1832 beratione
454 1812 519 1844 pro
541 1808 664 1833 nostre
682 1802 937 1835 Universitatis
959 1815 1058 1848 pace,
1082 1803 1220 1835 honore
1241 1810 1275 1836 et
1296 1802 1489 1835 stabilitate
1510 1803 1546 1834 in
1568 1802 1713 1834 modum
1736 1802 1796 1846 qui
1822 1802 1997 1846 sequitur,
2017 1802 2113 1834 ordi-

243 1866 410 1907 ,navimus
436 1867 624 1900 statuenda
649 1875 683 1901 et
709 1870 893 1913 perpetuis
921 1869 1145 1914 temporibus
1168 1870 1407 1909 observanda,
1429 1869 1611 1909 videlicet,
1635 1875 1683 1909 ut,
1707 1869 1775 1901 nisi
1802 1869 1845 1901 de
1872 1880 2053 1901 consensu
2079 1875 2111 1901 et

245 1933 389 1966 lieentia
412 1934 679 1976 Universitatis,
704 1936 800 1968 nulla
822 1937 983 1978 facultas,
1006 1938 1115 1978 natio,
1143 1937 1337 1981 collegium
1366 1949 1430 1969 seu
1452 1943 1554 1969 cetus
1575 1936 1633 1968 vel
1654 1936 1890 1980 congregatio
1917 1935 2108 1968 scolarium

245 1999 302 2033 vel
334 2000 590 2045 graduatorum
622 2002 657 2034 in
689 2003 811 2035 eadem
845 2010 1007 2048 pretextu
1041 2016 1104 2036 seu
1137 2004 1281 2037 nomine
1317 2004 1451 2048 gradus
1481 2003 1538 2036 vel
1569 2003 1786 2035 scolaritatis
1817 2002 2045 2034 obtentorum
2075 2002 2110 2034 in

246 2067 383 2108 eadem,
404 2068 560 2100 rotulum
581 2080 645 2102 seu
668 2070 954 2114 supplicationes
977 2083 1041 2116 per
1059 2071 1202 2103 modum
1227 2071 1335 2103 rotuli
1357 2071 1400 2103 ad
1422 2082 1600 2103 summum
1621 2070 1825 2114 pontificem
1845 2069 1905 2114 qui
1927 2081 2021 2101 nunc
2042 2075 2108 2109 est,

244 2133 301 2167 vel
323 2146 387 2179 pro
408 2141 570 2180 tempore
597 2136 675 2177 erit,
703 2137 842 2170 mittant
862 2137 919 2170 vel
947 2150 1010 2182 per
1031 2150 1270 2182 quoscunque
1296 2138 1386 2170 mitti
1414 2144 1621 2182 procurent.
1648 2138 1731 2168 Nam
1760 2136 1790 2168 si
1817 2136 1867 2168 sie
1889 2136 2012 2168 liceret
2037 2136 2110 2167 sin-

244 2200 355 2245 gulis,
374 2213 446 2233 11011
469 2202 645 2246 requisito
663 2215 845 2237 consensu
865 2205 975 2237 totius
992 2205 1262 2246 t'niversitatis,
1281 2204 1579 2237 sufficientiorum
1599 2210 1631 2236 et
1653 2203 1971 2235 benemeritorum
1994 2202 2110 2234 honor

246 2268 493 2312 preriperetur
513 2281 530 2301 a
552 2270 672 2303 minus
696 2271 819 2316 dignis
841 2278 873 2304 et
900 2272 1114 2313 temerariis,
1133 2284 1171 2304 ac
1194 2284 1258 2316 per
1279 2271 1345 2304 hoc
1368 2271 1457 2304 ordo
1480 2270 1624 2303 debitus
1646 2269 1930 2315 perturbaretur,
1954 2276 1985 2301 et
2008 2281 2108 2301 scau-

245 2334 322 2367 dala
343 2347 382 2367 ac
404 2335 656 2369 dissensiones
682 2338 717 2369 in
742 2339 852 2370 totius
877 2339 1129 2371 Universitatis
1152 2339 1390 2383 prejudicium
1414 2344 1688 2383 generarentur.
1715 2336 1819 2377 Quod
1843 2348 1885 2367 ne
1908 2336 1979 2375 liat,
2002 2335 2107 2367 nobis

245 2407 300 2434 est
322 2401 591 2435 districtissime
617 2405 894 2448 precavendum.
917 2406 1094 2448 Quocirca
1115 2405 1284 2438 omnibus
1306 2412 1430 2437 nostre
1450 2403 1703 2437 Universitatis
1720 2402 1850 2446 juratis
1878 2402 2107 2446 presentibus

245 2474 278 2500 et
299 2468 444 2509 suturis,
467 2470 717 2515 cujuscunque
739 2478 852 2504 status
874 2479 933 2504 aut
954 2473 1175 2505 conditionis
1198 2472 1365 2511 existant,
1390 2471 1552 2503 districte
1580 2470 1798 2514 precipimus
1821 2475 1853 2500 et
1883 2469 2105 2509 mandamus,

244 2541 421 2578 quatenus
450 2535 530 2568 talia
560 2537 676 2569 facere
707 2550 779 2570 non
812 2546 1031 2583 presumant,
1061 2546 1095 2571 et
1123 2540 1240 2571 facere
1268 2538 1431 2571 volentes
1462 2538 1491 2570 si
1523 2536 1707 2575 sciverint,
1739 2535 1960 2567 denuncient
1989 2535 2104 2567 statim

244 2602 388 2643 rectori,
407 2603 468 2646 qui
490 2610 544 2635 est
562 2603 617 2636 vel
639 2616 702 2648 pro
726 2611 886 2650 tempore
909 2606 988 2646 erit,
1012 2613 1189 2650 quatenus
1211 2605 1408 2638 remedium
1432 2603 1645 2636 adhibeatur
1671 2608 1927 2646 opportunum.
1951 2602 2055 2643 Quod
2077 2602 2105 2633 si

243 2667 353 2712 aliqui
382 2669 519 2714 proprii
547 2671 743 2714 juramenti
772 2672 1003 2705 immemores
1025 2685 1088 2705 seu
1117 2679 1387 2716 contemptores
1413 2671 1520 2714 hujus
1543 2676 1665 2701 nostre
1687 2668 1941 2708 ordinationis,
1965 2675 2105 2700 contra-

244 2734 333 2766 rium
357 2735 521 2776 fecerint,
551 2737 665 2769 sciant
693 2750 731 2770 se
762 2750 778 2770 a
810 2746 933 2771 nostre
961 2739 1215 2772 Universitatis
1244 2738 1436 2770 ‹rousorcio
1470 2736 1662 2781 privandos
1691 2742 1723 2767 01
1755 2735 1991 2774 resecandos,
2015 2741 2047 2766 et
2075 2735 2103 2766 si

238 2801 347 2845 jurati
369 2802 515 2847 fuerint,
540 2805 706 2847 perjuros
729 2811 762 2837 et
788 2805 939 2838 infames
962 2806 1212 2846 declarandos,
1235 2805 1278 2837 ad
1308 2804 1395 2836 alias
1418 2802 1674 2835 nichilominus
1705 2813 1813 2846 penas
1835 2802 1935 2845 juxta
1957 2801 2104 2845 qualita-

244 2874 313 2900 tem
343 2869 506 2902 criminis
537 2873 758 2914 processuri.
787 2873 827 2904 Ut
856 2879 972 2905 autem
995 2872 1060 2905 hcc
1087 2879 1207 2905 nostra
1235 2871 1414 2904 ordinatio
1437 2877 1468 2901 01
1496 2875 1666 2901 statutum
1696 2867 1954 2900 inviolabiliter
1980 2867 2105 2899 obser-
