2502 3418
371 323 436 355 382
947 336 1268 359 CHARTULARIUM
1303 337 1492 359 UNIVERs.
1530 337 1658 360 rmus.
2140 326 2240 363 [1420

370 406 540 451 equidem
569 419 613 439 ne
641 407 688 440 sit
718 420 844 441 manus
877 409 944 441 Dei
976 421 1087 454 super
1114 422 1180 443 nos
1212 417 1247 443 et
1278 410 1435 455 peccatis
1467 411 1617 451 nostris,
1654 423 1723 456 que
1755 411 1852 455 passi
1879 423 2019 452 sumus,
2047 423 2115 444 nos
2139 412 2238 456 juste

372 484 587 506 mereamur.

459 540 640 582 Attamen,
658 553 738 574 cum
761 541 961 587 flagellaret.
976 542 1061 575 olim
1079 543 1257 576 Dominus
1278 544 1452 588 populum
1475 555 1593 584 suum,
1612 550 1739 588 postea
1759 543 1959 577 suscitabat
1978 545 2015 577 in
2037 545 2090 578 eis
2106 545 2236 587 virum,

370 606 407 638 in
428 607 532 651 cujus
554 619 658 640 manu
673 607 833 641 'salutem
854 615 1086 650 restauraret,
1106 616 1140 642 et
1161 609 1411 643 revertebatur
1426 610 1585 655 populus
1606 610 1648 643 ad
1673 610 1950 655 percutientem.
1972 611 2079 654 Quod
2100 611 2131 644 si
2151 624 2239 646 ven-

370 679 489 705 turum
512 674 559 706 sit
579 680 618 707 ut
638 686 838 719 speramus,
862 686 947 720 spes
968 682 1087 708 tamen
1108 687 1177 720 que
1199 676 1366 709 differtur
1387 676 1513 721 affligit
1532 676 1736 709 animam¹⁰.
1759 678 1839 710 Non
1858 677 1968 723 longa
1989 689 2088 711 mora
2109 685 2178 720 est,
2199 685 2238 712 ut

370 739 483 784 pestis
505 746 564 773 aut
584 740 620 773 in
641 741 966 774 convalescentiam
988 748 1149 775 vertatur
1168 749 1229 775 aut
1248 742 1285 774 in
1305 742 1503 775 interitum.

459 806 529 839 Sed
550 806 581 839 si
602 807 722 840 salvos
742 819 809 840 nos
831 815 1009 852 optamus,
1032 808 1186 841 consilio
1208 820 1300 853 opus
1322 815 1388 850 est,
1411 815 1450 842 ut
1469 820 1607 842 amaras
1629 809 1734 842 etiam
1757 810 1926 854 potiones
1946 809 2084 856 absque
2105 818 2237 857 gustus

368 872 566 905 attentione
585 885 650 917 pro
672 880 793 906 nostra
815 873 931 906 salute
949 873 1194 916 [h]auriamus,
1213 886 1258 907 ne
1280 886 1404 919 regem
1427 881 1591 908 nostrum
1614 875 1893 909 serenissimum
1914 877 2068 922 ejusque
2089 878 2236 911 unicum

368 938 553 978 heredem,
580 951 685 984 quem
714 939 820 972 nobis
848 940 1025 973 Dominus
1047 941 1319 985 preservavit¹¹,
1343 941 1499 986 opprimi
1526 942 1662 974 nostris
1683 941 1721 974 in
1742 942 1873 984 oculis,
1902 949 1937 976 et
1963 955 2032 977 nos
2059 944 2097 977 in
2121 945 2237 979 servi-

368 1011 479 1038 tutem
497 1005 663 1038 hostilem
683 1006 799 1051 redigi
820 1007 1018 1051 contingat,
1037 1007 1264 1052 natalemque
1281 1007 1413 1048 locum,
1432 1008 1490 1040 cui
1506 1008 1604 1041 vires
1621 1015 1656 1041 et
1672 1008 1899 1043 defensionis
1916 1009 2028 1043 robur
2044 1010 2234 1053 debemus,

367 1071 523 1116 superba
553 1072 739 1105 videamus
767 1072 964 1105 hostilitate
992 1073 1134 1115 calcari,
1166 1085 1236 1118 que
1264 1080 1388 1107 nostra
1416 1075 1453 1106 in
1481 1074 1688 1119 perditione
1715 1075 1906 1121 glorietur.
1934 1076 1964 1110 O
1989 1077 2236 1122 perditissima

366 1139 544 1183 tempora!
567 1150 588 1170 o
610 1138 860 1172 infelicissima
882 1146 917 1172 et
937 1151 1081 1185 semper
1102 1140 1269 1173 deflenda
1290 1141 1510 1186 contagio¹²,
1533 1153 1603 1186 que
1631 1148 1701 1175 tam
1728 1142 1885 1176 celebris
1913 1150 2058 1189 tamque
2078 1144 2234 1179 illustris

367 1205 470 1249 regni
491 1205 640 1250 gloriam
664 1205 864 1250 deturpat¹³
886 1206 1118 1251 perfuditque
1140 1207 1323 1244 decorem,
1347 1214 1384 1240 ut
1405 1220 1479 1240 non
1499 1220 1517 1240 a
1539 1209 1643 1253 regni
1665 1209 1894 1243 institutione
1916 1217 2012 1244 tanta
2032 1211 2188 1257 legatur.

452 1272 668 1313 Recordare,
692 1279 805 1305 mater
826 1273 895 1318 pia,
919 1273 1013 1306 sicut
1042 1273 1200 1306 filiorum
1228 1274 1321 1307 uteri
1352 1274 1403 1307 tui
1425 1281 1459 1307 et
1484 1275 1710 1320 posteritatis
1735 1282 1810 1318 tue,
1832 1276 1885 1310 sic
1906 1283 1942 1310 et
1965 1284 2106 1323 patrum
2126 1285 2234 1324 atque

364 1338 592 1371 fundatorum
612 1345 768 1380 tuorum,
787 1339 848 1384 qui
869 1346 903 1372 te
924 1339 961 1372 in
982 1339 1091 1384 hujus
1107 1340 1212 1385 regni
1229 1347 1354 1374 centro
1376 1341 1413 1373 in
1434 1341 1660 1387 pinguedine
1677 1348 1774 1376 terre
1795 1343 2061 1388 plantaverunt,
2079 1345 2235 1379 radices-

364 1416 434 1449 que
456 1405 637 1438 dederunt
657 1405 865 1447 extendere,
888 1407 1236 1452 propugnaculaque
1264 1407 1457 1453 previlegii
1487 1420 1526 1441 ac
1554 1409 1783 1443 defensionis
1813 1410 2036 1445 munimenta
2062 1411 2128 1445 tibi
2158 1424 2236 1458 per-

365 1477 473 1516 petuo
504 1478 724 1513 statuerunt,
757 1479 794 1505 ut
826 1472 938 1505 nullis
968 1485 1146 1518 oppressa
1175 1474 1369 1507 fecundius
1405 1486 1530 1508 semen
1563 1475 1764 1520 pullulares
1792 1477 1968 1511 veritatis.
2005 1479 2078 1512 Hec
2108 1479 2233 1513 eadem

364 1538 507 1579 domus,
530 1550 600 1571 una
625 1539 840 1584 progenies3
864 1540 961 1584 quod
990 1552 1008 1572 a
1036 1540 1199 1585 patribus
1225 1541 1346 1574 datum
1377 1548 1433 1575 est
1458 1541 1523 1574 filii
1554 1542 1746 1593 duratione
1767 1543 2014 1584 firmaverunt,
2036 1558 2180 1591 unaque
2201 1553 2237 1583 et

365 1605 488 1638 eadem
511 1605 561 1638 tui
583 1605 730 1638 dilectio
751 1618 768 1638 a
791 1605 953 1651 patribus
975 1606 1060 1640 filiis
1081 1607 1303 1640 hereditario
1323 1620 1422 1641 more
1446 1609 1570 1642 relicta
1591 1616 1658 1643 est.
1682 1610 1806 1643 Redde
1827 1611 1955 1653 vicem,
1975 1618 2071 1646 tanta
2090 1619 2236 1658 tamque

365 1671 475 1716 longa
496 1671 671 1705 beneficia
692 1673 864 1718 recogita,
884 1680 921 1706 ut
942 1685 1015 1706 non
1036 1674 1190 1707 adverso
1212 1681 1374 1720 tempore
1395 1683 1637 1718 marcescant3
1660 1677 1742 1710 illas
1764 1678 1940 1722 parciales
1962 1685 1998 1712 et
2016 1679 2234 1714 affectatas¹‘

364 1739 655 1784 imaginationes,
679 1751 767 1784 quas
789 1739 869 1773 ficta
891 1739 959 1773 sub
984 1753 1071 1785 pace
1101 1740 1211 1786 longe
1240 1742 1349 1775 nimis
1375 1742 1617 1787 quesivimus,
1633 1744 1706 1788 jam
1730 1755 1788 1778 res
1808 1745 1886 1790 ipsa
1908 1757 1975 1779 nos
1996 1753 2104 1791 urget
2118 1739 2234 1780 >relin-·

364 1817 488 1850 quere.
506 1807 657 1838 Tantum
675 1818 741 1851 pax
757 1818 853 1848 vera,
872 1819 944 1840 non
966 1814 1148 1852 suspecta,
1166 1820 1239 1841 non
1261 1803 1538 1854 singularium¹⁵
1556 1810 1621 1843 sed
1642 1817 1847 1844 nostrarum
1868 1812 2066 1846 animarum
2088 1820 2232 1847 nostre-

364 1883 433 1917 que
461 1871 587 1905 salutis
616 1873 861 1917 preservativa
890 1875 1079 1918 queratur!
1114 1876 1186 1907 Hec
1215 1882 1271 1908 est
1297 1875 1505 1909 morborum
1533 1876 1712 1910 medicina
1738 1885 1960 1920 nostrorum,
1991 1879 2022 1912 si
2051 1879 2089 1912 in
2116 1879 2229 1914 verbo

362 1939 536 1980 veritatis,
564 1939 600 1971 in
627 1939 912 1984 longanimitate,
940 1947 975 1973 et
1001 1941 1037 1973 in
1058 1941 1204 1974 caritate
1226 1954 1299 1975 non
1320 1942 1401 1976 ficta
1424 1950 1564 1977 mentes
1592 1943 1750 1988 placatas
1774 1944 1918 1978 alliciat.
1951 1946 2008 1978 Hii
2038 1953 2071 1980 te
2099 1947 2231 1981 decent

363 2005 520 2047 labores,
542 2005 607 2038 hec
629 2012 688 2038 tue
713 2006 897 2051 fragilitati
919 2007 1028 2040 verba
1054 2015 1090 2041 et
1113 2008 1344 2042 incitamenta
1369 2010 1603 2043 conveniunt.
1630 2012 1677 2044 Ut
1695 2023 1819 2056 pacem
1847 2012 2014 2055 suadeas,
2037 2025 2104 2059 age
2130 2014 2227 2059 quod

363 2072 542 2104 neminem
565 2077 625 2113 [ut]
647 2074 835 2117 puerum¹⁶

858 2074 979 2118 egisse
1001 2074 1164 2119 pudebit,
1189 2082 1222 2108 et
1244 2083 1303 2109 tue
1326 2077 1456 2121 proli¹⁷
1478 2077 1631 2110 tuitione
1652 2078 1751 2123 pacis
1772 2079 1942 2120 consule3
1965 2081 2106 2114 cunctis
2129 2093 2228 2114 com-

363 2150 509 2172 moneas
530 2139 627 2184 quod
648 2140 787 2172 cunctis
809 2141 1003 2185 optandum
1026 2148 1092 2183 est,
1116 2142 1326 2188 neminique
1348 2144 1584 2177 dedecentem
1607 2150 1642 2177 et
1662 2145 1832 2179 omnibus
1853 2145 1979 2179 utilem
2000 2159 2122 2192 pacem
2145 2159 2227 2193 per-

363 2205 478 2250 quire.
500 2205 607 2248 Quod
627 2206 762 2239 utinam
785 2207 930 2252 expleas
951 2208 995 2240 ad
1016 2208 1169 2253 gloriam
1198 2209 1263 2242 tibi
1293 2223 1372 2243 cum
1395 2211 1528 2250 fructu,
1553 2218 1787 2257 nostramque
1809 2212 1974 2255 salutem,
2002 2214 2225 2248 concedente

364 2272 459 2316 pacis
480 2278 615 2313 actore,
637 2273 698 2317 qui
719 2280 753 2306 te
775 2273 909 2319 dirigat
928 2274 1097 2308 felicibus
1119 2275 1367 2310 incrementis.
1391 2270 1531 2311 Amen.-

453 2369 522 2393 Bibl.
537 2370 641 2394 Ricard.
656 2371 811 2400 Florentiae,
823 2379 872 2395 ms.
883 2373 938 2402 443,
951 2373 996 2395 fol.
1013 2374 1052 2396 54.
1069 2387 1096 2391 —
1109 2374 1147 2396 Ex
1158 2374 1210 2397 alio
1223 2376 1292 2398 sonte
1303 2375 1344 2398 ed.
1356 2375 1507 2407 epistolam.
1521 2377 1550 2400 A.
1562 2376 1716 2405 Ducnnsxz,
1733 2377 1849 2402 OEuvres
1861 2377 1978 2402 d’Alain
1991 2377 2120 2402 claartier
2133 2378 2222 2410 (1617),

360 2422 386 2444 p.
402 2415 456 2437 490.
469 2428 499 2432 —
512 2415 629 2446 Epistola
646 2415 745 2447 scripta
761 2419 800 2439 est
811 2420 954 2448 postquam
971 2417 1135 2441 universitas
1149 2419 1233 2442 Paris.
1248 2419 1308 2450 paci
1324 2420 1447 2443 Trecensi
1460 2420 1569 2452 juravit.
1587 2420 1627 2445 Cs.
1642 2421 1798 2450 ΒΕιΔυΝΑΥ,
1811 2418 1903 2446 Etude
1914 2428 1967 2447 sur
1980 2422 2068 2447 Αἰαίη
2085 2423 2224 2452 Chartier,

359 2466 386 2488 p.
399 2460 428 2481 55
443 2467 500 2490 sqq.

452 2542 475 2567 1.
492 2543 538 2566 Ed.
554 2551 558 2566 z
577 2544 740 2567 «consiliata
757 2553 778 2568 υ.
795 2559 824 2562 -
835 2545 860 2569 2.
874 2546 939 2568 Ed.:
958 2555 969 2568 «
986 2546 1153 2577 exquiremus
1168 2555 1190 2570 ι).
1203 2561 1231 2565 -
1247 2547 1271 2572 3.
1285 2548 1332 2572 Ed.
1348 2556 1353 2571 ·.
1370 2557 1381 2571 t(
1396 2548 1489 2572 afferat
1505 2558 1528 2573 ».
1543 2563 1574 2567 —
1587 2549 1612 2575 4.
1629 2550 1676 2574 Ed.
1691 2559 1697 2574 :
1711 2561 1721 2573 n
1738 2551 1926 2574 extimescas».
1943 2564 1973 2569 —
1990 2551 2016 2576 5.
2029 2552 2076 2575 Ed.
2091 2559 2097 2575 ι
2115 2559 2127 2575 «
2143 2560 2223 2583 expu-

359 2590 439 2617 gnata
455 2596 477 2610 ».
494 2601 519 2605 —-
535 2587 559 2612 6.
577 2588 623 2611 Ed.
641 2597 646 2611 :
663 2598 673 2611 (ι
691 2589 735 2612 sed
751 2597 780 2612 eo
796 2590 882 2612 minus
899 2598 921 2613 »-
939 2604 966 2607 —
981 2589 1005 2615 7.
1022 2590 1079 2614 Om.
1097 2591 1138 2615 ed.
1154 2605 1183 2609 -
1199 2592 1223 2617 8.
1240 2593 1286 2615 Ed.
1304 2601 1309 2615 ·.
1328 2601 1339 2616 «
1355 2601 1407 2624 pax
1426 2601 1447 2617 ».
1461 2607 1491 2611 -
1506 2593 1531 2619 9.
1551 2595 1598 2618 Ed.
1618 2603 1623 2618 z
1642 2604 1653 2618 α
1669 2598 1788 2619 maturos
1809 2604 1830 2619 ».
1849 2609 1876 2613 —
1893 2595 1935 2620 10.
1951 2596 2044 2624 Pron..
2059 2603 2118 2625 XIII,
2137 2597 2175 2620 12.
2191 2609 2223 2615 —

359 2630 399 2654 11.
416 2631 460 2654 Ed.
478 2639 482 2654 ·.
502 2640 511 2654 κ
530 2633 672 2656 reservavit
685 2641 706 2656 ι).
722 2647 753 2651 —-
767 2633 810 2658 12.
824 2634 889 2659 Ms.:
906 2643 917 2657 «
931 2635 1054 2666 contagia
1070 2644 1092 2658 n.
1105 2649 1134 2653 —
1147 2635 1188 2660 13.
1204 2637 1251 2660 Ms.
1265 2645 1270 2660 ¹.
1287 2645 1298 2660 ((
1313 2637 1487 2668 deturpant».
1502 2651 1533 2656 —
1546 2638 1588 2664 14.
1603 2639 1649 2662 Ed.
1663 2647 1668 2662 :
1685 2649 1696 2662 «
1712 2639 1819 2663 affectas
1833 2648 1856 2663 ».
1873 2653 1902 2658 —-
1912 2639 1955 2665 15.
1968 2641 2015 2664 Ed.
2028 2648 2033 2663 ¹.
2050 2648 2061 2664 α
2078 2640 2223 2672 singulari-

361 2678 398 2698 ter
410 2684 430 2697 ι).
443 2689 472 2692 -
485 2675 523 2700 16.
538 2677 585 2700 Ms.
601 2685 606 2699 z
624 2686 634 2699 «
651 2678 726 2708 pueri
742 2686 761 2701 r.
781 2678 827 2702 Ed.
843 2686 849 2701 ε
865 2687 875 2701 (ι
888 2679 966 2709 plura
982 2687 1004 2703 ».
1018 2693 1048 2697 —-
1063 2679 1101 2704 17.
1118 2681 1165 2703 Ed.
1181 2689 1186 2704 ι
1202 2688 1213 2704 α
1228 2681 1312 2712 prolis
1327 2698 1355 2706 ...
1366 2690 1431 2713 pace
1447 2690 1468 2705 ».
