2502 3418
378 308 442 341 768

377 437 437 460 2317

377 539 438 562 2318

378 597 439 620 2319

378 655 440 678 2320

378 757 438 780 2321

379 815 440 838 2322

380 961 441 984 2323

381 1063 441 1085 2324

380 1121 441 1143 2325

380 1178 441 1200 2326

381 1235 440 1258 2327

380 1382 440 1404 2328

381 1484 441 1507 2329

381 1543 441 1564 2330

381 1599 439 1622 2331

381 1658 441 1680 2332

381 1760 441 1782 2333

381 1818 439 1840 2334

381 1965 441 1987 2335

381 2067 442 2089 2336

381 2169 441 2191 2337

381 2271 441 2293 2338

382 2328 442 2350 2339

381 2390 442 2412 2340

382 2447 439 2470 2341

382 2505 442 2527 2342

383 2608 443 2629 2343

383 2669 442 2691 2344

383 2730 443 2753 2345

382 2792 443 2814 2346

477 1483 620 1509 1428-1429

515 1541 582 1567 1429

641 1845 644 1865 Ι

663 435 813 458 Decembris
829 436 858 458 14

677 537 798 561 Januarii
813 538 842 560 27

655 596 713 620 Jan.
729 595 832 618 4-Fcbr.
852 595 862 618 1

695 653 782 677 Martii
797 654 825 676 22

692 756 789 787 Aprilis
806 756 835 777 24

732 828 759 830 -
806 813 836 835 26

703 959 775 982 Junii
792 959 818 981 'll

656 1061 868 1086 Maii12-Jun.20

715 1118 779 1142 Julii
794 1119 807 1140 4

660 1177 818 1207 Junio-Aug.
834 1176 863 1198 12

683 1234 794 1266 Augusti
810 1235 839 1257 26

666 1380 828 1413 Septembris
847 1381 859 1404 7

686 1484 837 1514 Deo-Sept.

685 1541 839 1572 Septembre

681 1657 802 1681 Octobris
819 1657 847 1679 13

668 1760 732 1783 Nov.
751 1759 856 1782 ineunte

664 1817 818 1841 Novembris
834 1817 860 1840 21

673 1964 823 1987 Decembris
840 1965 850 1988 1

475 2327 624 2353 1428-1429

475 2384 621 2411 1427-1429

517 2442 583 2468 1430

672 2444 808 2467 Februarii
825 2445 853 2467 17

726 2516 754 2519 -
826 2502 852 2524 21

657 2604 718 2627 Feb.
727 2604 843 2627 24-Mu1-t.
854 2606 866 2627 8

698 2666 784 2689 Martii
801 2667 829 2689 14

723 2742 751 2745 —-
801 2729 830 2751 30

658 2791 722 2813 Ante
739 2790 820 2821 April.
838 2791 867 2813 23

952 317 1275 339 CHARTULAMUM
1310 317 1500 339 UNIVERS.
1538 318 1668 339 PARIS.

895 436 1060 459 Universitas
1073 440 1194 465 testatur,
1206 437 1329 460 abbatem
1345 440 1370 460 et
1385 441 1540 460 conventum
1553 438 1579 460 S.
1593 437 1706 460 Victoris
1722 437 1806 460 Paris.
1822 444 1880 460 esse
1892 436 1975 459 bonos
1987 439 2012 459 et
2026 436 2157 467 legitimos

924 481 1058 504 scholares
1073 481 1215 504 parisiens.
1232 481 1256 504 in
1273 481 1385 504 divorsis
1403 482 1573 504 facultatibus
1584 497 2157 506 .......................
2202 482 2248 504 479

894 538 1031 562 Licentiati
1046 539 1071 562 in
1089 540 1213 562 facultate
1227 539 1376 570 theologiae
1380 555 2158 563 ..............................
2202 539 2248 562 479

896 596 1007 619 Litterae
1022 597 1212 620 testimoniales
1226 597 1257 619 de
1273 597 1443 620 scholaritate
1461 597 1501 620 vel
1519 597 1550 620 de
1566 597 1683 628 regentia
1688 613 2158 620 ...................
2202 597 2249 619 480

894 654 1008 677 Jacohus
1031 655 1115 683 Galet,
1139 658 1192 677 nat.
1218 654 1332 679 Picard..
1357 654 1436 677 solvit
1458 654 1627 686 pictantiario
1652 655 1678 678 S.
1700 655 1847 678 Genovefae
1871 655 1955 678 Paris.
1976 662 2024 685 pro
2045 654 2158 685 quodam

925 699 1004 721 fundo
1024 702 1109 722 terrae
1117 715 2156 724 .........................................
2203 700 2249 722 480

896 757 998 779 Statuta
1014 756 1224 779 Mathurinorum
1238 756 1268 779 de
1285 756 1451 779 scholaribus
1460 773 2156 782 ............................
2203 756 2247 779 481

896 815 937 838 Fr.
954 814 1110 843 Richardus,
1128 814 1190 837 Ord.
1207 814 1280 843 Min.,
1296 817 1406 845 propter
1418 814 1629 845 praedicationes
1645 817 1670 837 et
1685 823 1787 838 errores
1803 815 1913 838 Parisiis
1927 814 2070 838 seminatos
2085 823 2159 837 accu-

926 862 1009 888 satus,
1025 867 1084 881 cum
1102 859 1212 882 facultas
1232 859 1381 889 theologiae
1396 862 1487 882 contra
1503 867 1563 882 eum
1583 862 1653 882 esset
1672 867 1840 891 processura,
1856 859 1924 882 clam
1940 859 2044 890 aufugit
2063 862 2088 882 et
2108 859 2161 882 dis-

927 903 1006 926 cessit
1014 920 2159 928 .............................................
2203 904 2248 926 481

897 961 1039 984 Facultatis
1054 961 1202 992 theologiae
1217 961 1352 984 conclusio
1367 961 1398 984 de
1413 961 1554 984 collatione
1567 961 1753 984 beneficiorum
1769 961 1802 984 ad
1815 961 2020 985 Universitatem
2036 964 2160 992 spectan-

926 1005 991 1028 tium
995 1022 2158 1030 ..............................................
2204 1006 2249 1029 481

897 1063 1009 1086 Litterae
1022 1063 1212 1086 testimoniales
1227 1063 1259 1086 de
1274 1063 1444 1086 scholaritate
1458 1067 1484 1086 et
1498 1063 1615 1094 regentia
1619 1080 2158 1087 ......................
2204 1064 2250 1086 482

897 1121 968 1148 Quae
982 1121 1100 1144 bedellus
1118 1121 1250 1144 facultatis
1266 1121 1414 1152 theologiae
1430 1121 1539 1144 solverit
1553 1129 1602 1152 pro
1618 1129 1668 1144 uno
1686 1121 1799 1152 prandio
1818 1138 2159 1145 ..............
2204 1122 2251 1144 483

897 1179 1009 1202 Litterae
1024 1179 1215 1202 testimoniales
1231 1179 1262 1202 de
1277 1179 1448 1202 scholaritate
1463 1182 1488 1202 et
1503 1179 1621 1210 regentia
1637 1196 2159 1204 .....................
2205 1180 2251 1203 483

897 1236 1075 1261 Cancellarius
1091 1237 1217 1260 Franciae
1234 1237 1283 1260 fuit
1298 1247 1311 1258 «
1328 1245 1343 1260 a
1358 1237 1476 1260 recevoir
1490 1238 1528 1260 les
1544 1245 1661 1260 sermens
1677 1237 1722 1260 des
1739 1245 1803 1268 gens
1821 1237 1931 1268 d'eglise
1946 1237 1977 1260 de
1995 1237 2068 1260 Paris
2085 1245 2162 1260 secu-

927 1282 989 1305 liers
1005 1285 1031 1305 et
1045 1281 1184 1312 reguliers,
1201 1282 1232 1304 de
1245 1281 1317 1304 vivre
1335 1290 1365 1304 en
1386 1281 1448 1312 paix
1468 1285 1493 1305 et
1507 1282 1587 1304 union
1607 1290 1638 1304 en
1659 1285 1728 1305 ceste
1748 1282 1810 1305 ville
1835 1282 1915 1305 soubz
1936 1282 2108 1305 l'obeissance
2126 1282 2160 1304 du

928 1334 975 1357 roy
988 1326 1019 1349 de
1034 1326 1133 1349 France
1146 1330 1171 1349 ct
1185 1326 1365 1356 d'Anglctei-re
1382 1326 1454 1349 selon
1470 1326 1494 1349 le
1509 1326 1598 1349 traitte
1612 1326 1643 1349 de
1658 1326 1683 1349 la
1697 1326 1758 1357 paix
1780 1334 1791 1348 υ
1797 1343 2159 1350 ...............
2204 1327 2250 1350 484

897 1385 965 1415 Mag.
979 1384 1039 1407 Joh.
1057 1383 1177 1407 Chuifart
1192 1383 1319 1415 recipitur
1336 1392 1350 1406 a
1366 1383 1482 1415 capitulo
1502 1384 1535 1406 ad
1551 1383 1667 1407 officium
1683 1384 1854 1407 cancellariae
1876 1383 1974 1412 Paris.;
1989 1383 2160 1407 nihilominus

927 1431 1015 1452 tamen
1028 1428 1094 1451 illud
1108 1428 1223 1451 nondum
1238 1428 1339 1451 obtinet
1357 1445 2108 1452 ..............................
2154 1447 2159 1452 .
2205 1429 2250 1452 484

897 1487 1024 1510 Cursores
1036 1486 1061 1509 in
1076 1486 1200 1509 facultate
1210 1486 1359 1517 theologiae
1377 1503 2161 1510 ...............................
2204 1487 2251 1509 484

897 1544 1065 1567 Sententiarii
1078 1547 1103 1567 et
1120 1544 1213 1567 Biblini
1227 1543 1390 1567 parisienses
1405 1561 2160 1568 ..............................
2205 1545 2252 1568 485

898 1602 1016 1633 Magistri
1033 1605 1153 1632 regentes
1169 1601 1195 1624 in
1212 1602 1336 1625 facultate
1350 1601 1499 1632 theologiae
1506 1618 2160 1625 ..........................
2205 1603 2252 1626 486

899 1659 1099 1691 Requirentibus
1115 1659 1303 1691 Universitate,
1319 1660 1485 1683 Purlnmento
1501 1664 1527 1683 et
1541 1659 1644 1682 civibus
1660 1659 1754 1688 Puris.⁷
1777 1659 1829 1682 dux
1847 1659 2002 1682 Bedfordiae
2021 1659 2051 1682 fit
2066 1659 2162 1690 guber-

928 1708 1004 1727 nator
1019 1704 1203 1731 Normunnine.
1218 1704 1357 1735 Philippus
1369 1712 1430 1727 vero
1445 1704 1497 1727 dux
1512 1704 1681 1735 Burgundiae
1696 1704 1858 1735 gubernator
1873 1703 1998 1727 Franciae
2001 1720 2161 1727 .......
2206 1705 2252 1728 486

898 1762 1016 1793 Magistri
1034 1766 1155 1793 regentes
1169 1762 1194 1785 in
1212 1763 1336 1785 facultate
1352 1762 1497 1785 medicinae
1512 1770 1554 1785 nn.
1572 1762 1705 1785 1429-1430
1715 1778 2162 1786 ..................
2206 1763 2252 1786 486

895 1820 1028 1843 Juliannes
1045 1820 1176 1849 Suunerii,
1190 1820 1234 1851 qui
1250 1820 1437 1843 cancellariam
1456 1820 1520 1844 eccl.
1542 1820 1684 1843 Parisiens.
1702 1827 1749 1851 per
1769 1819 1871 1842 obitum
1891 1819 2021 1842 Johannis
2037 1819 2161 1843 Gersonis

927 1868 1064 1888 vacantem
1079 1865 1170 1896 vigore
1182 1865 1369 1888 nominationis
1385 1865 1547 1896 apostolicae
1562 1864 1718 1895 acceptavit.
1732 1864 1867 1895 supplicat
1877 1864 1989 1887 Martino
2004 1865 2025 1887 V
2037 1867 2064 1887 ut
2078 1864 2161 1888 eidem

927 1910 958 1932 de
974 1918 1041 1932 novo
1056 1909 1229 1940 providcatur
1232 1926 2160 1933 .....................................
2204 1910 2251 1933 487

897 1967 1024 1991 Martinus
1041 1968 1061 1990 V
1074 1967 1205 1998 prohibet,
1221 1976 1252 1990 ne
1267 1967 1386 1998 religiosi
1402 1967 1465 1991 Ord.
1486 1967 1548 1990 Min.
1564 1967 1597 1990 ad
1619 1967 1731 1998 gradum
1747 1966 1894 1998 magisterii
1911 1966 1937 1989 in
1954 1966 2034 1990 theol.
2057 1975 2161 1998 promo-

929 2016 1048 2041 veantur,
1064 2015 1204 2043 antequam
1220 2012 1333 2043 legerint
1350 2012 1498 2035 Sententias
1514 2012 1541 2034 in
1556 2011 1780 2035 Universitatibus
1798 2011 1953 2042 approbatis
1971 2028 2159 2035 ........
2205 2012 2252 2036 487

896 2070 1019 2093 Nicolaus
1039 2070 1132 2098 Amici,
1150 2073 1236 2093 rector
1259 2069 1456 2098 Universitatss,
1477 2072 1598 2098 testatur,
1623 2077 1694 2100 mag.
1715 2068 1862 2092 Johannem
1884 2069 1915 2092 de
1939 2069 2047 2095 Homine
2069 2077 2160 2092 verum

927 2115 1075 2137 scholarem
1091 2114 1117 2137 in
1134 2115 1183 2137 fac.
1200 2114 1280 2137 theol.
1296 2114 1377 2138 fuism²
1381 2130 2108 2139 .............................
2115 2124 2134 2137 ⁷.
2154 2131 2160 2137 .
2203 2115 2249 2138 487

896 2173 1025 2195 Martinus
1041 2172 1173 2195 Berruerii
1190 2172 1301 2195 Mai-tino
1313 2173 1333 2195 V
1349 2172 1491 2203 supplicat,
1506 2175 1535 2195 ut
1549 2172 1576 2195 in
1589 2172 1699 2195 ecclesia
1710 2171 1856 2195 Turonensi
1869 2171 1993 2195 lectoriae
2004 2171 2160 2202 dignitatem

927 2217 961 2239 ad
977 2217 1125 2248 scripturae
1140 2225 1230 2240 sacrae
1245 2217 1435 2248 expositionem
1450 2216 1581 2245 instituat,
1597 2216 1701 2248 sibique
1716 2217 1843 2240 conferat.
1864 2233 1871 2239 .
1891 2237 1895 2240 .
1916 2233 2159 2240 ..........
2204 2217 2250 2240 487

896 2274 1032 2297 Licentiati
1048 2274 1074 2297 in
1091 2275 1216 2298 facultate
1230 2274 1387 2306 theologiae.
1407 2292 1413 2298 .
1434 2292 1439 2298 .
1459 2291 1465 2297 .
1485 2295 1489 2299 .
1510 2291 2159 2299 ..........................
2204 2275 2250 2298 488

896 2332 1061 2356 Universitas
1071 2333 1103 2355 ad
1115 2332 1269 2363 episcopum
1283 2332 1459 2360 Mncloviens„
1470 2333 1652 2355 utJohannem
1666 2332 1776 2355 Cudelin
1793 2335 1882 2355 contra
1896 2332 2013 2355 aemulos
2026 2334 2159 2363 protegat.
2204 2333 2250 2356 488

897 2390 1061 2413 Universitas
1077 2390 1110 2413 ad
1126 2390 1267 2413 Martinam
1283 2391 1303 2412 V
1314 2398 1362 2421 pro
1376 2390 1530 2413 subbedello
1545 2391 1693 2413 Hermanno
1710 2389 1788 2413 Fabri
1793 2406 2159 2413 ...............
2204 2391 2251 2413 489

896 2448 970 2471 Natio
986 2448 1161 2471 Nox-manniae
1174 2448 1280 2471 domum
1296 2449 1412 2479 amplam
1426 2448 1452 2471 in
1468 2448 1525 2471 vico
1541 2448 1700 2472 Gariandiae
1715 2447 1829 2479 acquirit
1846 2464 2158 2471 .............
2203 2449 2250 2472 489

897 2506 1058 2529 Licentiandi
1071 2506 1097 2529 in
1109 2506 1237 2529 medicina
1251 2506 1366 2537 probant
1376 2509 1480 2537 tempus
1491 2506 1633 2529 auditionis
1650 2506 1816 2537 requisitum,
1832 2505 2009 2536 computando
2024 2513 2039 2528 a
2053 2505 2158 2528 licentia

926 2551 952 2573 in
969 2551 1071 2574 artibus
1090 2566 2158 2575 ..........................................
2203 2551 2248 2574 491

898 2608 1008 2631 Litterae
1024 2608 1214 2632 testimoniales
1230 2609 1262 2632 de
1276 2608 1445 2632 scholaritate
1463 2611 1488 2631 et
1502 2608 1620 2639 regentia
1632 2624 2158 2632 .....................
2203 2608 2248 2632 491

896 2671 1031 2694 Licentiati
1047 2671 1073 2694 in
1090 2672 1214 2694 facultate
1230 2671 1394 2694 decretorum
1402 2686 2158 2695 ..............................
2203 2671 2249 2694 492

897 2733 1102 2756 instrumentum
1118 2733 1293 2757 revocationis
1313 2735 1396 2757 factae
1416 2742 1463 2765 per
1477 2735 1585 2757 fratrem
1602 2733 1749 2757 ‚Iohannem
1770 2732 1892 2756 Sarrasin
1912 2732 2131 2756 praedicatorem.
2152 2750 2158 2756 .
2203 2734 2249 2756 493

896 2795 1061 2818 Universitas
1075 2795 1102 2818 in
1113 2796 1226 2827 epistola
1239 2795 1272 2818 ad
1289 2796 1429 2819 Henricum
1444 2804 1533 2827 regem
1543 2796 1651 2827 Angliae
1662 2795 1743 2818 missa
1757 2795 1779 2818 ei
1795 2795 1954 2826 gratulatur,
1968 2794 2038 2826 quod
2048 2802 2158 2826 regnum

926 2847 1002 2862 suum
1018 2840 1143 2863 Franciae
1154 2840 1262 2863 visitare
1280 2840 1306 2863 in
1319 2841 1406 2864 animo
1422 2841 1518 2864 habeat
1527 2857 2157 2865 .........................
2201 2840 2248 2863 496
