2502 3418
378 315 442 348 758

949 328 1272 353 CHARTULARIUM
1306 331 1500 354 UNIVERS.
1536 331 1668 354 PARIS.

381 400 2247 416 ᾖ*

377 446 437 467 2052
513 444 579 469 1415

377 503 436 525 2053
531 516 562 519 -

376 561 436 583 2054
510 558 578 585 1416

375 707 435 729 2055
531 720 561 723 —

374 764 435 787 2056
530 778 560 782 --

374 867 435 890 2057
529 881 559 884 -

374 924 435 947 2058
529 939 559 942 -

374 1027 435 1050 2059
529 1041 559 1044 -

373 1085 434 1108 2060
528 1099 558 1103 -

373 1143 431 1165 2061
528 1157 559 1160 ——

372 1291 432 1313 2062
527 1303 557 1308 —-·

371 1394 432 1416 2063
527 1407 557 1410 ——

371 1452 432 1474 2064
526 1465 557 1469 ——-

371 1510 432 1532 2065
465 1508 612 1535 1414-1416

370 1658 431 1680 2066
506 1656 571 1682 1416

667 446 821 470 Novembris
837 450 851 471 5

675 563 795 586 Januarii
810 564 839 587 25

718 722 748 727 -
781 710 818 737 25,
834 711 863 732 ‘29

666 766 802 790 Februarii
818 768 847 790 19

719 882 748 886 ——
817 870 846 892 24

681 926 768 950 Martii
782 929 803 954 5,
816 928 831 950 6

711 1043 742 1046 —
759 1030 796 1058 13,
812 1030 841 1053 15

711 1101 741 1105 —
789 1089 819 1111 20

711 1160 740 1163 -
789 1147 818 1169 20

649 1395 708 1419 Feb.
723 1396 816 1428 10-Ap.
830 1397 859 1420 25

707 1453 769 1478 Maii
785 1455 799 1477 9

726 1526 753 1530 --
770 1513 797 1535 ’11

692 1659 764 1683 Junii
783 1661 812 1683 26

370 1716 429 1738 2067
467 1713 610 1740 1416-1417
646 1718 828 1749 summ-Apu
844 1720 857 1741 3

368 1778 429 1801 2068
505 1772 570 1798 1416

369 1841 429 1864 2069
526 1849 553 1853 -

368 1904 429 1926 2070
526 1912 551 1915 ’-

367 2055 425 2078 2071
522 2064 553 2068 *-

367 2163 427 2185 2072
523 2172 553 2176 -

367 2314 427 2337 2073
522 2323 552 2327 --

367 2376 426 2400 2074
522 2385 551 2389 *-

367 2439 427 2462 2075
521 2448 551 2451 -

366 2542 427 2564 2076
521 2555 551 2558 -

366 2604 426 2627 2077
522 2622 551 2625 -

367 2711 426 2734 2078
522 2728 551 2731 -

367 2817 428 2841 2079
463 2819 606 2846 1416-1417

711 1776 790 1799 Junio

696 1839 759 1863 Julii
776 1840 805 1862 22

679 1902 791 1933 Augusti
808 1903 820 1926 7

721 2055 820 2077 -16

644 2162 817 2193 Aug.19·oct.
825 2163 854 2186 22

643 2313 805 2344 Septembris
824 2314 852 2337 14

655 2376 810 2399 Novembris
826 2378 839 2400 3

650 2439 716 2470 Aug.
734 2439 845 2464 20-N0v.

648 2545 803 2569 Novembris
819 2547 848 2569 18

642 2608 805 2639 Septembris
822 2609 852 2632 19

893 448 1013 479 Magistri
1029 453 1148 481 regentes
1163 451 1213 474 fac.
1227 451 1371 475 medicinae
1385 460 1427 477 an.
1444 451 1578 474 1415-1416
1582 468 2154 475 .......................

894 506 1057 530 Universitas
1076 507 1206 531 Matthaeo
1225 509 1330 532 Sellarii
1345 509 1482 532 ecclesiam
1499 510 1546 533 SS.
1563 509 1672 533 Cosmae
1688 513 1713 532 et
1728 509 1847 532 Damiani
1865 509 1979 532 conferri
1995 512 2077 540 optat.
2097 527 2102 532 .
2122 526 2129 532 .
2149 526 2154 532 .

893 564 911 587 A
925 563 1108 588 baccalareatu
1124 565 1149 588 in
1166 566 1295 589 medicina
1310 567 1448 597 repellitur
1463 575 1533 598 mag.
1548 567 1681 591 Rolandus
1697 567 1804 596 Freron,
1818 575 1968 598 quanquam
1985 566 2115 590 sufficiens
2129 566 2155 589 in

922 609 1050 638 examine,
1065 610 1126 641 quia
1142 613 1244 642 tempus
1257 619 1307 642 quo
1321 611 1423 634 studuit
1438 612 1464 634 in
1476 611 1606 635 medicina
1621 615 1680 635 ante
1696 611 1829 635 licentiam
1842 611 1868 635 in
1880 611 1992 641 artibus,
2007 611 2155 643 computari

923 660 974 676 non
989 653 1066 676 debet
1069 671 2077 680 ........................................
2099 676 2101 678 ,
2123 673 2129 679 .
2149 675 2152 680 .

894 710 1056 734 Universitas
1076 712 1168 735 ducem
1184 712 1335 736 Britanniae
1351 712 1415 739 adit.
1431 715 1460 736 ut
1474 713 1607 737 civitatem
1626 714 1747 737 Harfleur
1766 717 1912 745 recuperet,
1927 717 1966 738 etc
1969 730 2154 737 ........

892 768 1001 791 Carolus
1019 769 1052 792 VI
1072 769 1245 793 Universitati
1269 770 1362 794 scribit
1388 771 1478 802 plures
1502 771 1631 795 notabiles
1656 771 1748 795 urbem
1773 772 1858 795 Paris.
1881 771 2030 804 relinquere
2050 775 2154 795 coactos

924 813 1007 836 fuisse
1020 817 1131 845 propter
1146 814 1243 837 honum
1258 815 1347 846 pacis:
1366 815 1454 838 clerici
1469 815 1558 839 tallias
1574 816 1691 845 solvant;
1710 825 1742 840 ne
1757 817 1822 840 fiant
1835 817 2054 848 congregationes
2068 834 2074 840 .
2095 834 2101 840 .
2122 835 2127 840 .
2148 835 2153 840 .

891 870 1024 901 Papetarii
1038 872 1180 895 Trecenses
1197 875 1321 896 recusant
1333 872 1435 896 solvere
1449 873 1631 904 impositiones
1636 891 2154 900 .....................

891 927 984 951 Coram
1000 928 1159 960 imperatore
1173 929 1343 961 Sigismundo
1359 930 1525 954 Universitas
1538 931 1700 955 audientiam
1711 932 1803 961 habet;
1815 935 1873 956 orat
1883 932 2016 957 Gerardus
2029 932 2154 963 Macheti;

920 973 1049 1004 postridie
1064 973 1135 997 natio
1151 974 1296 1006 Anglicana
1311 975 1460 999 admittitur
1472 979 1498 999 et
1512 976 1637 1007 proponit
1651 985 1721 1008 mag.
1738 977 1798 1001 Joh.
1814 977 1846 1000 de
1858 977 1964 1001 Austria
1968 994 2154 1001 ........

890 1030 1027 1054 Licentiati
1042 1031 1068 1054 in
1085 1032 1209 1056 facultate
1224 1033 1368 1057 medicinae
1371 1050 2154 1059 ...............................

890 1089 942 1112 Yvo
958 1089 990 1112 de
1002 1090 1146 1118 Pressorio,
1164 1091 1391 1122 pergamenarius,
1408 1095 1499 1115 contra
1513 1092 1666 1116 collectores
1683 1093 1838 1124 Bajocenses
1853 1093 1942 1125 litigat
1946 1110 2154 1119 .........

889 1146 1022 1170 Johannes
1041 1148 1075 1170 du
1095 1147 1214 1177 chemin,
1232 1148 1351 1172 bedellus
1369 1149 1430 1173 Joh.
1451 1150 1574 1174 Mathiae.
1590 1159 1661 1182 mag.
1678 1150 1768 1179 theob,
1790 1151 1852 1174 vina
1869 1159 1918 1174 sua
1933 1151 2056 1183 vectigali
2070 1151 2155 1175 libera

920 1199 977 1214 esse
990 1192 1133 1223 contendit,
1149 1193 1272 1217 facultate
1286 1194 1366 1218 theol.
1379 1194 1532 1218 auxiliante.
1543 1195 1701 1219 Procurator
1714 1195 1785 1227 regis
1800 1196 1921 1219 eumdem
1932 1199 2058 1228 tanquam
2069 1196 2156 1219 taber-

920 1236 1023 1259 narium
1043 1236 1193 1260 soluturum
1210 1238 1323 1269 vectigal
1343 1239 1499 1270 pronuntiat
1501 1257 2153 1265 ..........................

889 1294 949 1317 Fac.
968 1294 1038 1318 decr.
1058 1295 1165 1319 Petrum
1186 1295 1211 1319 le
1231 1296 1320 1326 Conte,
1344 1296 1477 1320 bedellum
1499 1305 1585 1327 suum,
1608 1301 1699 1322 contra
1720 1302 1920 1330 procuratorem
1940 1299 2010 1330 regis
2031 1298 2153 1331 sustinet,

919 1342 1027 1370 propter
1042 1339 1104 1363 vina
1119 1348 1185 1372 quae
1200 1341 1292 1364 Petrus
1308 1349 1323 1364 a
1337 1341 1392 1364 suis
1406 1341 1504 1365 vitibus
1518 1346 1623 1374 recepta
1635 1343 1806 1375 vectigalium
1818 1343 1945 1367 immunia
1957 1345 2012 1367 fore
2027 1344 2151 1367 declarat.

888 1396 1024 1420 Licentiati
1040 1397 1067 1421 in
1083 1398 1207 1422 facultate
1222 1399 1387 1422 decretorum
1392 1416 2152 1426 ..............................

889 1454 931 1478 Lis
947 1454 1015 1478 inter
1030 1455 1201 1479 Guillelmum
1219 1456 1341 1488 Vigorosi
1355 1465 1386 1480 ac
1406 1457 1547 1481 Martinum
1563 1459 1663 1489 Mouce,
1678 1459 1830 1490 papetarios
1834 1476 2152 1484 .............

889 1513 1054 1536 Universitas
1072 1514 1105 1537 ad
1122 1514 1342 1538 locumtenentem
1361 1516 1542 1547 procuratoris
1557 1516 1672 1540 civitatis
1687 1517 1878 1545 Aurelianens..
1895 1518 1928 1541 ad
1948 1517 2153 1541 Universitatem

918 1561 943 1581 et
958 1558 1103 1589 capitulum
1119 1559 1146 1582 S.
1161 1559 1251 1582 Crucis
1267 1559 1447 1583 Aurelianens.
1464 1564 1556 1584 contra
1571 1561 1711 1593 quemdam
1726 1570 1842 1585 errorem
1858 1562 1884 1585 in
1900 1562 1951 1586 fide
1963 1570 1978 1585 a
1993 1562 2152 1594 quibusdum

918 1602 1130 1632 disseminatum,
1146 1607 1172 1627 et
1184 1604 1288 1627 Petrum
1306 1605 1409 1633 Floure,
1426 1605 1555 1629 vicarium
1569 1605 1735 1637 inquisitoris
1754 1606 1879 1631 Franciae
1896 1607 2100 1631 recommendat.
2119 1625 2125 1632 .
2145 1625 2151 1632 .

888 1660 1021 1684 Statutum
1034 1661 1168 1685 facultatis
1184 1662 1349 1686 decretorum
1368 1663 1399 1686 de
1414 1663 1572 1687 lectionibus
1576 1681 2151 1690 .......................

887 1719 1036 1750 Disputatio
1050 1719 1081 1743 de
1097 1720 1188 1751 quinta
1206 1720 1287 1743 bursa
1306 1721 1401 1744 rectori
1419 1722 1545 1745 solvenda
1549 1739 2151 1748 ........................

887 1777 996 1800 Carolus
1011 1778 1051 1806 Vl,
1068 1786 1127 1801 cum
1143 1778 1288 1802 hastiludia
1302 1779 1439 1803 instituere
1454 1780 1542 1810 vellet,
1559 1780 1746 1805 Universitatis
1763 1789 1902 1805 censuram
1913 1782 1981 1806 male
1996 1782 2101 1814 accipit.
2118 1800 2124 1807 .
2143 1800 2150 1807 .

886 1839 1000 1867 Quidam
1015 1840 1041 1863 in
1055 1841 1179 1864 facultate
1194 1842 1358 1865 decretorum
1374 1842 1540 1866 doctoratum
1554 1843 1685 1875 recipiunt
1688 1861 2150 1869 ...................

886 1902 1019 1926 Gerardus
1036 1903 1147 1927 Macheti
1170 1904 1275 1928 nomine
1291 1905 1477 1929 Universitatis
1497 1905 1642 1929 orationem
1662 1906 1742 1930 habet
1763 1910 1853 1930 contra
1874 1907 2003 1938 scriptum
2022 1907 2150 1931 Johannis

917 1947 995 1970 Parvi
1014 1948 1209 1979 Justification
1224 1950 1264 1973 du
1281 1951 1337 1974 duc
1350 1951 1384 1974 de
1400 1951 1591 1981 Bouryoiqne,
1612 1954 1638 1974 et
1654 1954 1746 1975 contra
1760 1952 1916 1975 sententiam
1931 1952 2012 1975 trium
2026 1953 2151 1976 cardina-

916 1992 981 2015 lium
1000 1993 1064 2015 olim
1083 1993 1225 2017 electorum
1243 2002 1258 2017 a
1276 1994 1396 2018 Johanne
1411 1995 1492 2018 XXIII
1495 2012 2148 2023 ..........................

885 2055 987 2085 Rector,
1003 2058 1056 2078 tres
1072 2056 1192 2079 doctores
1206 2056 1296 2087 theol„
1312 2060 1338 2080 et
1350 2060 1403 2081 tres
1418 2057 1443 2080 in
1456 2058 1553 2082 decret.
1568 2059 1699 2090 quomodo
1714 2058 1752 2082 sic
1767 2059 1844 2082 dictis
1856 2069 1869 2081 «
1882 2059 1976 2091 pillars
1991 2062 2017 2083 et
2031 2059 2126 2083 banniz
2136 2069 2149 2081 u

915 2099 1079 2123 obviandum
1094 2100 1129 2124 sit
1146 2105 1284 2132 quaerunt.
1301 2102 1460 2126 Producitur
1474 2102 1548 2126 bulla
1564 2103 1665 2126 Urbani
1680 2104 1701 2127 V
1704 2121 2147 2129 ..................

884 2162 994 2186 Carolus
1005 2163 1048 2190 VI,
1061 2171 1121 2186 cum
1136 2163 1244 2195 quidam
1257 2164 1283 2187 in
1296 2164 1413 2188 Concilio
1432 2165 1568 2189 Constant.
1582 2166 1741 2190 assertiones
1754 2167 1814 2190 Joh.
1827 2167 1904 2190 Parvi
1919 2157 2058 2191 defendere
2073 2175 2151 2199 quae-

914 2211 1009 2236 rerent,
1022 2208 1208 2232 Universitatis
1220 2209 1359 2240 supposita
1370 2210 1527 2233 sententiam
1538 2219 1613 2234 suam
1625 2211 1651 2234 in
1664 2212 1750 2234 rotulo
1767 2212 2024 2244 subscriberejubet.
2039 2212 2150 2236 Nomina

914 2252 1041 2283 inscripta
1044 2270 2147 2282 ...........................................

884 2314 1048 2338 Universitas
1063 2315 1191 2346 declarat,
1208 2316 1294 2339 solum
1307 2316 1410 2348 juratos
1425 2318 1643 2349 pergamenarios
1659 2318 1809 2350 privilegiis
1823 2319 2009 2343 Universitatis
2023 2319 2147 2351 gaudere.

883 2376 1003 2408 Magistri
1016 2381 1137 2408 regentes
1151 2379 1202 2403 fac.
1218 2379 1363 2403 medicinae
1378 2388 1421 2404 an.
1438 2380 1577 2404 1416-1417
1581 2397 2147 2407 .......................

882 2439 941 2463 Fac.
958 2440 1121 2464 decretorum
1136 2441 1265 2465 deliberat
1280 2450 1312 2465 an
1326 2443 1412 2466 rolulo
1424 2443 1567 2467 continenti
1580 2444 1823 2468 condemnationem
1835 2446 1849 2468 9
1861 2445 2073 2476 propositionum
2088 2445 2146 2471 Joh.

913 2484 989 2508 Parvi
1007 2485 1174 2510 subscribere
1189 2486 1283 2510 debeat
1285 2504 1757 2514 ...................
1778 2510 1783 2515 .
1803 2506 2147 2514 ..............

882 2547 939 2570 Fac.
957 2547 1122 2571 decretorum
1135 2550 1150 2571 9
1164 2549 1361 2580 propositiones
1376 2550 1437 2574 Joh.
1453 2550 1531 2574 Parvi
1546 2551 1672 2582 reprobat
1675 2569 2146 2577 ...................

882 2611 1138 2640 Appunctamentum
1154 2620 1234 2643 super
1249 2612 1409 2643 quibusdam
1424 2613 1568 2642 codicibus,
1585 2614 1753 2652 Justlficatio
1768 2614 1848 2639 ducis
1865 2615 2052 2645 Buryundiae
2067 2624 2148 2647 super

912 2658 995 2678 morte
1012 2655 1086 2678 ducis
1102 2656 1299 2680 Aurelianensis
1315 2657 1457 2688 appellatis
1462 2675 2145 2685 ...........................

642 2732 850 2740 .........
882 2716 1046 2741 Universitas
1073 2718 1106 2741 ad
1130 2719 1276 2742 Concilium
1298 2720 1507 2749 Constantiense,
1533 2724 1562 2744 ut
1585 2721 1757 2753 privilegium
1778 2722 1906 2745 Johannis
1931 2708 2012 2746 XXIII
2038 2723 2070 2746 de
2095 2731 2147 2746 non

912 2762 1072 2786 extrahendo
1087 2771 1118 2786 ex
1134 2764 1198 2787 urbe
1210 2764 1294 2788 Paris.
1308 2769 1448 2789 renovetur
1451 2783 2145 2792 ............................

643 2839 850 2847 .........
881 2823 1008 2848 Johannis
1024 2825 1055 2848 de
1069 2826 1236 2851 Monsterolio
1251 2827 1283 2850 ad
1297 2827 1504 2852 Universitatem
1519 2829 1647 2852 adversus
1661 2837 1757 2859 mores,
1768 2829 1902 2853 levitatem
1918 2833 1943 2854 et
1957 2830 2055 2853 malam
2068 2830 2146 2854 fidem

913 2869 1086 2902 Sigismundi,
1101 2872 1278 2896 Romanorum
1294 2872 1472 2906 imperatoris,
1488 2873 1601 2906 epistola
1604 2891 2144 2900 ......................

2200 451 2246 474 308

2201 509 2246 532 308

2200 656 2246 679 309

2199 714 2246 736 309

2199 816 2245 839 309

2198 874 2245 897 310

2199 977 2245 999 310

2198 1035 2242 1059 311

2198 1093 2243 1117 311

2198 1240 2242 1264 311

2198 1343 2244 1367 313

2198 1402 2244 1425 313

2197 1460 2244 1484 315

2196 1604 2241 1627 317

2196 1662 2242 1685 319

2196 1720 2242 1743 319

2196 1779 2242 1802 320

2195 1842 2241 1865 320

2194 1995 2240 2017 320

2194 2102 2240 2125 320

2193 2253 2236 2277 321

2193 2316 2239 2340 323

2193 2380 2238 2402 324

2192 2487 2239 2510 325

2191 2549 2238 2572 326

2191 2658 2236 2682 327

2190 2766 2236 2790 327

2189 2874 2237 2898 328
