2502 3418
403 332 467 364 560
976 342 1296 364 CHARTULARIUM
1335 342 1524 364 umvssns.
1561 343 1692 365 rmus.
2171 331 2270 368 [1434

403 415 515 449 abbas
538 416 572 449 S.
595 416 779 458 Katerine,
809 416 946 449 domini
968 416 1047 449 Joh.
1072 416 1223 449 Huberti
1248 423 1282 449 et
1304 417 1525 461 Pasquerius.
1545 417 1590 450 de
1610 417 1789 461 Vallihus)
1811 418 1847 450 in
1871 417 1948 451 aula
1971 418 2134 463 episcopi
2155 418 2267 459 Paris.

405 483 561 516 rotulum
584 483 800 528 prelibatum
822 483 930 516 modo
951 490 985 516 et
1008 484 1119 516 forma
1141 483 1275 528 quibus
1303 495 1367 528 per
1388 495 1455 516 nos
1482 484 1599 517 suerat
1625 496 1689 529 per
1716 491 1797 518 ante
1820 484 2015 517 clausum¹.
2045 486 2088 517 Et
2113 484 2177 517 illo
2204 496 2269 529 per

404 562 460 582 me
475 550 650 583 decanum
674 557 709 583 et
729 550 820 583 alios
841 550 1002 595 collegas
1024 562 1124 582 meos
1142 550 1177 582 in
1198 550 1383 594 presentia
1406 551 1565 583 omnium
1590 551 1838 584 assistentium
1862 558 2000 596 aperto,
2028 552 2130 584 fuere
2153 552 2267 584 vocati

404 616 598 649 bachalarii
626 617 837 650 licentiandi
864 617 1063 650 secundum
1094 617 1256 649 ordinem
1283 628 1347 661 per
1368 617 1469 661 prius
1491 629 1555 662 per
1575 617 1771 663 collegium
1795 618 2022 651 decretorum
2048 618 2265 651 ordinatum.

402 684 473 726 Qui
494 684 639 729 quidem
657 684 747 716 ordo
768 684 934 728 sequitur
954 691 988 716 et
1009 690 1064 716 est
1084 683 1165 716 talis
1187 696 1193 717 ι

491 802 567 827 Frat.
582 802 728 827 Johannes
742 801 777 826 de
793 801 878 829 Mota,

493 851 566 882 Mag.
586 850 736 883 Philippus
748 850 783 876 de
799 850 948 883 Longolio.

509 916 544 918 —
581 900 711 926 Nicolaus
725 900 760 925 de
775 900 958 925 llermessent
965 898 984 927 2.

491 950 638 975 Johannes
654 949 829 982 Longuejoe.

491 999 629 1024 Ricardus
644 998 770 1026 Oliverii,

491 1047 625 1073 Galterus
640 1048 743 1074 Basset.

490 1096 608 1129 Egidius
620 1096 758 1123 Corderii.

489 1146 636 1171 Johannes
651 1145 743 1174 Parvi,

489 1195 607 1228 Egidius
622 1194 657 1220 de
672 1194 795 1223 Molinis,

490 1244 631 1270 Robertus
646 1243 770 1271 Patricii.

492 1292 590 1318 Frater
606 1291 770 1325 Stephanus
785 1291 820 1316 de
836 1290 987 1319 Novavilla„

489 1341 632 1367 Oliverius
645 1341 681 1367 de
696 1340 853 1374 Carantily,

489 1390 664 1416 Guillelmus
676 1390 712 1415 de
726 1389 875 1418 Canteleu.

489 1439 651 1465 Ludovicus
666 1438 786 1474 Ba[i]1ly,

489 1490 563 1515 Frat.
581 1488 701 1514 Pontius
716 1488 751 1514 de
767 1488 898 1517 Verrizia.

488 1538 618 1564 Nicolaus
631 1538 666 1563 de
681 1538 789 1565 Ductu.

489 1588 573 1620 Hugo
589 1586 744 1615 Drouardi.

487 1636 626 1663 Ricardus
646 1633 736 1663 Hebe.

486 1686 609 1712 Jacobus
624 1686 732 1714 Hathk,

487 1736 630 1761 Robertus
646 1735 730 1768 Hays.

487 1785 618 1810 Matheus
632 1784 798 1812 Boutebost.

487 1833 645 1859 Gausridus
660 1832 768 1866 Guyot,

486 1882 634 1908 Johannes
646 1882 682 1907 de
698 1882 841 1911 Bonneul,

487 1932 635 1957 Johannes
649 1931 801 1959 Carretier.

487 1980 635 2006 Johannes
650 1980 810 2009 llouchart,

487 2029 670 2055 Theobaldus
684 2028 840 2057 Churrelli.

487 2078 640 2112 Philippus
653 2078 758 2107 Baiart.

486 2128 617 2154 Nicolaus
631 2127 766 2156 Habart³‚

487 2177 633 2203 Johaunes
648 2177 801 2210 Lathomy.

488 2225 588 2251 Petrus
601 2225 637 2251 de
652 2225 787 2259 Grangia,

907 2274 963 2310 [3⁰]

1343 914 1384 2245 ΙΙῑΙΙΙΙΙῑΙΙΙΙΙΙ[ΙΙΙΙΙΙΙΙΙΙΙΙ

1266 800 1320 826 sub
1335 800 1457 827 domino
1473 802 1581 828 Livino.

1473 851 1538 876 abb.
1557 851 1583 877 S.
1601 851 1746 878 Katerine.

1473 899 1539 925 Joh.
1557 900 1689 926 Huberti.

1472 947 1582 973 Livino.

1473 996 1539 1022 abb.
1553 997 1589 1022 de
1602 997 1771 1023 Cormelliis.

1473 1044 1539 1071 abb.
1558 1045 1584 1071 S.
1602 1045 1746 1072 Katerine.

1474 1094 1539 1120 abb.
1557 1094 1584 1120 S.
1602 1094 1746 1121 Katerine.

1476 1142 1565 1178 [abb.]
1577 1144 1613 1170 de
1625 1143 1796 1170 Cormelliis.

1474 1193 1629 1226 Pasquerio
1642 1193 1678 1219 de
1692 1193 1829 1218 Vallibus.

1632 1242 1671 1268 id.

1475 1290 1563 1326 [abb.]
1583 1291 1619 1317 de
1633 1291 1805 1317 Cormelliis.

1473 1339 1561 1375 [abb.]
1578 1340 1604 1366 S.
1620 1341 1764 1366 Katerine.

1474 1390 1583 1416 Livino.

1474 1439 1606 1466 Huberti.

1475 1489 1638 1522 Pasquerio.

1473 1538 1605 1564 liuberti.

1474 1588 1583 1614 Livino.

1474 1635 1563 1669 [abb.]
1578 1635 1614 1661 de
1628 1634 1800 1661 Cormelliis.

1474 1683 1584 1709 Livino.

1474 1732 1605 1758 liuberti.

1472 1782 1604 1808 Huberti.

1472 1831 1636 1865 Pasquerio.

1472 1881 1562 1914 [abb.]
1578 1881 1604 1906 S.
1622 1879 1766 1906 Katerine.

1472 1930 1538 1956 abb.
1555 1930 1590 1956 de
1605 1929 1775 1956 Cormelliis.

1472 1979 1636 2013 Pasquerio.

1472 2029 1582 2054 Livino.

1470 2077 1558 2112 [abb.]
1575 2077 1607 2107 S„
1620 2077 1765 2103 Katerine.

1471 2126 1603 2152 Huberti.

1471 2175 1635 2209 Pasquerio,

1468 2222 1555 2258 [abb]
1569 2223 1604 2250 de
1617 2223 1787 2250 Cormelliis.

490 2381 597 2404 Memor.
615 2382 664 2404 sac.
678 2381 784 2409 decret.y
802 2382 821 2410 1,
846 2382 890 2405 sol.
908 2382 999 2404 167.—
1014 2381 1151 2404 Licentiati
1172 2385 1233 2404 sunt
1252 2381 1336 2412 April.
1361 2381 1399 2408 13,
1420 2380 1605 2412 praesentibus
1626 2379 1752 2411 episcopo
1773 2379 1925 2409 Morinens.‚
1946 2378 2104 2402 cancellario
2129 2377 2263 2408 Frunciue,

397 2425 528 2456 episcopis
544 2426 627 2449 Puris.
644 2426 752 2455 (Jacobo
767 2426 799 2449 de
815 2426 973 2455 castellano)
988 2429 1013 2449 et
1026 2426 1179 2449 Lexoviensi
1193 2426 1278 2456 (Petro
1294 2425 1437 2454 Cnuchon),
1454 2425 1628 2456 pluribusque
1642 2424 1804 2448 notabilibus
1822 2424 1936 2447 dominis
1953 2424 1980 2451 (Ι.
1996 2424 2030 2454 c.)

490 2527 513 2552 1.
529 2529 565 2551 Ad
581 2528 645 2551 haec
657 2528 711 2552 vid.
725 2537 807 2560 supra
822 2533 851 2551 11⁰
861 2529 930 2553 2424.
947 2529 1084 2557 Quomodo
1099 2529 1202 2552 rotulus
1218 2528 1375 2560 aperiretur,
1386 2528 1534 2559 explicatur
1549 2527 1619 2550 infra
1633 2527 1665 2550 nd
1682 2535 1724 2550 nn.
1738 2527 1807 2550 1442.
1818 2540 1847 2544 -—
1858 2525 1883 2551 2.
1896 2527 1936 2550 Cf.
1949 2534 2031 2557 supra
2047 2530 2075 2548 n⁰
2090 2526 2159 2554 2244,
2173 2528 2226 2550 not.
2239 2525 2261 2548 1.

398 2586 427 2589 -
442 2572 464 2596 3.
479 2573 526 2595 Ms.
544 2581 550 2596 ε
568 2582 578 2595 (ι
594 2573 694 2596 Hauart
707 2582 727 2597 u.
744 2573 840 2605 Utique
856 2573 1067 2605 consanguineus
1080 2573 1181 2597 Nicolui
1197 2573 1307 2602 Haburt,
1322 2572 1440 2604 episcopi
1456 2572 1592 2604 Bajocens.

399 2800 542 2838 2447.
565 2812 667 2837 Rector
681 2816 708 2837 et
729 2812 863 2847 deputati
882 2813 1080 2838 Universitatis
1102 2813 1197 2839 Paris.
1214 2812 1307 2849 April.
1329 2813 1363 2840 10
1383 2813 1484 2846 iterum
1500 2812 1528 2838 in
1544 2820 1660 2843 camera
1679 2811 1859 2837 Par-lamenti
1875 2819 1906 2837 se
1925 2813 2070 2847 opponunt
2084 2808 2262 2835 ordinationi

486 2867 500 2883 «
522 2860 723 2885 ηοιινεὶῖεηιεηι
737 2861 812 2894 faite
826 2870 876 2886 sur
898 2861 923 2887 Ie
939 2861 1042 2887 rachal
1057 2861 1092 2887 de
1108 2865 1202 2887 rentes
1225 2862 1398 2887 constitue'ez
1413 2870 1463 2886 sur
1478 2860 1519 2887 les
1539 2861 1668 2886 maisons
1685 2860 1721 2886 de
1741 2860 1771 2886 la
1792 2860 1855 2886 ville
1875 2864 1902 2886 et
1920 2859 2053 2894 forbours
2074 2858 2109 2884 de
2130 2858 2215 2884 Paris
2232 2866 2256 2892 »‚

487 2917 560 2941 quae
582 2909 746 2934 constitutio
764 2909 803 2934 ad
822 2909 1039 2936 dissolutionem
1060 2914 1091 2936 et
1106 2909 1327 2937 destructionem
1349 2909 1532 2945 &tolla-giorum
1554 2911 1582 2936 et
1603 2909 1805 2935 ‘Un‘iversitan’s
1828 2908 2128 2935 tendit.'Ea:iman1ur
2146 2906 2183 2932 ab
2196 2906 2259 2933 >illa
