2502 3418
416 328 478 360 188
987 337 1307 359 ann‘rULARIUM
1343 336 1533 358 amvi-ms.
1571 336 1701 357 rmus.
2181 322 2280 359 [1410

412 424 457 445 en
479 411 510 445 la
532 412 647 445 sainte
674 411 872 457 theologie,
897 412 1042 444 maistre
1068 411 1182 444 Johan
1203 411 1344 450 Voisin,
1376 411 1525 443 docteur
1551 422 1595 442 en
1623 410 1747 442 decret
1772 416 1805 441 et
1832 410 1939 442 doien
1967 406 2107 442 d'icelle
2133 409 2276 448 saeuite,

411 479 526 512 Johan
559 479 694 520 Pierre,
727 479 873 512 maistre
906 491 950 511 cn
988 478 1188 518 medecine,
1220 478 1364 510 Pierres
1397 476 1582 515 Cauchon,
1615 476 1794 509 Eusthace
1829 476 2131 521 Fauquenberge,
2163 476 2277 509 Johan

412 546 580 586 Bruillot,
602 546 770 578 maistres
791 558 836 578 en
862 558 919 578 ars
947 552 981 577 et
1008 545 1181 577 licenciez
1208 556 1252 577 en
1281 545 1417 584 decret,
1441 550 1473 576 et
1498 544 1744 587 Ja(:quez....²,
1772 543 1918 575 maistre
1945 555 1989 575 en
2017 555 2088 584 ars,
2111 542 2277 588 lesquelx

410 625 501 646 vous
522 612 676 645 vueillez
700 612 743 645 de
769 619 891 645 vostre
919 614 1025 656 grace
1053 610 1338 644 savorablement
1365 610 1524 642 traictier
1549 616 1583 642 et
1609 616 1778 642 escouter
1803 609 2064 654 benigne-ment
2089 616 2122 642 et
2149 612 2166 642 a
2194 610 2277 642 eulx

411 679 529 724 plaine
551 680 610 724 foy
629 679 816 723 adjouster
837 691 881 711 en
907 685 983 710 tout
1008 690 1047 710 ce
1076 677 1182 721 qu'ilz
1203 688 1294 710 vous
1317 676 1439 708 diront
1460 676 1504 708 de
1527 687 1588 720 par
1614 687 1720 716 nous,
1750 676 1842 708 ainsi
1870 687 2009 708 comme
2034 677 2200 720 toujours
2231 688 2274 709 en

408 752 490 779 tous
512 758 578 779 noz
597 746 739 778 affaires
759 745 868 778 l'avez
890 745 934 777 de
956 751 1077 777 vostre
1099 743 1257 787 benigne
1279 744 1385 787 grace
1407 746 1630 782 acoustume,
1654 754 1697 774 en
1720 754 1813 775 nous
1834 742 2088 775 commandant
2106 749 2188 776 tous
2210 755 2275 776 voz

408 812 500 846 bons
519 813 676 857 plaisirs,
695 812 860 856 lesquelx
878 823 970 844 nous
987 810 1232 855 acomplirons
1254 816 1327 842 tres
1345 809 1608 853 diligemment,
1621 810 1878 854 joyeusement
1898 816 1932 842 et
1948 809 1992 842 de
2009 822 2096 842 cuer
2117 812 2134 842 a
2150 817 2274 843 nostre

405 880 544 924 povoir.
563 881 693 912 Nostre
715 886 788 911 tres
810 878 987 911 redoubte
1005 877 1190 922 seigneur,
1209 888 1303 909 nous
1320 876 1446 921 111-10115
1467 888 1510 908 au
1532 875 1678 909 benoist
1698 876 1754 909 filz
1776 876 1820 909 de
1842 876 1933 909 Dieu
1955 877 2041 921 qu'il
2057 889 2148 910 vous
2165 877 2213 910 ait
2228 889 2272 910 en

405 959 443 979 sa
464 947 610 979 benoite
632 946 742 991 garde
764 952 799 978 et
819 945 921 977 doint
940 951 1014 977 tres
1031 944 1151 976 bonne
1172 944 1229 976 vie
1251 950 1286 975 et
1305 943 1454 988 longue.
1476 963 1519 967 »-
1536 943 1680 988 Ε501·1ρ1
1700 946 1718 976 a
1738 943 1837 976 Paris
1859 955 1903 976 en
1925 950 2049 976 nostre
2070 956 2272 989 congrega-

403 1013 478 1046 tion
500 1013 670 1057 generale
692 1024 755 1044 sur
775 1024 814 1044 ce
836 1011 1003 1044 celebree
1024 1013 1042 1043 a
1064 1011 1163 1043 Saint
1184 1010 1340 1042 Maturin
1362 1010 1395 1042 le
1416 1014 1450 1041 νο
1465 1011 1551 1054 jour
1572 1010 1616 1042 de
1639 1010 1864 1055 Septembre.

616 1080 682 1112 Vos
698 1084 772 1112 tres
787 1078 940 1112 lzumbles
955 1083 988 1111 et
1009 1077 1236 1111 bienveillans
1251 1077 1300 1110 les
1321 1082 1461 1110 recteur
1475 1082 1509 1110 et
1526 1077 1693 1111 maistres
1711 1077 1753 1111 cle
1769 1078 2007 1111 I’Um'versite'
2021 1077 2062 1111 de
2077 1079 2201 1112 Paris.

495 1178 609 1200 Minuta
624 1176 739 1199 chartac.
757 1176 781 1198 111
798 1176 875 1199 Arch.
892 1179 945 1199 nat.
963 1176 1056 1203 Puris.,
1071 1176 1093 1198 M
1110 1175 1162 1200 (35b.
1178 1180 1207 1198 11ο
1222 1176 1250 1198 32
1265 1176 1336 1205 (olim
1356 1177 1384 1198 Α.
1401 1176 1423 1198 3.
1440 1177 1475 1206 g).
1493 1175 1570 1198 Deest
1584 1184 1668 1198 annus
1683 1176 1708 1198 111
1724 1176 1890 1199 documento.
1907 1177 1943 1199 Ad
1960 1176 2023 1199 baec
2039 1176 2092 1200 vid.
2110 1176 2270 1207 Chr-(mique

398 1223 431 1245 (Ie
446 1221 616 1246 Itsonstrelee.
631 1221 671 1243 ed.
689 1221 904 1248 DOUE'r-D'ARCQ,
926 1221 958 1249 11,
970 1222 1000 1243 90
1016 1229 1088 1251 sqq.;
1103 1220 1162 1244 Rel.
1172 1222 1205 1243 de
1217 1221 1420 1250 Saint-Denys,
1437 1221 1477 1249 IV,
1489 1221 1534 1243 370
1550 1229 1606 1251 sqq.
1620 1221 1714 1243 Ducem
1732 1221 1938 1244 ambassiatores
1953 1221 2075 1244 adierunt
2090 1221 2162 1252 Sept.
2178 1222 2216 1245 23.

489 1305 513 1329 1.
529 1306 636 1335 Legitur
653 1305 677 1327 in
693 1305 784 1327 charta
804 1314 815 1327 «
834 1305 883 1328 telz
899 1308 923 1327 et
938 1305 996 1334 telz,
1013 1308 1061 1328 etc.
1080 1313 1100 1332 1),
1118 1308 1143 1327 et
1158 1304 1264 1327 uomina
1282 1305 1314 1327 ad
1331 1305 1427 1327 01110011]
1446 1305 1536 1327 addita
1555 1308 1624 1328 sunt.
1638 1319 1668 1322 —
1683 1305 1708 1330 2.
1722 1305 1855 1328 Johannes
1872 1306 1956 1333 Pacis,
1973 1306 2055 1328 abbas
2071 1305 2103 1329 de
2116 1305 2268 1329 pontiniaco

397 1350 562 1379 (1389-1413).
577 1350 632 1372 Vid.
647 1352 775 1377 Auczar.y
791 1351 823 1379 11,
837 1358 863 1380 p.
880 1351 918 1375 68,
936 1353 988 1372 not.
1005 1351 1027 1372 3.
1044 1350 1153 1372 Frustra
1170 1350 1421 1380 21‹›mu›mx‚pi227,
1435 1353 1499 1377 not„
1512 1350 1577 1373 duce
1593 1350 1710 1377 ΒυιΛΕυ,
1723 1351 1752 1378 V,
1765 1351 1809 1373 214
1822 1358 1827 1373 ⁴.
1841 1359 1852 1373 «
1866 1350 1976 1377 Natalis,
1994 1350 2077 1373 abbas
2089 1351 2120 1374 de
2131 1350 2233 1382 Poigny
2244 1359 2267 1379 »;

397 1395 605 1422 thn‘r—D'Mu1Q
623 1395 647 1417 in
666 1396 771 1419 Chron.
793 1396 825 1418 de
839 1395 1009 1422 Monstrelcc,
1027 1395 1058 1422 lt,
1074 1396 1104 1417 90
1121 1403 1125 1417 :
1142 1404 1152 1416 (ι
1170 1396 1241 1423 Ame',
1262 1394 1347 1417 l'abbe
1362 1395 1393 1417 de
1411 1394 1511 1426 Poigny
1530 1403 1551 1423 1,),
1573 1398 1598 1417 et.
1615 1395 1640 1417 in
1661 1398 1722 1418 nota
1740 1403 1880 1426 perperam
1897 1403 1902 1418 :
1921 1404 1931 1418 11
1949 1395 1967 1418 11
1984 1397 2039 1418 saut
2054 1395 2102 1418 lire
2126 1395 2226 1427 Foigny
2244 1404 2267 1419 ι).

395 1454 424 1456 -
440 1440 464 1464 3.
481 1439 667 1462 verisimiliter
680 1440 795 1462 jacobus
811 1440 842 1462 dc
859 1440 975 1462 Ilm-lem.

398 1633 537 1670 1893.
563 1652 576 1667 ‹<
594 1642 799 1668 lnstructiones
812 1651 865 1678 pro
881 1643 990 1668 nuntiis
1005 1643 1151 1669 mittendis
1167 1643 1207 1669 ad
1222 1643 1365 1669 dominum
1381 1644 1501 1670 Biturie.
1521 1654 1536 1670 »

1589 1733 1661 1762 1410,
1679 1732 1845 1765 Septembris,
1861 1732 1975 1758 Parisiis.

484 1820 532 1851 Ex
563 1825 662 1863 parte
694 1819 950 1852 Universitatis
976 1820 1148 1852 mittenda
1175 1827 1228 1853 051
1258 1820 1472 1854 ambassiata
1499 1820 1675 1854 solemnis
1701 1821 1744 1853 ad
1775 1820 1960 1853 dominum
1988 1820 2126 1853 Biturie
2152 1826 2187 1852 et
2217 1819 2259 1852 ad

391 1886 481 1919 alios
502 1886 670 1919 dominos
692 1898 771 1918 cum
795 1886 884 1931 ipsis
907 1887 1106 1919 existentes
1127 1888 1163 1919 in
1185 1887 1337 1921 honesta
1359 1895 1394 1921 01
1414 1888 1619 1920 honorabili
1640 1888 1819 1921 comitiva.

479 1954 599 1986 Primo
622 1965 831 1998 proponens
854 1953 1001 1986 babebit
1021 1961 1232 1998 presentare
1256 1955 1394 1988 litteras
1416 1955 1601 1988 credentie
1624 1955 1893 1996 Universitatis,
1918 1962 1952 1987 et
1973 1961 2056 1987 tunc
2083 1961 2260 1999 proponet

388 2032 508 2053 coram
526 2021 579 2053 eis
601 2020 809 2053 inducendo
827 2027 861 2053 et
882 2020 1061 2053 hortando
1082 2021 1125 2053 ad
1148 2034 1269 2066 pacem
1288 2034 1352 2067 pro
1374 2022 1513 2055 honore
1535 2029 1570 2055 et
1591 2022 1743 2055 utilitate
1766 2023 1864 2067 regis
1885 2029 1919 2055 et
1935 2022 2054 2067 regni,
2073 2021 2201 2054 stando
2222 2021 2259 2053 in

389 2088 553 2120 terminis
578 2087 828 2132 generalibus,
852 2100 924 2120 non
950 2088 1209 2121 descendendo
1240 2089 1282 2121 ad
1311 2089 1428 2134 aliqua
1455 2089 1697 2134 particularia,
1726 2101 1796 2134 que
1819 2089 2031 2122 viderentur
2056 2089 2257 2134 quomodo-

386 2154 476 2187 libet
496 2155 670 2188 irritativa
691 2155 748 2188 vel
769 2155 943 2188 offensiva
964 2155 1118 2200 alicujus
1140 2157 1264 2201 partis,
1288 2157 1353 2189 sed
1374 2169 1519 2202 semper
1539 2157 1733 2190 alliciendo
1754 2157 1797 2190 ad
1818 2156 1954 2189 bonum
1976 2157 2087 2202 pacis,
2110 2162 2177 2189 etc.

475 2223 561 2254 Item
581 2222 799 2255 inducantur
815 2222 859 2254 ad
877 2223 1052 2267 premissa
1069 2224 1314 2265 auctoritateS,
1330 2224 1503 2266 rationes,
1517 2224 1660 2257 colores
1673 2231 1709 2257 et
1724 2225 1868 2265 motiva,
1886 2224 2115 2257 ostendendo
2132 2223 2256 2256 incon-

387 2289 579 2327 venientia,
604 2289 771 2322 scandala
793 2295 827 2322 et
848 2289 1009 2334 pericula
1030 2290 1250 2323 inevitabilia
1274 2297 1308 2323 et
1331 2291 1482 2336 dampna
1504 2291 1753 2336 irreparabilia
1775 2303 1844 2336 que
1862 2291 2111 2325 verisimiliter
2132 2291 2254 2324 eveni-

385 2362 466 2388 rent
486 2362 554 2388 tam
577 2356 613 2388 in
634 2356 704 2388 isto
727 2367 841 2400 regno
864 2368 969 2400 quam
987 2356 1024 2388 in
1046 2363 1118 2389 tota
1139 2356 1400 2390 christianitate
1423 2358 1453 2390 si
1475 2358 1737 2403 procederetur
1757 2358 1800 2391 ad
1817 2358 1908 2391 viam
1926 2358 2021 2391 facti.
2040 2358 2118 2400 Que
2136 2357 2254 2390 omnia

385 2422 595 2455 vitabuntur
617 2435 680 2468 per
701 2429 887 2455 tractatum
910 2423 1008 2468 pacis
1026 2430 1061 2456 et
1082 2424 1359 2457 innumerabilia
1381 2424 1473 2458 bona
1496 2426 1581 2458 inde
1603 2425 1888 2470 subsequentur.

474 2491 562 2522 Item
584 2489 768 2522 coloretur
791 2489 947 2534 qualiter
969 2490 1197 2523 Universitas
1223 2491 1441 2524 Parisiensis
1464 2499 1629 2536 tanquam
1652 2492 1781 2537 legalis
1807 2492 1880 2525 filia
1906 2492 2004 2537 regis
2028 2492 2065 2524 in
2091 2492 2159 2524 ista
2185 2491 2254 2525 dis-

385 2557 556 2588 sensione
578 2557 672 2589 inter
695 2557 864 2589 dominos
891 2557 1021 2589 domus
1048 2558 1197 2590 Francie
1219 2570 1335 2603 nuper
1358 2559 1497 2591 exorta¹
1524 2571 1596 2592 non
1623 2560 1690 2592 suit
1715 2571 1781 2592 nee
1807 2566 1875 2601 est,
1898 2571 1964 2592 nec
1990 2571 2072 2592 esse
2098 2559 2254 2592 intendit

383 2623 563 2667 parcialis,
587 2624 651 2656 sed
675 2623 752 2656 vult
773 2636 917 2669 semper
938 2631 1062 2657 tenere
1085 2625 1256 2666 medium,
1280 2625 1458 2658 hortando
1481 2626 1523 2658 ad
1545 2626 1680 2659 bonum
1704 2627 1801 2671 pacis
1823 2626 1866 2659 ab
1887 2633 2039 2671 utraque
2059 2632 2170 2671 parte.

473 2691 560 2722 Item
583 2690 724 2723 dicatur
744 2691 898 2735 qualiter
920 2692 1147 2724 Universitas
1169 2692 1274 2725 oss'ert
1295 2704 1333 2725 se
1355 2693 1399 2725 ad
1420 2692 1657 2725 laborandum
1681 2694 1764 2726 totis
1785 2693 1926 2727 viribus
1947 2693 1990 2726 ad
2014 2693 2105 2726 hanc
2126 2705 2248 2738 pacem

384 2757 645 2801 procurandam
669 2764 703 2790 et
723 2758 969 2802 optinendam,
988 2758 1180 2800 hortando,
1199 2759 1440 2801 consulendo,
1459 2760 1679 2804 predicando
1699 2767 1733 2793 et
1754 2761 1890 2793 orando
1908 2767 1943 2793 et
1957 2760 2062 2793 aliter
2077 2766 2249 2805 quantum

384 2824 481 2856 Deus
503 2824 572 2855 sibi
596 2824 825 2865 ministrabit,
850 2832 956 2869 prout
977 2838 1019 2858 ex
1044 2838 1107 2858 sua
1130 2827 1360 2871 professione
1382 2826 1452 2860 sibi
1474 2827 1648 2860 incumbit
1671 2834 1706 2860 et
1726 2835 1834 2872 prout
1858 2839 2003 2872 semper
2023 2828 2142 2860 facere
2162 2839 2249 2860 con-

384 2891 483 2922 suevi
492 2897 512 2922 t.
