2502 3418
304 326 400 366 1445]
649 344 695 364 AB
730 343 836 365 ANNO
872 341 1161 365 MCCCLxxxxxV
1191 343 1321 371 USQUE
1358 344 1405 365 An
1440 344 1579 366 ANNUM
1616 344 1821 366 ntccchu.
2107 335 2171 367 653

303 423 337 449 et
358 410 654 450 concurrentium
677 411 803 462 turpes
824 410 1126 462 gesticulationes
1149 418 1205 450 sui
1227 418 1411 462 corporis⁵
1433 418 1612 459 faciendo,
1637 425 1670 451 et
1695 418 1805 451 verba
1827 419 2114 462 impudicissima
2135 420 2174 451 ac

302 483 471 516 scurrilia
493 484 739 528 proferendo?
760 486 802 517 Et
823 485 874 517 sic
897 484 941 516 de
964 484 1086 516 multis
1112 484 1193 517 aliis
1218 484 1591 526 abhominationibus,
1614 497 1764 529 quarum
1792 485 1904 528 pudet
1930 485 2113 517 reminisci
2141 492 2172 517 et

303 550 454 583 recitare
482 550 607 583 horret
633 551 788 592 animus,
812 563 882 595 que
909 558 1039 591 tamen,
1058 558 1097 583 ut
1117 551 1216 584 fideli
1238 551 1414 584 relatione
1435 552 1655 596 accepimus,
1679 551 1746 583 hoc
1768 551 1805 583 in
1825 563 1919 583 anuo
1938 551 2060 584 multis
2083 551 2172 584 locis

300 616 391 649 facte
415 618 530 650 sunt⁵.
558 617 662 660 Quis,
690 629 817 662 queso,
847 617 968 650 fidelis
996 617 1222 663 intelligens,
1252 618 1319 651 hos
1345 618 1616 651 ecclesiasticos
1638 618 1770 662 impios
1799 624 1834 650 et
1854 617 2022 650 crudeles
2044 618 2080 649 in
2107 618 2171 650 Dei

300 682 492 725 honorem,
514 684 551 716 in
572 683 728 716 ecclesie
749 684 990 725 honestatem,
1014 691 1049 717 et
1069 685 1106 717 in
1127 685 1254 717 samam
1277 685 1458 730 propriam
1482 697 1555 717 non
1572 685 1777 729 judicaret?

390 764 405 780 «
430 750 513 791 Sed,
537 750 720 795 inquiunt,
743 762 811 783 nos
833 751 900 783 ista
917 752 1017 795 joco,
1041 759 1073 784 et
1097 764 1169 784 non
1191 752 1301 793 serio,
1324 752 1491 792 facimus,
1513 752 1608 784 sicut
1632 757 1848 784 consuetum
1872 757 1927 783 est
1947 750 1990 783 ab
2011 751 2172 795 antiquo,

300 823 338 849 ut
365 816 509 849 fatuitas
542 816 649 849 nobis
678 817 798 850 innata
826 818 941 850 semel
968 818 1005 850 in
1033 830 1126 850 anno
1153 819 1292 851 asssuat⁷
1320 825 1355 851 et
1380 825 1609 863 evaporetur.
1637 819 1767 850 Nonne
1790 823 1891 850 utres
1918 824 1952 849 et
1978 816 2073 849 (lolia
2099 817 2172 849 vini

298 883 424 927 sepius
451 890 723 928 rumperentur,
746 884 777 917 si
799 885 1021 929 spiraculum
1046 886 1210 930 ipsorum
1232 886 1415 918 interdum
1443 898 1515 918 non
1537 885 1784 918 relaxaretur?
1809 885 1887 917 Nos
1909 883 2047 928 quidem
2076 889 2174 917 utres

297 955 429 983 veteres
453 951 590 983 sumus⁸
617 957 652 983 et
677 950 773 983 dolia
798 952 1013 996 seinirupta;
1038 964 1148 996 quare
1175 953 1352 997 sapientie
1372 953 1496 985 vinum
1526 952 1634 984 nimis
1660 952 1821 991 fervens,
1848 950 1945 995 quod
1970 962 2034 995 per
2060 957 2170 983 totum

297 1028 430 1049 annum
454 1017 491 1049 in
513 1017 579 1049 Dei
601 1017 752 1051 servitio
774 1029 841 1051 nos
863 1019 1146 1064 comprimentes
1164 1019 1198 1052 vi
1224 1019 1437 1060 retinemus,
1463 1019 1631 1051 efssueret
1651 1018 1819 1058 inaniter,
1844 1017 1874 1050 si
1896 1029 1968 1050 non
1989 1017 2169 1049 interdum

298 1083 395 1116 ludis
417 1090 451 1116 et
466 1071 692 1117 fatuitatibus
712 1097 937 1118 vacaremus.
960 1086 1058 1119 Jocis
1080 1086 1192 1131 igitur
1213 1086 1406 1131 aliquando
1424 1086 1622 1119 vacandum
1645 1092 1711 1126 est,
1731 1092 1767 1117 ut
1789 1085 1959 1117 fortiores
1980 1090 2105 1129 postea
2127 1085 2167 1117 ad

298 1150 524 1183 retinendam
547 1151 760 1196 sapientiam
783 1152 987 1185 redeamus.
1012 1167 1028 1183 »
1052 1154 1124 1185 Hec
1145 1160 1179 1186 et
1203 1153 1335 1186 similia
1356 1153 1493 1194 dicunt,
1517 1165 1660 1185 necnon
1682 1152 1877 1185 inveterati
1899 1163 2007 1184 senes
2030 1151 2169 1183 dierum

296 1216 472 1249 malorum
501 1218 712 1263 complices,
745 1230 871 1252 eorum
899 1220 1168 1252 excusationem
1198 1220 1235 1252 in
1261 1220 1418 1265 peccatis
1445 1226 1658 1264 querentes;
1685 1225 1850 1263 preterea
1870 1219 2040 1262 juvenes,
2068 1218 2170 1250 novi-

296 1290 405 1316 tatum
434 1283 679 1330 ludorumque
706 1297 851 1331 semper
873 1286 982 1327 avidi,
1014 1287 1147 1319 talibus
1174 1287 1346 1320 monstris
1372 1287 1485 1319 risum
1516 1285 1800 1331 provocantibus
1833 1284 2068 1330 applaudunt.
2100 1284 2169 1317 Sed

294 1349 462 1383 homines
491 1351 535 1384 de
563 1363 627 1384 sua
658 1352 773 1385 salute
805 1353 954 1386 solliciti
982 1353 1086 1386 aliter
1115 1354 1225 1399 longe
1256 1354 1299 1386 ab
1329 1354 1410 1387 istis
1437 1354 1611 1386 sentiunt.
1638 1352 1830 1395 [Facultas
1848 1363 1917 1396 per
1943 1351 2087 1396 longum
2117 1351 2170 1384 lzis

294 1418 577 1452 excusationibus
598 1419 931 1461 ecclesiasticorum,
953 1421 1014 1465 qui
1037 1421 1144 1454 etiam
1170 1420 1452 1454 consuetudinem
1479 1420 1682 1465 longaevam
1703 1412 1919 1463 allegabant,
1941 1430 2062 1451 sanam
2087 1417 2168 1451 doc-

295 1485 430 1518 trinam
450 1485 687 1531 evangelicam
708 1492 741 1520 et
762 1487 844 1520 boni
862 1499 982 1520 sensus
1002 1488 1158 1532 opponit.
1159 1490 1184 1530 J

384 1552 625 1597 Quapropter,
649 1565 669 1585 o
692 1553 886 1586 reverendi
908 1560 1028 1598 patres
1051 1561 1085 1587 et
1105 1554 1272 1587 honorati
1294 1554 1436 1599 prelati,
1462 1553 1637 1586 attendite
1659 1553 1732 1597 legi
1754 1552 1820 1584 Dei
1841 1558 1875 1584 et
1902 1551 2049 1592 sanctis,
2075 1562 2167 1595 quos

295 1618 393 1650 Deus
422 1619 626 1652 mirificavit
654 1620 690 1652 in
719 1620 838 1661 terris,
873 1627 910 1653 ut
939 1628 1063 1654 essent
1091 1621 1198 1654 nobis
1229 1621 1265 1653 in
1294 1620 1497 1665 exemplum
1525 1627 1560 1653 et
1587 1619 1834 1653 testimonium
1866 1630 1930 1651 sue
1956 1618 2165 1651 voluntatis.

294 1684 415 1717 Nolite
441 1685 618 1719 subdolas
639 1699 749 1720 voces
775 1687 962 1720 hominum
987 1688 1112 1720 audire
1139 1688 1191 1721 sic
1215 1688 1413 1721 dicentium
1436 1700 1442 1721 :
1471 1702 1486 1718 «
1506 1687 1794 1719 Predecessores
1820 1685 1950 1726 nostri,
1979 1685 2039 1729 qui
2066 1691 2165 1717 erant

293 1751 474 1785 notabiles
500 1753 568 1785 viri
592 1754 760 1798 reputati,
788 1754 879 1786 illud
905 1755 1036 1787 festum
1063 1755 1341 1799 permiseruth
1367 1754 1521 1787 sufficiat
1541 1753 1648 1785 nobis
1674 1753 1797 1786 vivere
1819 1758 1857 1784 ut
1878 1752 1961 1796 ipsi.
1990 1765 2005 1781 »
2036 1751 2164 1783 Procul

293 1817 405 1851 dubio
426 1819 524 1852 istud
550 1827 804 1865 argumentum
832 1821 1052 1854 diabolicum
1079 1828 1148 1863 est,
1170 1828 1205 1854 et
1227 1821 1417 1854 infernalis
1440 1820 1506 1853 hec
1530 1820 1734 1865 persuasio,
1759 1831 1839 1852 nam
1861 1818 2007 1851 illorum
2032 1818 2164 1850 exitum

291 1884 483 1929 ignoratis,
507 1887 647 1920 scilicet
669 1900 713 1920 an
738 1887 858 1921 bonus
883 1888 941 1921 vel
967 1889 1082 1921 malus
1108 1889 1229 1921 suerit.
1256 1888 1463 1933 Sequamini
1487 1899 1576 1932 crgo
1603 1887 1700 1927 illos,
1729 1897 1821 1930 quos
1847 1887 1945 1918 Deus
1972 1885 2165 1917 sectandos

290 1952 475 1986 miraculis
494 1953 702 1987 declaravit.
723 1955 932 1999 Sequamini
950 1962 1158 1996 sanctos...;
1178 1955 1382 2000 sequamini
1399 1954 1585 2000 gloriosos
1603 1954 1798 1998 episcopos
1816 1951 2162 1997 quamplurimos...;

292 2020 496 2064 sequamini
518 2032 677 2054 canones
700 2033 824 2054 sacros
846 2034 1070 2055 summorum
1093 2022 1305 2067 pontificum
1328 2034 1366 2055 ac
1387 2021 1613 2066 generalium
1636 2020 1900 2060 Conciliortun,
1923 2019 1989 2051 hec
2006 2017 2164 2050 ludibria

292 2086 579 2120 condemnantes
594 2088 708 2121 veluti
730 2096 853 2133 pestes
875 2089 1091 2130 animarum3
1115 2089 1318 2134 sequamini
1340 2089 1491 2133 insuper
1511 2099 1641 2133 graves
1664 2094 1698 2119 et
1714 2087 1864 2119 devotas
1887 2097 2076 2130 personas,
2095 2096 2164 2129 que

291 2152 358 2185 hee
379 2154 534 2186 nefanda
555 2155 761 2199 spectacula
783 2156 862 2188 sine
885 2168 1027 2189 merore
1050 2168 1122 2188 non
1147 2163 1303 2201 possunt
1323 2155 1500 2200 aspicere.

380 2221 494 2261 Istud,
523 2233 543 2253 o
570 2228 690 2266 patres
716 2222 960 2263 celeberrimi,
988 2235 1190 2268 precamur,
1215 2223 1401 2263 attendite,
1430 2229 1465 2255 et
1487 2222 1530 2254 ad
1554 2221 1803 2266 dissipandam
1831 2219 2163 2262 destruendamque

291 2285 382 2319 hanc
404 2287 600 2332 impietatis
621 2289 891 2334 colligationem
914 2302 1046 2323 nervos
1068 2302 1195 2322 omnes
1217 2296 1336 2323 vestre
1352 2289 1542 2334 potestatis
1560 2288 1756 2321 extendite.
1780 2288 1906 2331 Neque
1923 2298 1988 2319 vos
2007 2285 2162 2318 retardet

291 2360 352 2386 aut
372 2353 552 2387 dimoveat
573 2356 836 2401 cujuscumque
854 2357 1033 2401 exemptio
1050 2357 1107 2390 vel
1130 2357 1381 2402 privilegium,
1406 2368 1485 2388 nam
1503 2368 1582 2388 cum
1601 2355 1637 2387 in
1654 2354 1710 2387 his
1732 2354 1879 2387 casibus
1902 2353 1947 2385 sit
1965 2352 2162 2386 vehemens

290 2419 451 2453 heretice
473 2421 658 2465 pravitatis
680 2423 856 2467 suspicio,
879 2423 970 2456 nulli
991 2424 1183 2468 suffragari
1204 2423 1314 2456 debet
1336 2423 1529 2467 exemptio.
1547 2421 1739 2464 [Facultas
1751 2420 1989 2465 prosequitur
2003 2418 2161 2457 admoni-

291 2487 420 2520 tionem
441 2499 517 2521 cum
538 2489 707 2533 exemplis
727 2501 743 2523 e
761 2501 866 2523 sacra
888 2491 1120 2534 Scriptura]

380 2555 505 2598 ltaque
531 2554 640 2587 finem
666 2563 791 2589 nostre
819 2557 974 2601 epistole
1001 2557 1223 2602 imponendo
1252 2556 1519 2596 concludimus,
1548 2555 1645 2600 quod
1673 2567 1691 2587 a
1717 2553 1823 2587 vobis
1851 2552 2000 2598 prelatis
2029 2552 2161 2597 pendet

290 2620 515 2654 continuatio
536 2622 594 2654 vel
614 2621 763 2655 abolitio
789 2623 898 2668 hujus
926 2624 1090 2668 pestiferi
1118 2624 1225 2664 ritus3
1254 2636 1334 2656 nam
1359 2623 1460 2668 ipsos
1489 2621 1758 2654 ecclesiasticos
1786 2620 1834 2652 ita
1862 2620 2051 2652 dementes
2080 2630 2162 2651 esse

291 2693 325 2719 et
346 2686 551 2720 obstinatos
577 2689 614 2721 in
640 2688 705 2722 hac
732 2690 825 2722 furia
850 2702 923 2722 non
945 2697 1000 2723 est
1021 2690 1233 2723 verisimile.
1257 2689 1397 2733 Quodsi
1422 2689 1548 2722 faciem
1576 2688 1704 2733 prelati
1727 2687 1931 2732 reperirent
1951 2686 2105 2731 rigidam
2128 2692 2163 2718 et

291 2753 499 2787 nullatenus
530 2755 729 2788 flexibilem
758 2768 775 2789 a
807 2757 1010 2801 punitione,
1040 2769 1119 2789 cum
1149 2757 1357 2789 assistentia
1386 2756 1645 2800 inquisitorum
1679 2754 1764 2787 fidei
1797 2760 1831 2786 et
1858 2752 1992 2786 auxilio
2023 2752 2162 2785 brachii

290 2820 481 2863 secularis,
506 2833 611 2866 quam
638 2822 737 2855 illico
763 2823 936 2856 cederent
962 2830 1022 2856 aut
1044 2824 1268 2868 frangerent.
1293 2823 1478 2856 Timerent
1500 2833 1654 2866 namque
1681 2832 1861 2861 carceres,
1884 2820 2054 2852 timerent
2078 2830 2160 2864 per-

291 2886 377 2920 dere
399 2887 590 2930 beneficia,
615 2889 769 2934 perdere
794 2891 920 2922 samam
952 2897 986 2923 et
1013 2890 1056 2922 ab
1085 2890 1260 2923 altaribus
1286 2890 1399 2922 sacris
1427 2888 1569 2934 repelli.
1593 2888 1747 2921 Oramus
1769 2899 1857 2932 ergo
1880 2888 1994 2919 Deum
2020 2887 2158 2918 Patrem
