<?xml version="1.0" encoding="UTF-8"?>
<!DOCTYPE html PUBLIC "-//W3C//DTD XHTML 1.0 Transitional//EN"
    "http://www.w3.org/TR/xhtml1/DTD/xhtml1-transitional.dtd">
<html xmlns="http://www.w3.org/1999/xhtml" xml:lang="en" lang="en">
 <head>
  <title>
</title>
<meta http-equiv="Content-Type" content="text/html;charset=utf-8" />
  <meta name='ocr-system' content='tesseract 3.04.00' />
  <meta name='ocr-capabilities' content='ocr_page ocr_carea ocr_par ocr_line ocrx_word'/>
</head>
<body>
  <div class='ocr_page' id='page_1' title='image "./chartulariumuniv04univuoft_0684.png"; bbox 0 0 2502 3418; ppageno 0'>
   <div class='ocr_carea' id='block_1_1' title="bbox 371 325 2248 365">
    <p class='ocr_par' dir='ltr' id='par_1_1' title="bbox 371 325 2248 365">
     <span class='ocr_line' id='line_1_1' title="bbox 371 325 2248 365; baseline -0.003 0"><span class='ocrx_word' id='word_1_1' title='bbox 371 333 436 365; x_wconf 85' lang='lat'>640</span> <span class='ocrx_word' id='word_1_2' title='bbox 955 341 1276 363; x_wconf 75' lang='lat' dir='ltr'>CHARTULARIUM</span> <span class='ocrx_word' id='word_1_3' title='bbox 1312 341 1503 362; x_wconf 73' lang='lat' dir='ltr'>UNiVERs.</span> <span class='ocrx_word' id='word_1_4' title='bbox 1541 340 1664 362; x_wconf 63' lang='lat' dir='ltr'>rmus.</span> <span class='ocrx_word' id='word_1_5' title='bbox 2146 325 2248 361; x_wconf 83' lang='grc'>[1444</span> 
     </span>
    </p>
   </div>
   <div class='ocr_carea' id='block_1_2' title="bbox 374 458 1961 538">
    <p class='ocr_par' dir='ltr' id='par_1_2' title="bbox 374 458 1961 538">
     <span class='ocr_line' id='line_1_2' title="bbox 374 458 1086 501; baseline -0.004 -6"><span class='ocrx_word' id='word_1_6' title='bbox 374 458 519 495; x_wconf 82' lang='grc'><strong>2582.</strong></span> <span class='ocrx_word' id='word_1_7' title='bbox 547 467 698 493; x_wconf 81' lang='lat' dir='ltr'>Licentiati</span> <span class='ocrx_word' id='word_1_8' title='bbox 715 468 742 493; x_wconf 88' lang='lat' dir='ltr'>in</span> <span class='ocrx_word' id='word_1_9' title='bbox 757 466 902 501; x_wconf 77' lang='lat' dir='ltr'><em>facultate</em></span> <span class='ocrx_word' id='word_1_10' title='bbox 915 466 1086 493; x_wconf 82' lang='lat' dir='ltr'><em>medicinae.</em></span> 
     </span>
     <span class='ocr_line' id='line_1_3' title="bbox 1593 507 1961 538; baseline -0.003 -4"><span class='ocrx_word' id='word_1_11' title='bbox 1593 508 1669 538; x_wconf 77' lang='lat'><em>1444,</em></span> <span class='ocrx_word' id='word_1_12' title='bbox 1686 508 1772 534; x_wconf 81' lang='lat' dir='ltr'>Martii</span> <span class='ocrx_word' id='word_1_13' title='bbox 1785 508 1831 537; x_wconf 82' lang='lat'>23,</span> <span class='ocrx_word' id='word_1_14' title='bbox 1846 507 1961 533; x_wconf 71' lang='grc' dir='ltr'><em>Ρανίεῐίε.</em></span> 
     </span>
    </p>
   </div>
   <div class='ocr_carea' id='block_1_3' title="bbox 463 594 2243 641">
    <p class='ocr_par' dir='ltr' id='par_1_3' title="bbox 463 594 2243 641">
     <span class='ocr_line' id='line_1_4' title="bbox 463 594 2243 641; baseline -0.002 -11"><span class='ocrx_word' id='word_1_15' title='bbox 463 598 528 630; x_wconf 90' lang='lat' dir='ltr'>Die</span> <span class='ocrx_word' id='word_1_16' title='bbox 545 597 631 630; x_wconf 86' lang='lat' dir='ltr'>lune</span> <span class='ocrx_word' id='word_1_17' title='bbox 648 597 748 641; x_wconf 72' lang='lat' dir='ltr'>xxiij¹¹</span> <span class='ocrx_word' id='word_1_18' title='bbox 764 597 901 630; x_wconf 79' lang='lat' dir='ltr'>mensis</span> <span class='ocrx_word' id='word_1_19' title='bbox 918 597 1043 630; x_wconf 86' lang='lat' dir='ltr'>Marcii</span> <span class='ocrx_word' id='word_1_20' title='bbox 1059 597 1207 629; x_wconf 87' lang='lat' dir='ltr'>fuerunt</span> <span class='ocrx_word' id='word_1_21' title='bbox 1223 596 1403 629; x_wconf 82' lang='lat' dir='ltr'>licenciati</span> <span class='ocrx_word' id='word_1_22' title='bbox 1426 602 1461 628; x_wconf 90' lang='lat' dir='ltr'>et</span> <span class='ocrx_word' id='word_1_23' title='bbox 1476 595 1592 629; x_wconf 87' lang='lat' dir='ltr'>vocati</span> <span class='ocrx_word' id='word_1_24' title='bbox 1608 595 1820 639; x_wconf 86' lang='lat' dir='ltr'>hujusmodi</span> <span class='ocrx_word' id='word_1_25' title='bbox 1837 594 2026 628; x_wconf 87' lang='lat' dir='ltr'>baccalarii</span> <span class='ocrx_word' id='word_1_26' title='bbox 2044 594 2243 627; x_wconf 85' lang='lat' dir='ltr'>secundum</span> 
     </span>
    </p>
   </div>
   <div class='ocr_carea' id='block_1_4' title="bbox 373 664 808 709">
    <p class='ocr_par' dir='ltr' id='par_1_4' title="bbox 373 664 808 709">
     <span class='ocr_line' id='line_1_5' title="bbox 373 664 808 709; baseline -0.002 -12"><span class='ocrx_word' id='word_1_27' title='bbox 373 664 469 697; x_wconf 86' lang='lat' dir='ltr'>hunc</span> <span class='ocrx_word' id='word_1_28' title='bbox 491 664 673 704; x_wconf 86' lang='lat' dir='ltr'>ordinem;</span> <span class='ocrx_word' id='word_1_29' title='bbox 693 664 782 709; x_wconf 86' lang='lat' dir='ltr'>prim</span> <span class='ocrx_word' id='word_1_30' title='bbox 789 676 808 696; x_wconf 94' lang='lat' dir='ltr'>o</span> 
     </span>
    </p>
   </div>
   <div class='ocr_carea' id='block_1_5' title="bbox 855 760 1605 888">
    <p class='ocr_par' dir='ltr' id='par_1_5' title="bbox 855 760 1605 888">
     <span class='ocr_line' id='line_1_6' title="bbox 855 760 1566 794; baseline -0.001 -7"><span class='ocrx_word' id='word_1_31' title='bbox 855 762 987 794; x_wconf 80' lang='lat' dir='ltr'><strong>Magister</strong></span> <span class='ocrx_word' id='word_1_32' title='bbox 1003 761 1066 787; x_wconf 93' lang='lat' dir='ltr'>Odo</span> <span class='ocrx_word' id='word_1_33' title='bbox 1081 761 1117 787; x_wconf 78' lang='lat' dir='ltr'>de</span> <span class='ocrx_word' id='word_1_34' title='bbox 1131 761 1279 790; x_wconf 82' lang='lat' dir='ltr'>Credulio‚</span> <span class='ocrx_word' id='word_1_35' title='bbox 1297 760 1424 786; x_wconf 88' lang='lat' dir='ltr'>nationis</span> <span class='ocrx_word' id='word_1_36' title='bbox 1437 760 1566 786; x_wconf 85' lang='lat' dir='ltr'>Francie.</span> 
     </span>
     <span class='ocr_line' id='line_1_7' title="bbox 911 809 1605 838; baseline -0.001 -3"><span class='ocrx_word' id='word_1_37' title='bbox 911 826 943 829; x_wconf 79' lang='lat'>—-</span> <span class='ocrx_word' id='word_1_38' title='bbox 1007 810 1165 836; x_wconf 84' lang='lat' dir='ltr'>Gausridus</span> <span class='ocrx_word' id='word_1_39' title='bbox 1178 810 1282 838; x_wconf 81' lang='lat' dir='ltr'>Amici,</span> <span class='ocrx_word' id='word_1_40' title='bbox 1297 810 1426 835; x_wconf 84' lang='lat' dir='ltr'>nacionis</span> <span class='ocrx_word' id='word_1_41' title='bbox 1441 809 1605 835; x_wconf 86' lang='lat' dir='ltr'>Normanie.</span> 
     </span>
     <span class='ocr_line' id='line_1_8' title="bbox 912 858 1380 888; baseline -0.002 -4"><span class='ocrx_word' id='word_1_42' title='bbox 912 875 943 878; x_wconf 83' lang='lat'><em>-</em></span> <span class='ocrx_word' id='word_1_43' title='bbox 1009 860 1110 885; x_wconf 86' lang='lat' dir='ltr'>Petrus</span> <span class='ocrx_word' id='word_1_44' title='bbox 1123 859 1238 888; x_wconf 78' lang='lat' dir='ltr'>Pilatre,</span> <span class='ocrx_word' id='word_1_45' title='bbox 1256 858 1380 884; x_wconf 87' lang='lat' dir='ltr'>Galicus.</span> 
     </span>
    </p>
   </div>
   <div class='ocr_carea' id='block_1_6' title="bbox 374 945 2245 1024">
    <p class='ocr_par' dir='ltr' id='par_1_6' title="bbox 374 945 2245 1024">
     <span class='ocr_line' id='line_1_9' title="bbox 468 945 2245 978; baseline -0.002 -7"><span class='ocrx_word' id='word_1_46' title='bbox 468 949 612 971; x_wconf 82' lang='lat' dir='ltr'>Comment.</span> <span class='ocrx_word' id='word_1_47' title='bbox 630 949 678 970; x_wconf 84' lang='lat' dir='ltr'>fac.</span> <span class='ocrx_word' id='word_1_48' title='bbox 696 948 772 975; x_wconf 69' lang='lat' dir='ltr'>med..</span> <span class='ocrx_word' id='word_1_49' title='bbox 791 948 821 976; x_wconf 81' lang='grc' dir='ltr'>ΙΙ,</span> <span class='ocrx_word' id='word_1_50' title='bbox 834 955 860 978; x_wconf 90' lang='lat' dir='ltr'>p.</span> <span class='ocrx_word' id='word_1_51' title='bbox 877 948 916 970; x_wconf 76' lang='lat'>59.</span> <span class='ocrx_word' id='word_1_52' title='bbox 932 961 962 964; x_wconf 97' lang='lat'><strong>—</strong></span> <span class='ocrx_word' id='word_1_53' title='bbox 981 947 1079 969; x_wconf 82' lang='lat' dir='ltr'>ibidem</span> <span class='ocrx_word' id='word_1_54' title='bbox 1096 946 1195 977; x_wconf 85' lang='lat' dir='ltr'>legitur</span> <span class='ocrx_word' id='word_1_55' title='bbox 1212 954 1218 969; x_wconf 83' lang='grc'>”.</span> <span class='ocrx_word' id='word_1_56' title='bbox 1236 955 1247 969; x_wconf 88' lang='lat'>«</span> <span class='ocrx_word' id='word_1_57' title='bbox 1268 947 1298 969; x_wconf 88' lang='grc'>30</span> <span class='ocrx_word' id='word_1_58' title='bbox 1318 946 1408 969; x_wconf 85' lang='lat' dir='ltr'>Marcii</span> <span class='ocrx_word' id='word_1_59' title='bbox 1429 946 1479 969; x_wconf 82' lang='lat' dir='ltr'>fuit</span> <span class='ocrx_word' id='word_1_60' title='bbox 1493 946 1659 978; x_wconf 79' lang='lat' dir='ltr'>vesperiutus</span> <span class='ocrx_word' id='word_1_61' title='bbox 1678 954 1748 977; x_wconf 84' lang='lat' dir='ltr'>mag.</span> <span class='ocrx_word' id='word_1_62' title='bbox 1765 946 1821 970; x_wconf 86' lang='lat' dir='ltr'>odo</span> <span class='ocrx_word' id='word_1_63' title='bbox 1837 946 1863 969; x_wconf 86' lang='lat' dir='ltr'>in</span> <span class='ocrx_word' id='word_1_64' title='bbox 1879 946 1957 969; x_wconf 82' lang='lat' dir='ltr'>domo</span> <span class='ocrx_word' id='word_1_65' title='bbox 1974 945 2097 976; x_wconf 78' lang='lat' dir='ltr'>magistri</span> <span class='ocrx_word' id='word_1_66' title='bbox 2113 945 2166 974; x_wconf 87' lang='lat' dir='ltr'>sui;</span> <span class='ocrx_word' id='word_1_67' title='bbox 2183 945 2245 968; x_wconf 82' lang='lat' dir='ltr'>item</span> 
     </span>
     <span class='ocr_line' id='line_1_10' title="bbox 374 989 1698 1024; baseline -0.002 -8"><span class='ocrx_word' id='word_1_68' title='bbox 374 994 400 1016; x_wconf 70' lang='lat'>2⁵</span> <span class='ocrx_word' id='word_1_69' title='bbox 415 993 498 1024; x_wconf 79' lang='lat' dir='ltr'>April.</span> <span class='ocrx_word' id='word_1_70' title='bbox 512 993 562 1015; x_wconf 77' lang='lat' dir='ltr'>fuit</span> <span class='ocrx_word' id='word_1_71' title='bbox 576 992 749 1023; x_wconf 71' lang='lat' dir='ltr'>magistratus</span> <span class='ocrx_word' id='word_1_72' title='bbox 763 992 848 1014; x_wconf 85' lang='lat' dir='ltr'>dictus</span> <span class='ocrx_word' id='word_1_73' title='bbox 864 989 920 1014; x_wconf 78' lang='lat' dir='ltr'>odo</span> <span class='ocrx_word' id='word_1_74' title='bbox 936 991 961 1013; x_wconf 91' lang='lat' dir='ltr'>in</span> <span class='ocrx_word' id='word_1_75' title='bbox 979 992 1027 1014; x_wconf 81' lang='lat' dir='ltr'>fac.</span> <span class='ocrx_word' id='word_1_76' title='bbox 1045 991 1127 1018; x_wconf 86' lang='lat' dir='ltr'>med.;</span> <span class='ocrx_word' id='word_1_77' title='bbox 1142 1004 1172 1008; x_wconf 89' lang='lat'><strong>—</strong></span> <span class='ocrx_word' id='word_1_78' title='bbox 1188 991 1217 1013; x_wconf 79' lang='lat'>20</span> <span class='ocrx_word' id='word_1_79' title='bbox 1233 990 1317 1021; x_wconf 76' lang='lat' dir='ltr'>April.</span> <span class='ocrx_word' id='word_1_80' title='bbox 1333 990 1498 1022; x_wconf 77' lang='lat' dir='ltr'>vesperiatus</span> <span class='ocrx_word' id='word_1_81' title='bbox 1514 990 1658 1014; x_wconf 80' lang='lat' dir='ltr'>Gaufridus</span> <span class='ocrx_word' id='word_1_82' title='bbox 1676 999 1698 1014; x_wconf 77' lang='grc' dir='ltr'>ι).</span> 
     </span>
    </p>
   </div>
   <div class='ocr_carea' id='block_1_7' title="bbox 375 1155 1952 1238">
    <p class='ocr_par' dir='ltr' id='par_1_7' title="bbox 375 1155 1952 1238">
     <span class='ocr_line' id='line_1_11' title="bbox 375 1155 1106 1198; baseline -0.005 -6"><span class='ocrx_word' id='word_1_83' title='bbox 375 1155 517 1191; x_wconf 81' lang='grc'>2583.</span> <span class='ocrx_word' id='word_1_84' title='bbox 543 1164 698 1190; x_wconf 84' lang='lat' dir='ltr'>Licentiati</span> <span class='ocrx_word' id='word_1_85' title='bbox 714 1164 742 1189; x_wconf 87' lang='lat' dir='ltr'>in</span> <span class='ocrx_word' id='word_1_86' title='bbox 757 1163 902 1198; x_wconf 79' lang='lat' dir='ltr'><em>facultate</em></span> <span class='ocrx_word' id='word_1_87' title='bbox 917 1162 1106 1189; x_wconf 79' lang='lat' dir='ltr'>decretorum.</span> 
     </span>
     <span class='ocr_line' id='line_1_12' title="bbox 1570 1205 1952 1238; baseline -0.003 -6"><span class='ocrx_word' id='word_1_88' title='bbox 1570 1206 1642 1236; x_wconf 74' lang='lat'><em>1444,</em></span> <span class='ocrx_word' id='word_1_89' title='bbox 1659 1206 1751 1238; x_wconf 73' lang='lat' dir='ltr'>Aprilis</span> <span class='ocrx_word' id='word_1_90' title='bbox 1767 1206 1820 1234; x_wconf 84' lang='grc'><em>7-8,</em></span> <span class='ocrx_word' id='word_1_91' title='bbox 1837 1205 1952 1231; x_wconf 73' lang='lat' dir='ltr'>Parisiis.</span> 
     </span>
    </p>
   </div>
   <div class='ocr_carea' id='block_1_8' title="bbox 375 1293 2248 1742">
    <p class='ocr_par' dir='ltr' id='par_1_8' title="bbox 375 1293 2248 1742">
     <span class='ocr_line' id='line_1_13' title="bbox 463 1293 2245 1339; baseline -0.002 -12"><span class='ocrx_word' id='word_1_92' title='bbox 463 1296 569 1328; x_wconf 91' lang='lat' dir='ltr'>Anno</span> <span class='ocrx_word' id='word_1_93' title='bbox 591 1295 733 1336; x_wconf 72' lang='lat' dir='ltr'>eodem,</span> <span class='ocrx_word' id='word_1_94' title='bbox 753 1295 810 1327; x_wconf 87' lang='lat' dir='ltr'>die</span> <span class='ocrx_word' id='word_1_95' title='bbox 833 1294 956 1327; x_wconf 84' lang='lat' dir='ltr'>martis</span> <span class='ocrx_word' id='word_1_96' title='bbox 974 1294 1126 1339; x_wconf 85' lang='lat' dir='ltr'>septima</span> <span class='ocrx_word' id='word_1_97' title='bbox 1143 1294 1281 1339; x_wconf 83' lang='lat' dir='ltr'><strong>Aprilis</strong></span> <span class='ocrx_word' id='word_1_98' title='bbox 1303 1301 1385 1339; x_wconf 83' lang='lat' dir='ltr'>post</span> <span class='ocrx_word' id='word_1_99' title='bbox 1402 1295 1532 1327; x_wconf 87' lang='lat' dir='ltr'>Ramos</span> <span class='ocrx_word' id='word_1_100' title='bbox 1550 1294 1762 1339; x_wconf 69' lang='lat' dir='ltr'>palmarum7</span> <span class='ocrx_word' id='word_1_101' title='bbox 1780 1294 1928 1326; x_wconf 87' lang='lat' dir='ltr'>suerunt</span> <span class='ocrx_word' id='word_1_102' title='bbox 1944 1293 1980 1325; x_wconf 90' lang='lat' dir='ltr'>in</span> <span class='ocrx_word' id='word_1_103' title='bbox 1998 1304 2081 1325; x_wconf 89' lang='lat' dir='ltr'>sero</span> <span class='ocrx_word' id='word_1_104' title='bbox 2104 1293 2245 1337; x_wconf 81' lang='lat' dir='ltr'>signeta</span> 
     </span>
     <span class='ocr_line' id='line_1_14' title="bbox 375 1358 2247 1406; baseline -0.002 -12"><span class='ocrx_word' id='word_1_105' title='bbox 375 1362 590 1395; x_wconf 86' lang='lat' dir='ltr'>bachalariis</span> <span class='ocrx_word' id='word_1_106' title='bbox 614 1362 827 1394; x_wconf 84' lang='lat' dir='ltr'>transmissa</span> <span class='ocrx_word' id='word_1_107' title='bbox 854 1373 898 1394; x_wconf 88' lang='lat' dir='ltr'>ex</span> <span class='ocrx_word' id='word_1_108' title='bbox 927 1368 1026 1406; x_wconf 85' lang='lat' dir='ltr'>parte</span> <span class='ocrx_word' id='word_1_109' title='bbox 1053 1361 1191 1394; x_wconf 85' lang='lat' dir='ltr'>domini</span> <span class='ocrx_word' id='word_1_110' title='bbox 1218 1361 1424 1394; x_wconf 87' lang='lat' dir='ltr'>cancellarii</span> <span class='ocrx_word' id='word_1_111' title='bbox 1453 1362 1564 1394; x_wconf 89' lang='lat' dir='ltr'>Paris.</span> <span class='ocrx_word' id='word_1_112' title='bbox 1595 1373 1661 1406; x_wconf 90' lang='lat' dir='ltr'>pro</span> <span class='ocrx_word' id='word_1_113' title='bbox 1691 1360 1837 1393; x_wconf 87' lang='lat' dir='ltr'>licentia</span> <span class='ocrx_word' id='word_1_114' title='bbox 1863 1360 1900 1392; x_wconf 91' lang='lat' dir='ltr'>in</span> <span class='ocrx_word' id='word_1_115' title='bbox 1926 1360 2121 1392; x_wconf 83' lang='lat' dir='ltr'>crastinum</span> <span class='ocrx_word' id='word_1_116' title='bbox 2151 1358 2247 1392; x_wconf 86' lang='lat' dir='ltr'>cele-</span> 
     </span>
     <span class='ocr_line' id='line_1_15' title="bbox 375 1411 2248 1473; baseline -0.002 -12"><span class='ocrx_word' id='word_1_117' title='bbox 375 1429 522 1462; x_wconf 87' lang='lat' dir='ltr'>branda.</span> <span class='ocrx_word' id='word_1_118' title='bbox 547 1429 612 1461; x_wconf 92' lang='lat' dir='ltr'>Die</span> <span class='ocrx_word' id='word_1_119' title='bbox 634 1429 805 1461; x_wconf 87' lang='lat' dir='ltr'>mercurii</span> <span class='ocrx_word' id='word_1_120' title='bbox 827 1435 949 1461; x_wconf 80' lang='lat' dir='ltr'>octava</span> <span class='ocrx_word' id='word_1_121' title='bbox 971 1428 1057 1461; x_wconf 85' lang='lat' dir='ltr'>dicti</span> <span class='ocrx_word' id='word_1_122' title='bbox 1081 1428 1230 1469; x_wconf 68' lang='lat' dir='ltr'>niensis,</span> <span class='ocrx_word' id='word_1_123' title='bbox 1251 1440 1320 1473; x_wconf 85' lang='lat' dir='ltr'>que</span> <span class='ocrx_word' id='word_1_124' title='bbox 1342 1428 1409 1460; x_wconf 83' lang='lat' dir='ltr'>suit</span> <span class='ocrx_word' id='word_1_125' title='bbox 1430 1428 1602 1460; x_wconf 88' lang='lat' dir='ltr'>mercurii</span> <span class='ocrx_word' id='word_1_126' title='bbox 1623 1411 1823 1472; x_wconf 67' lang='lat' dir='ltr'>sepiimane</span> <span class='ocrx_word' id='word_1_127' title='bbox 1841 1433 1978 1467; x_wconf 74' lang='lat' dir='ltr'>sancte,</span> <span class='ocrx_word' id='word_1_128' title='bbox 1996 1432 2248 1459; x_wconf 83' lang='lat' dir='ltr'>convenerunt</span> 
     </span>
     <span class='ocr_line' id='line_1_16' title="bbox 376 1494 2244 1540; baseline -0.002 -12"><span class='ocrx_word' id='word_1_129' title='bbox 376 1496 513 1529; x_wconf 90' lang='lat' dir='ltr'>domini</span> <span class='ocrx_word' id='word_1_130' title='bbox 534 1496 579 1528; x_wconf 89' lang='lat' dir='ltr'>de</span> <span class='ocrx_word' id='word_1_131' title='bbox 602 1508 704 1528; x_wconf 89' lang='lat' dir='ltr'>mane</span> <span class='ocrx_word' id='word_1_132' title='bbox 730 1496 767 1528; x_wconf 91' lang='lat' dir='ltr'>in</span> <span class='ocrx_word' id='word_1_133' title='bbox 788 1495 895 1528; x_wconf 87' lang='lat' dir='ltr'>domo</span> <span class='ocrx_word' id='word_1_134' title='bbox 922 1495 1051 1540; x_wconf 86' lang='lat' dir='ltr'>prefati</span> <span class='ocrx_word' id='word_1_135' title='bbox 1078 1495 1215 1527; x_wconf 89' lang='lat' dir='ltr'>domini</span> <span class='ocrx_word' id='word_1_136' title='bbox 1242 1494 1448 1527; x_wconf 82' lang='lat' dir='ltr'>cancellarii</span> <span class='ocrx_word' id='word_1_137' title='bbox 1475 1495 1587 1527; x_wconf 88' lang='lat' dir='ltr'>Paris.</span> <span class='ocrx_word' id='word_1_138' title='bbox 1616 1495 1677 1539; x_wconf 89' lang='lat' dir='ltr'>qui</span> <span class='ocrx_word' id='word_1_139' title='bbox 1704 1501 1739 1527; x_wconf 89' lang='lat' dir='ltr'>et</span> <span class='ocrx_word' id='word_1_140' title='bbox 1760 1494 1840 1539; x_wconf 87' lang='lat' dir='ltr'>ipse</span> <span class='ocrx_word' id='word_1_141' title='bbox 1866 1494 1995 1526; x_wconf 89' lang='lat' dir='ltr'>doctor</span> <span class='ocrx_word' id='word_1_142' title='bbox 2016 1499 2072 1526; x_wconf 88' lang='lat' dir='ltr'>est</span> <span class='ocrx_word' id='word_1_143' title='bbox 2096 1504 2244 1538; x_wconf 84' lang='lat' dir='ltr'>regens,</span> 
     </span>
     <span class='ocr_line' id='line_1_17' title="bbox 376 1559 2247 1607; baseline -0.002 -12"><span class='ocrx_word' id='word_1_144' title='bbox 376 1570 410 1596; x_wconf 88' lang='lat' dir='ltr'>et</span> <span class='ocrx_word' id='word_1_145' title='bbox 435 1562 483 1595; x_wconf 90' lang='lat' dir='ltr'>ihi</span> <span class='ocrx_word' id='word_1_146' title='bbox 511 1569 594 1607; x_wconf 85' lang='lat' dir='ltr'>post</span> <span class='ocrx_word' id='word_1_147' title='bbox 618 1563 757 1607; x_wconf 86' lang='lat' dir='ltr'>aliquas</span> <span class='ocrx_word' id='word_1_148' title='bbox 788 1562 1050 1595; x_wconf 71' lang='lat' dir='ltr'>altercaciones</span> <span class='ocrx_word' id='word_1_149' title='bbox 1077 1562 1215 1594; x_wconf 81' lang='lat' dir='ltr'>ratione</span> <span class='ocrx_word' id='word_1_150' title='bbox 1241 1561 1396 1601; x_wconf 72' lang='lat' dir='ltr'>ordinis,</span> <span class='ocrx_word' id='word_1_151' title='bbox 1424 1561 1566 1594; x_wconf 82' lang='lat' dir='ltr'>tandem</span> <span class='ocrx_word' id='word_1_152' title='bbox 1595 1573 1699 1594; x_wconf 86' lang='lat' dir='ltr'>suum</span> <span class='ocrx_word' id='word_1_153' title='bbox 1730 1560 1887 1594; x_wconf 86' lang='lat' dir='ltr'>rotulum</span> <span class='ocrx_word' id='word_1_154' title='bbox 1919 1560 2156 1593; x_wconf 86' lang='lat' dir='ltr'>confecerunt</span> <span class='ocrx_word' id='word_1_155' title='bbox 2184 1559 2247 1592; x_wconf 86' lang='lat' dir='ltr'>ubi</span> 
     </span>
     <span class='ocr_line' id='line_1_18' title="bbox 375 1626 2248 1673; baseline -0.002 -11"><span class='ocrx_word' id='word_1_156' title='bbox 375 1630 465 1662; x_wconf 88' lang='lat' dir='ltr'>ordo</span> <span class='ocrx_word' id='word_1_157' title='bbox 487 1629 773 1662; x_wconf 86' lang='lat' dir='ltr'>bachalariorum</span> <span class='ocrx_word' id='word_1_158' title='bbox 796 1629 1099 1662; x_wconf 90' lang='lat' dir='ltr'>licentiandorum</span> <span class='ocrx_word' id='word_1_159' title='bbox 1122 1628 1189 1661; x_wconf 84' lang='lat' dir='ltr'>suit</span> <span class='ocrx_word' id='word_1_160' title='bbox 1216 1628 1436 1673; x_wconf 63' lang='lat' dir='ltr'>descriptuS,</span> <span class='ocrx_word' id='word_1_161' title='bbox 1460 1635 1493 1661; x_wconf 86' lang='lat' dir='ltr'>et</span> <span class='ocrx_word' id='word_1_162' title='bbox 1519 1629 1638 1673; x_wconf 85' lang='lat' dir='ltr'>ipsum</span> <span class='ocrx_word' id='word_1_163' title='bbox 1667 1628 1825 1661; x_wconf 88' lang='lat' dir='ltr'>rotulum</span> <span class='ocrx_word' id='word_1_164' title='bbox 1853 1627 2108 1672; x_wconf 83' lang='lat' dir='ltr'>sigillaverunt</span> <span class='ocrx_word' id='word_1_165' title='bbox 2130 1626 2248 1660; x_wconf 82' lang='lat' dir='ltr'>trihus</span> 
     </span>
     <span class='ocr_line' id='line_1_19' title="bbox 376 1696 765 1742; baseline -0.002 -13"><span class='ocrx_word' id='word_1_166' title='bbox 376 1697 509 1742; x_wconf 82' lang='lat' dir='ltr'>sigillis</span> <span class='ocrx_word' id='word_1_167' title='bbox 534 1696 642 1729; x_wconf 84' lang='lat' dir='ltr'>solito</span> <span class='ocrx_word' id='word_1_168' title='bbox 665 1708 765 1729; x_wconf 82' lang='lat' dir='ltr'>inore</span> 
     </span>
    </p>
   </div>
   <div class='ocr_carea' id='block_1_9' title="bbox 463 1761 1862 1807">
    <p class='ocr_par' dir='ltr' id='par_1_9' title="bbox 463 1761 1862 1807">
     <span class='ocr_line' id='line_1_20' title="bbox 463 1761 1862 1807; baseline -0.001 -11"><span class='ocrx_word' id='word_1_169' title='bbox 463 1764 652 1796; x_wconf 81' lang='lat' dir='ltr'>Licentiati</span> <span class='ocrx_word' id='word_1_170' title='bbox 673 1776 766 1796; x_wconf 87' lang='lat' dir='ltr'>anno</span> <span class='ocrx_word' id='word_1_171' title='bbox 789 1763 1138 1804; x_wconf 73' lang='lat' dir='ltr'>M⁰CCCC⁰XL111⁰7</span> <span class='ocrx_word' id='word_1_172' title='bbox 1163 1763 1224 1807; x_wconf 87' lang='lat' dir='ltr'>viij</span> <span class='ocrx_word' id='word_1_173' title='bbox 1249 1762 1386 1807; x_wconf 83' lang='lat' dir='ltr'>Aprilis</span> <span class='ocrx_word' id='word_1_174' title='bbox 1407 1769 1488 1795; x_wconf 87' lang='lat' dir='ltr'>ante</span> <span class='ocrx_word' id='word_1_175' title='bbox 1511 1769 1674 1795; x_wconf 79' lang='lat' dir='ltr'>sanctum</span> <span class='ocrx_word' id='word_1_176' title='bbox 1696 1761 1832 1795; x_wconf 85' lang='lat' dir='ltr'>Pascha</span> <span class='ocrx_word' id='word_1_177' title='bbox 1855 1774 1862 1794; x_wconf 91' lang='lat'>:</span> 
     </span>
    </p>
   </div>
   <div class='ocr_carea' id='block_1_10' title="bbox 463 1860 2247 2681">
    <p class='ocr_par' dir='ltr' id='par_1_10' title="bbox 465 1860 2108 1896">
     <span class='ocr_line' id='line_1_21' title="bbox 465 1860 2108 1896; baseline -0.001 -8"><span class='ocrx_word' id='word_1_178' title='bbox 465 1863 610 1889; x_wconf 82' lang='lat' dir='ltr'>Dominus</span> <span class='ocrx_word' id='word_1_179' title='bbox 625 1863 761 1888; x_wconf 77' lang='lat' dir='ltr'>Albertus</span> <span class='ocrx_word' id='word_1_180' title='bbox 776 1863 811 1888; x_wconf 84' lang='lat' dir='ltr'>dc</span> <span class='ocrx_word' id='word_1_181' title='bbox 826 1863 926 1896; x_wconf 84' lang='lat' dir='ltr'>Capsa.</span> <span class='ocrx_word' id='word_1_182' title='bbox 943 1863 1030 1888; x_wconf 86' lang='lat' dir='ltr'>abbas</span> <span class='ocrx_word' id='word_1_183' title='bbox 1045 1862 1241 1888; x_wconf 83' lang='lat' dir='ltr'>Versiliaccns.</span> <span class='ocrx_word' id='word_1_184' title='bbox 1252 1861 1270 1890; x_wconf 81' lang='lat'>¹.</span> <span class='ocrx_word' id='word_1_185' title='bbox 1417 1862 1573 1895; x_wconf 81' lang='lat' dir='ltr'>adoptatus</span> <span class='ocrx_word' id='word_1_186' title='bbox 1588 1869 1639 1895; x_wconf 90' lang='lat' dir='ltr'>per</span> <span class='ocrx_word' id='word_1_187' title='bbox 1653 1861 1734 1887; x_wconf 88' lang='lat' dir='ltr'>dom.</span> <span class='ocrx_word' id='word_1_188' title='bbox 1749 1861 1885 1886; x_wconf 77' lang='lat' dir='ltr'>abbatem</span> <span class='ocrx_word' id='word_1_189' title='bbox 1899 1860 1926 1886; x_wconf 84' lang='lat' dir='ltr'>S.</span> <span class='ocrx_word' id='word_1_190' title='bbox 1941 1860 2108 1886; x_wconf 75' lang='lat' dir='ltr'>Khalerine.</span> 
     </span>
    </p>

    <p class='ocr_par' dir='ltr' id='par_1_11' title="bbox 463 1909 2121 2285">
     <span class='ocr_line' id='line_1_22' title="bbox 517 1909 2099 1945; baseline -0.002 -8"><span class='ocrx_word' id='word_1_191' title='bbox 517 1927 552 1931; x_wconf 89' lang='lat'><em>-</em></span> <span class='ocrx_word' id='word_1_192' title='bbox 624 1912 807 1938; x_wconf 81' lang='lat' dir='ltr'>Theobaldus</span> <span class='ocrx_word' id='word_1_193' title='bbox 820 1911 927 1941; x_wconf 62' lang='lat' dir='ltr'>Vial‘di,</span> <span class='ocrx_word' id='word_1_194' title='bbox 945 1912 1011 1937; x_wconf 86' lang='lat' dir='ltr'>abb.</span> <span class='ocrx_word' id='word_1_195' title='bbox 1027 1911 1063 1937; x_wconf 85' lang='lat' dir='ltr'>de</span> <span class='ocrx_word' id='word_1_196' title='bbox 1078 1910 1232 1945; x_wconf 77' lang='lat' dir='ltr'>Ungiaco2,</span> <span class='ocrx_word' id='word_1_197' title='bbox 1478 1926 1513 1929; x_wconf 74' lang='lat'>—</span> <span class='ocrx_word' id='word_1_198' title='bbox 1639 1926 1674 1929; x_wconf 90' lang='lat'><em>-</em></span> <span class='ocrx_word' id='word_1_199' title='bbox 1747 1910 1812 1936; x_wconf 92' lang='lat' dir='ltr'>Joh.</span> <span class='ocrx_word' id='word_1_200' title='bbox 1830 1909 1974 1939; x_wconf 76' lang='lat' dir='ltr'>Chuflart,</span> <span class='ocrx_word' id='word_1_201' title='bbox 1991 1909 2099 1935; x_wconf 82' lang='lat' dir='ltr'>cancel.</span> 
     </span>
     <span class='ocr_line' id='line_1_23' title="bbox 465 1959 1948 1994; baseline -0.002 -7"><span class='ocrx_word' id='word_1_202' title='bbox 465 1962 598 1994; x_wconf 81' lang='lat' dir='ltr'>Magister</span> <span class='ocrx_word' id='word_1_203' title='bbox 616 1961 765 1987; x_wconf 81' lang='lat' dir='ltr'>Johannes</span> <span class='ocrx_word' id='word_1_204' title='bbox 777 1960 903 1990; x_wconf 78' lang='lat' dir='ltr'>Mortis³‚</span> <span class='ocrx_word' id='word_1_205' title='bbox 920 1962 1022 1986; x_wconf 84' lang='lat' dir='ltr'>cantor</span> <span class='ocrx_word' id='word_1_206' title='bbox 1038 1968 1058 1986; x_wconf 91' lang='lat' dir='ltr'>s.</span> <span class='ocrx_word' id='word_1_207' title='bbox 1073 1960 1163 1993; x_wconf 87' lang='lat' dir='ltr'>capel.</span> <span class='ocrx_word' id='word_1_208' title='bbox 1181 1960 1279 1994; x_wconf 87' lang='lat' dir='ltr'>palatii</span> <span class='ocrx_word' id='word_1_209' title='bbox 1296 1960 1395 1988; x_wconf 56' lang='lat' dir='ltr'>Paris„</span> <span class='ocrx_word' id='word_1_210' title='bbox 1751 1960 1781 1985; x_wconf 87' lang='lat' dir='ltr'>P.</span> <span class='ocrx_word' id='word_1_211' title='bbox 1798 1959 1834 1985; x_wconf 85' lang='lat' dir='ltr'>de</span> <span class='ocrx_word' id='word_1_212' title='bbox 1847 1959 1948 1985; x_wconf 89' lang='lat' dir='ltr'>Brena.</span> 
     </span>
     <span class='ocr_line' id='line_1_24' title="bbox 465 2007 2052 2043; baseline -0.002 -7"><span class='ocrx_word' id='word_1_213' title='bbox 465 2011 563 2036; x_wconf 83' lang='lat' dir='ltr'>Frater</span> <span class='ocrx_word' id='word_1_214' title='bbox 577 2011 724 2036; x_wconf 87' lang='lat' dir='ltr'>Johannes</span> <span class='ocrx_word' id='word_1_215' title='bbox 739 2010 775 2036; x_wconf 86' lang='lat' dir='ltr'>de</span> <span class='ocrx_word' id='word_1_216' title='bbox 787 2010 962 2036; x_wconf 87' lang='lat' dir='ltr'>Narboncsio</span> <span class='ocrx_word' id='word_1_217' title='bbox 977 2009 1021 2043; x_wconf 64' lang='lat' dir='ltr'>[O.</span> <span class='ocrx_word' id='word_1_218' title='bbox 1041 2009 1067 2035; x_wconf 91' lang='lat' dir='ltr'>S.</span> <span class='ocrx_word' id='word_1_219' title='bbox 1086 2009 1139 2043; x_wconf 48' lang='lat'>134,</span> <span class='ocrx_word' id='word_1_220' title='bbox 1751 2008 1817 2034; x_wconf 88' lang='lat' dir='ltr'>Joh.</span> <span class='ocrx_word' id='word_1_221' title='bbox 1834 2008 1870 2034; x_wconf 88' lang='lat' dir='ltr'>de</span> <span class='ocrx_word' id='word_1_222' title='bbox 1886 2007 2052 2034; x_wconf 83' lang='lat' dir='ltr'>Courcellis.</span> 
     </span>
     <span class='ocr_line' id='line_1_25' title="bbox 463 2056 2094 2093; baseline -0.002 -8"><span class='ocrx_word' id='word_1_223' title='bbox 463 2060 596 2093; x_wconf 81' lang='lat' dir='ltr'>Magister</span> <span class='ocrx_word' id='word_1_224' title='bbox 611 2059 780 2085; x_wconf 84' lang='lat' dir='ltr'>Anthonius</span> <span class='ocrx_word' id='word_1_225' title='bbox 794 2059 830 2085; x_wconf 89' lang='lat' dir='ltr'>de</span> <span class='ocrx_word' id='word_1_226' title='bbox 846 2060 928 2092; x_wconf 60' lang='lat' dir='ltr'>Laye,</span> <span class='ocrx_word' id='word_1_227' title='bbox 1746 2058 1883 2084; x_wconf 84' lang='lat' dir='ltr'>abbatem</span> <span class='ocrx_word' id='word_1_228' title='bbox 1896 2056 2094 2083; x_wconf 86' lang='lat' dir='ltr'>Gaudiivallis.</span> 
     </span>
     <span class='ocr_line' id='line_1_26' title="bbox 1748 2105 2113 2132; baseline -0.003 0"><span class='ocrx_word' id='word_1_229' title='bbox 1748 2106 1884 2132; x_wconf 77' lang='lat' dir='ltr'>abbatem</span> <span class='ocrx_word' id='word_1_230' title='bbox 1901 2106 1928 2132; x_wconf 82' lang='lat' dir='ltr'>S.</span> <span class='ocrx_word' id='word_1_231' title='bbox 1945 2105 2113 2131; x_wconf 86' lang='lat' dir='ltr'>Katherine.</span> 
     </span>
     <span class='ocr_line' id='line_1_27' title="bbox 1749 2155 1972 2181; baseline -0.004 0"><span class='ocrx_word' id='word_1_232' title='bbox 1749 2156 1815 2181; x_wconf 88' lang='lat' dir='ltr'>Joh.</span> <span class='ocrx_word' id='word_1_233' title='bbox 1833 2155 1972 2181; x_wconf 87' lang='lat' dir='ltr'>Midoulx.</span> 
     </span>
     <span class='ocr_line' id='line_1_28' title="bbox 1750 2203 2121 2230; baseline -0.005 0"><span class='ocrx_word' id='word_1_234' title='bbox 1750 2205 1912 2230; x_wconf 77' lang='lat' dir='ltr'>Martinum</span> <span class='ocrx_word' id='word_1_235' title='bbox 1928 2204 1963 2230; x_wconf 86' lang='lat' dir='ltr'>dc</span> <span class='ocrx_word' id='word_1_236' title='bbox 1977 2203 2121 2229; x_wconf 85' lang='lat' dir='ltr'>Fraxenis.</span> 
     </span>
     <span class='ocr_line' id='line_1_29' title="bbox 1752 2252 2050 2285; baseline -0.003 -6"><span class='ocrx_word' id='word_1_237' title='bbox 1752 2253 1934 2279; x_wconf 77' lang='lat' dir='ltr'>Ludovicum</span> <span class='ocrx_word' id='word_1_238' title='bbox 1950 2252 2050 2285; x_wconf 72' lang='lat' dir='ltr'>Bailly.</span> 
     </span>
    </p>

    <p class='ocr_par' dir='ltr' id='par_1_12' title="bbox 1589 2302 2179 2436">
     <span class='ocr_line' id='line_1_30' title="bbox 1643 2302 2045 2334; baseline -0.002 -6"><span class='ocrx_word' id='word_1_239' title='bbox 1643 2319 1677 2321; x_wconf 94' lang='lat'>—</span> <span class='ocrx_word' id='word_1_240' title='bbox 1750 2303 1816 2328; x_wconf 89' lang='lat' dir='ltr'>Joh.</span> <span class='ocrx_word' id='word_1_241' title='bbox 1832 2302 1867 2328; x_wconf 91' lang='lat' dir='ltr'>de</span> <span class='ocrx_word' id='word_1_242' title='bbox 1882 2302 2045 2334; x_wconf 76' lang='lat' dir='ltr'>Montigny.</span> 
     </span>
     <span class='ocr_line' id='line_1_31' title="bbox 1590 2350 2179 2387; baseline -0.007 -8"><span class='ocrx_word' id='word_1_243' title='bbox 1590 2359 1642 2387; x_wconf 81' lang='lat' dir='ltr'>per</span> <span class='ocrx_word' id='word_1_244' title='bbox 1656 2360 1704 2378; x_wconf 76' lang='lat' dir='ltr'>ine</span> <span class='ocrx_word' id='word_1_245' title='bbox 1719 2353 1839 2378; x_wconf 85' lang='lat' dir='ltr'>Petrum</span> <span class='ocrx_word' id='word_1_246' title='bbox 1856 2351 1993 2384; x_wconf 84' lang='lat' dir='ltr'>Maugier,</span> <span class='ocrx_word' id='word_1_247' title='bbox 2008 2350 2109 2376; x_wconf 85' lang='lat' dir='ltr'>decan.</span> <span class='ocrx_word' id='word_1_248' title='bbox 2126 2350 2179 2375; x_wconf 80' lang='lat' dir='ltr'>sac.</span> 
     </span>
     <span class='ocr_line' id='line_1_32' title="bbox 1589 2399 2124 2436; baseline -0.007 -8"><span class='ocrx_word' id='word_1_249' title='bbox 1589 2410 1640 2436; x_wconf 88' lang='lat' dir='ltr'>per</span> <span class='ocrx_word' id='word_1_250' title='bbox 1655 2402 1736 2427; x_wconf 89' lang='lat' dir='ltr'>dom.</span> <span class='ocrx_word' id='word_1_251' title='bbox 1754 2401 1914 2426; x_wconf 80' lang='lat' dir='ltr'>Martinum</span> <span class='ocrx_word' id='word_1_252' title='bbox 1929 2399 1965 2425; x_wconf 91' lang='lat' dir='ltr'>de</span> <span class='ocrx_word' id='word_1_253' title='bbox 1980 2399 2124 2425; x_wconf 83' lang='lat' dir='ltr'>Fraxenis.</span> 
     </span>
    </p>

    <p class='ocr_par' dir='ltr' id='par_1_13' title="bbox 1643 2449 1974 2476">
     <span class='ocr_line' id='line_1_33' title="bbox 1643 2449 1974 2476; baseline -0.009 1"><span class='ocrx_word' id='word_1_254' title='bbox 1643 2467 1676 2469; x_wconf 97' lang='lat'><strong>—</strong></span> <span class='ocrx_word' id='word_1_255' title='bbox 1748 2450 1814 2476; x_wconf 91' lang='lat' dir='ltr'>Joh.</span> <span class='ocrx_word' id='word_1_256' title='bbox 1829 2449 1974 2475; x_wconf 78' lang='lat' dir='ltr'>Chussart.</span> 
     </span>
    </p>

    <p class='ocr_par' dir='ltr' id='par_1_14' title="bbox 1643 2498 2038 2525">
     <span class='ocr_line' id='line_1_34' title="bbox 1643 2498 2038 2525; baseline -0.008 0"><span class='ocrx_word' id='word_1_257' title='bbox 1643 2515 1678 2518; x_wconf 77' lang='lat'>—</span> <span class='ocrx_word' id='word_1_258' title='bbox 1751 2499 1871 2525; x_wconf 83' lang='lat' dir='ltr'>Petrum</span> <span class='ocrx_word' id='word_1_259' title='bbox 1884 2498 1920 2524; x_wconf 88' lang='lat' dir='ltr'>de</span> <span class='ocrx_word' id='word_1_260' title='bbox 1937 2498 2038 2523; x_wconf 87' lang='lat' dir='ltr'>Brena.</span> 
     </span>
    </p>

    <p class='ocr_par' dir='ltr' id='par_1_15' title="bbox 1588 2546 2247 2681">
     <span class='ocr_line' id='line_1_35' title="bbox 1642 2546 2247 2580; baseline -0.005 -5"><span class='ocrx_word' id='word_1_261' title='bbox 1642 2565 1677 2567; x_wconf 97' lang='lat'><strong>—</strong></span> <span class='ocrx_word' id='word_1_262' title='bbox 1749 2548 1815 2574; x_wconf 88' lang='lat' dir='ltr'>Joh.</span> <span class='ocrx_word' id='word_1_263' title='bbox 1828 2548 1863 2574; x_wconf 87' lang='lat' dir='ltr'>de</span> <span class='ocrx_word' id='word_1_264' title='bbox 1874 2548 1960 2576; x_wconf 80' lang='lat' dir='ltr'>Mota,</span> <span class='ocrx_word' id='word_1_265' title='bbox 1975 2546 2103 2580; x_wconf 85' lang='lat' dir='ltr'>priorem</span> <span class='ocrx_word' id='word_1_266' title='bbox 2116 2546 2152 2572; x_wconf 87' lang='lat' dir='ltr'>de</span> <span class='ocrx_word' id='word_1_267' title='bbox 2164 2546 2247 2572; x_wconf 91' lang='lat' dir='ltr'>Beco.</span> 
     </span>
     <span class='ocr_line' id='line_1_36' title="bbox 1590 2596 2005 2632; baseline -0.01 -7"><span class='ocrx_word' id='word_1_268' title='bbox 1590 2607 1642 2632; x_wconf 89' lang='lat' dir='ltr'>per</span> <span class='ocrx_word' id='word_1_269' title='bbox 1656 2599 1770 2624; x_wconf 78' lang='lat' dir='ltr'>dictum</span> <span class='ocrx_word' id='word_1_270' title='bbox 1786 2598 1852 2623; x_wconf 90' lang='lat' dir='ltr'>Joh.</span> <span class='ocrx_word' id='word_1_271' title='bbox 1867 2596 2005 2622; x_wconf 85' lang='lat' dir='ltr'>Midoulx.</span> 
     </span>
     <span class='ocr_line' id='line_1_37' title="bbox 1588 2644 2097 2681; baseline -0.008 -8"><span class='ocrx_word' id='word_1_272' title='bbox 1588 2655 1640 2681; x_wconf 90' lang='lat' dir='ltr'>per</span> <span class='ocrx_word' id='word_1_273' title='bbox 1654 2648 1734 2673; x_wconf 80' lang='lat' dir='ltr'>dom.</span> <span class='ocrx_word' id='word_1_274' title='bbox 1751 2646 1887 2672; x_wconf 85' lang='lat' dir='ltr'>abbatem</span> <span class='ocrx_word' id='word_1_275' title='bbox 1900 2644 2097 2671; x_wconf 86' lang='lat' dir='ltr'>Gaudiivallis.</span> 
     </span>
    </p>
   </div>
   <div class='ocr_carea' id='block_1_11' title="bbox 613 2108 886 2184">
    <p class='ocr_par' dir='ltr' id='par_1_16' title="bbox 613 2108 886 2184">
     <span class='ocr_line' id='line_1_38' title="bbox 614 2108 857 2142; baseline 0.004 -8"><span class='ocrx_word' id='word_1_276' title='bbox 614 2108 730 2142; x_wconf 83' lang='lat' dir='ltr'>Sigerus</span> <span class='ocrx_word' id='word_1_277' title='bbox 745 2108 857 2135; x_wconf 78' lang='lat' dir='ltr'>Clerici.</span> 
     </span>
     <span class='ocr_line' id='line_1_39' title="bbox 613 2157 886 2184; baseline 0.004 -1"><span class='ocrx_word' id='word_1_278' title='bbox 613 2157 765 2184; x_wconf 86' lang='lat' dir='ltr'>Gcrvasius</span> <span class='ocrx_word' id='word_1_279' title='bbox 780 2157 886 2184; x_wconf 84' lang='lat' dir='ltr'>Meloti.</span> 
     </span>
    </p>
   </div>
   <div class='ocr_carea' id='block_1_12' title="bbox 1641 1975 1679 2223">
    <p class='ocr_par' dir='ltr' id='par_1_17' title="bbox 1641 1975 1679 2223">
     <span class='ocr_line' id='line_1_40' title="bbox 1641 1975 1679 2223; textangle 90"><span class='ocrx_word' id='word_1_280' title='bbox 1641 1975 1679 2223; x_wconf 80' lang='lat' dir='ltr'>lillll</span> 
     </span>
    </p>
   </div>
   <div class='ocr_carea' id='block_1_13' title="bbox 613 2206 1041 2337">
    <p class='ocr_par' dir='ltr' id='par_1_18' title="bbox 613 2206 1041 2337">
     <span class='ocr_line' id='line_1_41' title="bbox 613 2206 878 2239; baseline -0.004 -7"><span class='ocrx_word' id='word_1_281' title='bbox 613 2206 766 2232; x_wconf 85' lang='lat' dir='ltr'>Mauricius</span> <span class='ocrx_word' id='word_1_282' title='bbox 781 2206 878 2239; x_wconf 74' lang='lat' dir='ltr'>Folpe,</span> 
     </span>
     <span class='ocr_line' id='line_1_42' title="bbox 614 2255 1041 2289; baseline -0.002 -8"><span class='ocrx_word' id='word_1_283' title='bbox 614 2256 791 2281; x_wconf 88' lang='lat' dir='ltr'>Guillehnus</span> <span class='ocrx_word' id='word_1_284' title='bbox 806 2255 861 2289; x_wconf 76' lang='lat' dir='ltr'>[de]</span> <span class='ocrx_word' id='word_1_285' title='bbox 879 2255 1041 2281; x_wconf 85' lang='lat' dir='ltr'>Hericourt.</span> 
     </span>
     <span class='ocr_line' id='line_1_43' title="bbox 615 2305 877 2337; baseline -0.004 -7"><span class='ocrx_word' id='word_1_286' title='bbox 615 2305 780 2337; x_wconf 74' lang='lat' dir='ltr'>Stephanus</span> <span class='ocrx_word' id='word_1_287' title='bbox 795 2305 877 2333; x_wconf 80' lang='lat' dir='ltr'>chr,</span> 
     </span>
    </p>
   </div>
   <div class='ocr_carea' id='block_1_14' title="bbox 613 2353 986 2919">
    <p class='ocr_par' dir='ltr' id='par_1_19' title="bbox 613 2353 986 2919">
     <span class='ocr_line' id='line_1_44' title="bbox 613 2353 914 2385; baseline -0.003 -6"><span class='ocrx_word' id='word_1_288' title='bbox 613 2354 761 2380; x_wconf 68' lang='lat' dir='ltr'>,Iohannes</span> <span class='ocrx_word' id='word_1_289' title='bbox 777 2353 914 2385; x_wconf 79' lang='lat' dir='ltr'>Magistri.</span> 
     </span>
     <span class='ocr_line' id='line_1_45' title="bbox 613 2402 845 2431; baseline 0 -3"><span class='ocrx_word' id='word_1_290' title='bbox 613 2403 723 2428; x_wconf 87' lang='lat' dir='ltr'>Blasius</span> <span class='ocrx_word' id='word_1_291' title='bbox 738 2402 845 2431; x_wconf 85' lang='lat' dir='ltr'>Gresle,</span> 
     </span>
     <span class='ocr_line' id='line_1_46' title="bbox 613 2452 947 2479; baseline 0.006 -2"><span class='ocrx_word' id='word_1_292' title='bbox 613 2452 782 2478; x_wconf 79' lang='lat' dir='ltr'>Anthonius</span> <span class='ocrx_word' id='word_1_293' title='bbox 797 2452 832 2477; x_wconf 91' lang='lat' dir='ltr'>de</span> <span class='ocrx_word' id='word_1_294' title='bbox 848 2452 947 2479; x_wconf 81' lang='lat' dir='ltr'>Fuers‚</span> 
     </span>
     <span class='ocr_line' id='line_1_47' title="bbox 616 2499 930 2534; baseline 0 -8"><span class='ocrx_word' id='word_1_295' title='bbox 616 2501 768 2534; x_wconf 83' lang='lat' dir='ltr'>Philippus</span> <span class='ocrx_word' id='word_1_296' title='bbox 782 2501 809 2526; x_wconf 91' lang='lat' dir='ltr'>le</span> <span class='ocrx_word' id='word_1_297' title='bbox 823 2499 930 2533; x_wconf 60' lang='lat' dir='ltr'>Bizgue,</span> 
     </span>
     <span class='ocr_line' id='line_1_48' title="bbox 614 2551 864 2579; baseline 0.004 -4"><span class='ocrx_word' id='word_1_298' title='bbox 614 2551 740 2576; x_wconf 85' lang='lat' dir='ltr'>Thomas</span> <span class='ocrx_word' id='word_1_299' title='bbox 753 2551 864 2579; x_wconf 85' lang='lat' dir='ltr'>Bonne,</span> 
     </span>
     <span class='ocr_line' id='line_1_49' title="bbox 615 2599 854 2627; baseline -0.004 -2"><span class='ocrx_word' id='word_1_300' title='bbox 615 2599 754 2625; x_wconf 84' lang='lat' dir='ltr'>Ricardus</span> <span class='ocrx_word' id='word_1_301' title='bbox 769 2599 854 2627; x_wconf 82' lang='lat' dir='ltr'>Galli,</span> 
     </span>
     <span class='ocr_line' id='line_1_50' title="bbox 615 2648 941 2676; baseline 0 -3"><span class='ocrx_word' id='word_1_302' title='bbox 615 2648 783 2674; x_wconf 84' lang='lat' dir='ltr'>Franciseus</span> <span class='ocrx_word' id='word_1_303' title='bbox 798 2648 941 2676; x_wconf 77' lang='lat' dir='ltr'>Courtois,</span> 
     </span>
     <span class='ocr_line' id='line_1_51' title="bbox 616 2697 903 2726; baseline 0 -4"><span class='ocrx_word' id='word_1_304' title='bbox 616 2697 792 2723; x_wconf 83' lang='lat' dir='ltr'>Guillclmus</span> <span class='ocrx_word' id='word_1_305' title='bbox 807 2697 903 2726; x_wconf 83' lang='lat' dir='ltr'>Acuti,</span> 
     </span>
     <span class='ocr_line' id='line_1_52' title="bbox 615 2746 986 2775; baseline 0 -4"><span class='ocrx_word' id='word_1_306' title='bbox 615 2746 763 2771; x_wconf 88' lang='lat' dir='ltr'>Johannes</span> <span class='ocrx_word' id='word_1_307' title='bbox 780 2746 815 2772; x_wconf 90' lang='lat' dir='ltr'>de</span> <span class='ocrx_word' id='word_1_308' title='bbox 830 2746 986 2775; x_wconf 76' lang='lat' dir='ltr'>VVuilleris,</span> 
     </span>
     <span class='ocr_line' id='line_1_53' title="bbox 616 2795 975 2828; baseline 0.003 -8"><span class='ocrx_word' id='word_1_309' title='bbox 616 2795 791 2820; x_wconf 87' lang='lat' dir='ltr'>Guillclmus</span> <span class='ocrx_word' id='word_1_310' title='bbox 806 2795 841 2821; x_wconf 89' lang='lat' dir='ltr'>de</span> <span class='ocrx_word' id='word_1_311' title='bbox 856 2796 975 2828; x_wconf 71' lang='lat' dir='ltr'>Layens.</span> 
     </span>
     <span class='ocr_line' id='line_1_54' title="bbox 617 2843 931 2877; baseline 0.003 -9"><span class='ocrx_word' id='word_1_312' title='bbox 617 2844 763 2869; x_wconf 78' lang='lat' dir='ltr'>Johannes</span> <span class='ocrx_word' id='word_1_313' title='bbox 779 2843 931 2877; x_wconf 77' lang='lat' dir='ltr'>Chappcti,</span> 
     </span>
     <span class='ocr_line' id='line_1_55' title="bbox 618 2893 883 2919; baseline 0.008 -2"><span class='ocrx_word' id='word_1_314' title='bbox 618 2893 718 2918; x_wconf 84' lang='lat' dir='ltr'>Petrus</span> <span class='ocrx_word' id='word_1_315' title='bbox 733 2893 768 2918; x_wconf 86' lang='lat' dir='ltr'>de</span> <span class='ocrx_word' id='word_1_316' title='bbox 784 2893 883 2919; x_wconf 87' lang='lat' dir='ltr'>Partis.</span> 
     </span>
    </p>
   </div>
   <div class='ocr_carea' id='block_1_15' title="bbox 1590 2693 2245 2918">
    <p class='ocr_par' dir='ltr' id='par_1_20' title="bbox 1590 2693 2168 2730">
     <span class='ocr_line' id='line_1_56' title="bbox 1590 2693 2168 2730; baseline -0.007 -8"><span class='ocrx_word' id='word_1_317' title='bbox 1590 2705 1642 2730; x_wconf 85' lang='lat' dir='ltr'>per</span> <span class='ocrx_word' id='word_1_318' title='bbox 1656 2704 1704 2722; x_wconf 91' lang='lat' dir='ltr'>me</span> <span class='ocrx_word' id='word_1_319' title='bbox 1720 2696 1839 2721; x_wconf 88' lang='lat' dir='ltr'>Petrum</span> <span class='ocrx_word' id='word_1_320' title='bbox 1856 2694 1994 2727; x_wconf 69' lang='lat' dir='ltr'>Maugier,</span> <span class='ocrx_word' id='word_1_321' title='bbox 2010 2693 2168 2719; x_wconf 84' lang='lat' dir='ltr'>decanum.</span> 
     </span>
    </p>

    <p class='ocr_par' dir='ltr' id='par_1_21' title="bbox 1591 2743 2245 2918">
     <span class='ocr_line' id='line_1_57' title="bbox 1591 2743 1983 2779; baseline -0.01 -7"><span class='ocrx_word' id='word_1_322' title='bbox 1591 2753 1643 2779; x_wconf 93' lang='lat' dir='ltr'>per</span> <span class='ocrx_word' id='word_1_323' title='bbox 1658 2746 1738 2771; x_wconf 89' lang='lat' dir='ltr'>dom.</span> <span class='ocrx_word' id='word_1_324' title='bbox 1756 2745 1821 2770; x_wconf 88' lang='lat' dir='ltr'>Joh.</span> <span class='ocrx_word' id='word_1_325' title='bbox 1839 2743 1983 2769; x_wconf 82' lang='lat' dir='ltr'>Chuffart.</span> 
     </span>
     <span class='ocr_line' id='line_1_58' title="bbox 1645 2792 2047 2824; baseline -0.01 -4"><span class='ocrx_word' id='word_1_326' title='bbox 1645 2811 1680 2813; x_wconf 81' lang='lat'><strong>—</strong></span> <span class='ocrx_word' id='word_1_327' title='bbox 1752 2794 1818 2819; x_wconf 89' lang='lat' dir='ltr'>Joh.</span> <span class='ocrx_word' id='word_1_328' title='bbox 1835 2793 1871 2819; x_wconf 89' lang='lat' dir='ltr'>de</span> <span class='ocrx_word' id='word_1_329' title='bbox 1885 2792 2047 2824; x_wconf 77' lang='lat' dir='ltr'>Montigny,</span> 
     </span>
     <span class='ocr_line' id='line_1_59' title="bbox 1645 2840 2245 2874; baseline -0.008 -4"><span class='ocrx_word' id='word_1_330' title='bbox 1645 2859 1678 2863; x_wconf 89' lang='lat'>—-</span> <span class='ocrx_word' id='word_1_331' title='bbox 1750 2843 1816 2869; x_wconf 87' lang='lat' dir='ltr'>Joh.</span> <span class='ocrx_word' id='word_1_332' title='bbox 1828 2842 1863 2868; x_wconf 91' lang='lat' dir='ltr'>de</span> <span class='ocrx_word' id='word_1_333' title='bbox 1877 2842 1962 2870; x_wconf 87' lang='lat' dir='ltr'>Mota,</span> <span class='ocrx_word' id='word_1_334' title='bbox 1975 2841 2103 2874; x_wconf 89' lang='lat' dir='ltr'>priorem</span> <span class='ocrx_word' id='word_1_335' title='bbox 2115 2840 2150 2865; x_wconf 90' lang='lat' dir='ltr'>de</span> <span class='ocrx_word' id='word_1_336' title='bbox 2163 2840 2245 2865; x_wconf 87' lang='lat' dir='ltr'>Beco.</span> 
     </span>
     <span class='ocr_line' id='line_1_60' title="bbox 1645 2889 2045 2918; baseline -0.013 1"><span class='ocrx_word' id='word_1_337' title='bbox 1645 2908 1676 2911; x_wconf 73' lang='lat'>—</span> <span class='ocrx_word' id='word_1_338' title='bbox 1750 2892 1816 2918; x_wconf 83' lang='lat' dir='ltr'>Joh.</span> <span class='ocrx_word' id='word_1_339' title='bbox 1831 2891 1866 2917; x_wconf 90' lang='lat' dir='ltr'>de</span> <span class='ocrx_word' id='word_1_340' title='bbox 1879 2889 2045 2917; x_wconf 87' lang='lat' dir='ltr'>Courcellis.</span> 
     </span>
    </p>
   </div>
   <div class='ocr_carea' id='block_1_16' title="bbox 1480 1975 1519 2912">
    <p class='ocr_par' dir='ltr' id='par_1_22' title="bbox 1480 1975 1519 2912">
     <span class='ocr_line' id='line_1_61' title="bbox 1480 1975 1519 2912; textangle 90"><span class='ocrx_word' id='word_1_341' title='bbox 1480 1975 1519 2912; x_wconf 61' lang='lat' dir='ltr'>{lllllllllllllllllll</span> 
     </span>
    </p>
   </div>
   <div class='ocr_carea' id='block_1_17' title="bbox 518 2172 558 2910">
    <p class='ocr_par' dir='ltr' id='par_1_23' title="bbox 518 2172 558 2910">
     <span class='ocr_line' id='line_1_62' title="bbox 518 2172 558 2910; textangle 90"><span class='ocrx_word' id='word_1_342' title='bbox 518 2172 558 2910; x_wconf 64' lang='lat' dir='ltr'>llllllllllllllll</span> 
     </span>
    </p>
   </div>
   <div class='ocr_carea' id='block_1_18' title="bbox 2460 2496 2502 3418">
    <p class='ocr_par' dir='ltr' id='par_1_24' title="bbox 2460 2496 2502 3418">
     <span class='ocr_line' id='line_1_63' title="bbox 2460 2496 2502 3418; baseline 0 0"><span class='ocrx_word' id='word_1_343' title='bbox 2460 2496 2502 3418; x_wconf 95' lang='lat' dir='ltr'> </span> 
     </span>
    </p>
   </div>
  </div>
 </body>
</html>
