2502 3418
405 317 447 348 34
978 322 1297 345 CHARTULARlUM
1334 320 1522 342 UNtVERS.
1561 319 1691 340 PARtS.
2167 302 2268 339 [1398

405 399 671 444 superstitiosis
697 397 1063 437 ol)servationibus¹¹·,
1087 396 1183 441 quod
1215 396 1274 440 qui
1305 394 1436 427 talibus
1464 393 1617 426 credunt
1647 399 1707 425 aut
1737 392 1779 424 ad
1808 403 1932 423 corum
1962 391 2107 423 domum
2138 395 2266 422 euntes

404 473 465 499 aut
484 467 561 499 suis
583 465 751 498 domibus
773 465 1019 502 introducunt,
1047 470 1106 496 aut
1132 463 1370 507 interrogant,
1394 461 1508 493 sciant
1529 472 1567 493 se
1593 460 1699 492 fidem
1727 458 1957 491 christianam
1986 464 2021 490 et
2049 457 2264 502 baptismum

405 533 650 578 prevaricasse
676 539 710 565 et
737 544 913 577 paganum
940 538 975 563 ct
999 536 1208 575 apostatam,
1235 529 1271 561 id
1299 535 1354 561 est
1381 534 1476 560 retro
1507 526 1712 567 abeuntem,
1739 532 1773 558 et
1803 525 1868 557 Dei
1897 524 2082 557 inimicum
2116 530 2151 556 et
2179 523 2265 556 iram

404 600 469 632 Dei
490 600 648 643 graviter
668 599 705 631 111
726 606 889 631 eternum
918 597 1131 637 incurrisse,
1159 596 1230 628 nisi
1257 594 1502 627 ecclesiastica
1530 593 1726 638 penitentia
1754 592 1970 624 611161111111115
2002 592 2077 624 Deo
2105 590 2267 624 reconsi-

404 667 550 699 lientur.
574 668 646 698 Hec
667 665 740 698 ille.
764 667 887 709 Neque
911 671 1028 697 tamen
1055 663 1207 696 intentio
1231 669 1354 694 nostra
1380 668 1435 694 est
1459 661 1495 693 in
1516 660 1636 705 aliquo
1659 660 1835 704 derogare
1861 658 2076 703 quibusdam
2102 657 2212 690 licitis
2234 663 2269 690 et

404 733 500 766 veris
521 732 790 769 traditionibus,
821 731 984 764 scientiis
1010 737 1045 762 et
1069 729 1219 770 artibus,
1248 729 1312 761 sed
1339 728 1488 761 insanos
1508 738 1652 760 errores
1673 733 1779 771 atque
1800 725 1997 770 sacrilegas
2018 724 2265 770 insipientium

405 807 437 833 et
458 800 589 832 serales
610 800 714 839 ritus,
742 810 806 843 pro
828 804 960 842 quanto
982 797 1089 830 fidem
1112 795 1346 828 orthodoxam
1375 802 1409 828 ct
1435 794 1651 839 religionem
1674 793 1903 826 christianam
1930 792 2069 832 ledunt,
2096 791 2269 824 contami-

403 873 501 904 nant,
519 866 696 907 inficiunt,
711 865 897 905 radicitus,
916 870 1085 909 quantum
1107 863 1159 895 sas
1177 862 1283 895 nobis
1305 868 1372 903 est,
1390 862 1567 906 extirpare
1585 860 1795 905 satagimus,
1815 866 1850 892 et
1869 859 2044 892 honorem
2067 870 2171 892 suum
2193 858 2269 891 sin-

404 945 486 966 cere
508 933 714 977 relinquere
736 931 888 965 veritati.

495 1001 556 1032 Est
576 1006 691 1032 autem
714 999 851 1043 primus
873 997 1060 1037 articulus,
1079 996 1176 1041 quod
1198 1008 1261 1041 per
1278 1003 1372 1028 artes
1395 996 1551 1040 magicas
1569 1002 1602 1028 et
1623 994 1796 1027 maleficia
1814 1000 1846 1026 et
1868 994 2117 1026 invocationes
2138 992 2271 1038 nepha-

404 1067 475 1099 rias
496 1077 648 1111 querere
670 1057 928 1097 familiaritates
952 1070 986 1096 ct
1006 1063 1180 1095 amicitias
1203 1069 1235 1095 et
1260 1062 1390 1095 auxilia
1412 1062 1605 1094 demonum
1629 1073 1700 1094 non
1722 1061 1769 1094 sit
1788 1060 1975 1106 ydolatria.
1999 1060 2208 1093 Error...¹⁶.
2225 1079 2270 1083 ——

405 1133 593 1166 Secundus
614 1131 799 1171 articulus,
825 1131 922 1175 quod
944 1131 1028 1163 dare
1045 1129 1101 1163 vel
1123 1130 1254 1162 offerre
1271 1129 1327 1162 vel
1349 1129 1560 1174 promittere
1582 1128 1801 1161 demonibus
1822 1127 2111 1172 qualemcunque
2135 1138 2207 1159 rem
2232 1132 2268 1159 ut

404 1200 574 1244 impleant
599 1198 820 1231 desiderium
849 1197 1021 1238 hominis,
1043 1203 1102 1229 aut
1126 1197 1162 1228 in
1184 1196 1358 1229 honorem
1382 1208 1506 1228 eorum
1529 1196 1664 1240 aliquid
1687 1195 1844 1228 osculari
1870 1194 1927 1228 vel
1949 1200 2105 1239 portare,
2129 1205 2202 1226 non
2223 1193 2270 1226 sit

403 1266 589 1311 ydolatria.
613 1265 791 1298 Εννον....
817 1285 861 1289 -—
885 1264 1030 1296 Tertius
1058 1263 1244 1304 articulus,
1274 1263 1371 1307 quod
1399 1263 1491 1295 inire
1523 1270 1662 1307 pactum
1691 1274 1771 1295 cum
1801 1261 2019 1294 demonibus
2045 1260 2190 1293 taciturn
2210 1259 2269 1294 vel

404 1344 614 1378 expressum
638 1344 709 1364 11011
732 1332 776 1364 511
804 1331 979 1376 ydolatria
1001 1330 1058 1363 vel
1087 1330 1229 1375 species
1253 1330 1429 1375 ydolatrie
1456 1337 1489 1363 et
1516 1330 1709 1375 apostasie.
1732 1330 1913 1363 Error....
1939 1349 1983 1353 —
2007 1329 2165 1371 Quartus
2185 1327 2269 1360 arti-

403 1399 521 1440 culus,
540 1399 636 1444 quod
662 1398 784 1431 conari
806 1409 870 1442 per
892 1404 987 1430 artes
1009 1397 1165 1441 magicas
1188 1396 1362 1429 demones
1383 1397 1419 1429 111
1441 1397 1637 1442 lapidibus,
1661 1396 1819 1437 annulis,
1837 1395 2012 1441 speculis,
2038 1393 2268 1440 ymaginibus

404 1467 548 1499 nomine
570 1477 693 1498 eorum
716 1464 936 1497 consecratis
955 1463 1010 1497 vel
1033 1464 1153 1508 potius
1172 1464 1347 1496 execratis
1364 1464 1566 1504 includere,
1589 1476 1722 1509 cogere
1744 1470 1778 1496 et
1798 1469 1914 1496 artare
1930 1462 1987 1496 vel
2004 1474 2043 1495 ea
2064 1461 2158 1495 velle
2178 1461 2269 1495 vivi-

404 1533 524 1571 ficare,
547 1544 618 1564 non
643 1532 687 1564 sit
708 1531 895 1576 ydolatria.
918 1531 1055 1564 Error.
1072 1531 1288 1573 —Quintus
1309 1531 1496 1572 articulus,
1521 1531 1617 1575 quod
1645 1531 1781 1563 licitum
1805 1537 1860 1563 est
1881 1530 1931 1563 uti
1954 1529 2104 1574 magicis
2129 1527 2267 1561 artibus

404 1600 461 1633 vel
481 1599 560 1632 aliis
582 1598 859 1643 quibuscunque
888 1597 1210 1642 superstitionibus
1238 1610 1255 1629 a
1284 1599 1358 1630 Deo
1381 1604 1415 1630 et
1441 1598 1595 1630 ecclesia
1624 1597 1817 1642 prohibitis
1845 1609 1909 1642 pro
1932 1607 2149 1641 quocunque
2170 1595 2267 1628 bono

405 1667 487 1699 fine.
510 1667 690 1699 Errorm.
708 1685 750 1689 —-
768 1665 896 1697 Sextus
916 1664 1102 1705 articulus,
1123 1665 1219 1709 quod
1241 1664 1377 1697 licitum
1396 1665 1442 1698 sit
1458 1672 1514 1698 aut
1537 1665 1641 1698 etiam
1664 1664 1944 1710 permittendum
1964 1663 2137 1696 maleficia
2161 1661 2269 1695 male-

405 1733 496 1765 ficiis
518 1731 709 1777 repellere.
733 1732 868 1764 Error.
886 1751 930 1755 —
947 1731 1128 1775 Septimus
1150 1731 1336 1770 articulus,
1365 1732 1461 1776 quod
1491 1732 1623 1776 aliquis
1651 1744 1730 1765 cum
1758 1731 1880 1776 aliquo
1909 1730 2026 1776 possit
2054 1730 2268 1775 dispensare

405 1801 440 1832 111
462 1810 678 1844 quocunque
700 1810 797 1839 casu,
817 1805 854 1830 ut
874 1798 970 1830 licite
993 1797 1124 1830 talibus
1146 1804 1275 1830 utatur.
1298 1799 1435 1832 Error.
1453 1819 1496 1823 —
1512 1800 1669 1832 Octavus
1690 1798 1877 1839 articulus,
1895 1798 1993 1843 quod
2013 1804 2109 1830 artes
2129 1796 2268 1842 magice

405 1873 437 1899 et
458 1866 596 1899 similes
618 1865 897 1910 superstitiones
919 1871 951 1897 et
973 1876 1093 1897 earum
1115 1864 1389 1898 observationes
1411 1866 1484 1898 sint
1508 1866 1551 1899 ab
1573 1866 1726 1899 ecclesia
1754 1865 2052 1899 irrationabiliter
2072 1863 2266 1909 prohibite.

404 1930 540 1962 Error.
558 1947 601 1951 —
616 1929 741 1960 Nonus
762 1927 948 1968 articulus,
967 1927 1063 1971 quod
1086 1928 1182 1959 Deus
1204 1940 1267 1972 per
1287 1935 1383 1961 artes
1405 1929 1562 1972 magicas
1586 1935 1619 1962 et
1640 1928 1814 1962 maleficia
1836 1928 2027 1961 inducatur
2047 1925 2268 1972 compellere

406 1995 579 2027 demones
601 1994 677 2027 suis
698 1993 989 2027 invocationibus
1011 1993 1173 2026 obedire.
1196 1995 1333 2028 Error.
1352 2015 1394 2020 —
1411 1996 1581 2028 Decimus
1601 1996 1788 2037 articulus,
1807 1995 1904 2040 quod
1927 1993 2213 2028 thurificationes
2234 1998 2270 2026 et

406 2061 732 2105 suffumigationes,
750 2072 819 2105 que
841 2060 931 2092 fiunt
951 2060 987 2092 in
1007 2060 1129 2093 talium
1152 2061 1280 2094 artium
1302 2068 1337 2094 et
1357 2062 1615 2095 maleficiorum
1639 2063 1824 2104 exercitio,
1848 2063 1921 2096 sint
1940 2061 1984 2095 ad
2004 2061 2178 2094 honorem
2201 2059 2268 2092 Dei

406 2135 441 2161 et
461 2128 492 2160 ei
515 2127 688 2172 placeant.
710 2128 835 2160 Error
850 2132 883 2160 et
902 2127 1171 2171 blasphemia...
1191 2148 1234 2152 —
1250 2129 1326 2160 Xl¹¹⁸
1351 2129 1538 2170 articulus,
1561 2130 1658 2174 quod
1687 2130 1819 2163 talibus
1846 2136 1882 2162 et
1900 2128 2019 2162 taliter
2041 2128 2092 2160 uti
2115 2139 2187 2160 non
2213 2132 2269 2159 est

406 2195 608 2228 sacrificare
630 2206 694 2226 seu
715 2193 901 2226 immolare
923 2193 1139 2226 demonibus
1161 2201 1195 2227 et
1216 2206 1258 2227 ex
1278 2197 1515 2240 consequenti
1540 2196 1818 2241 dampnabiliter
1833 2196 2049 2242 ydolatrare.
2069 2195 2207 2228 Error.
2224 2213 2269 2218 -—-

405 2263 500 2294 th¹¹⁸
520 2260 704 2301 articulus,
724 2260 820 2304 quod
841 2259 950 2293 verba
972 2267 1091 2293 sancta
1114 2268 1148 2293 et
1168 2262 1350 2295 orationes
1372 2263 1524 2307 quedam
1547 2263 1676 2296 devote
1698 2271 1732 2296 et
1748 2264 1886 2308 jejunia
1908 2270 1942 2296 et
1962 2261 2212 2295 balneationes
2233 2266 2268 2294 et

406 2327 626 2361 continentia
653 2327 852 2372 corporalis
881 2327 917 2359 in
950 2327 1071 2372 pueris
1100 2335 1134 2360 et
1160 2328 1253 2369 aliis,
1281 2335 1315 2361 et
1343 2330 1532 2362 missarum
1559 2330 1756 2363 celebratio
1782 2338 1817 2364 et
1842 2330 1909 2363 alia
1931 2341 2040 2375 opera
2061 2329 2106 2362 de
2131 2334 2267 2373 genere

406 2395 596 2435 bonorum,
622 2406 691 2438 que
721 2393 812 2426 fiunt
840 2405 905 2438 pro
934 2394 1137 2426 exercendo
1161 2394 1370 2439 hujusmodi
1394 2403 1501 2438 artes,
1530 2404 1704 2430 excusent
1726 2399 1799 2430 ea¹⁷
1821 2410 1838 2430 a
1860 2397 1966 2438 malo,
1993 2403 2027 2429 et
2052 2407 2124 2428 non
2146 2394 2267 2440 potius

405 2467 586 2494 accusent.
608 2461 789 2494 Error....
806 2480 850 2484 —
873 2461 988 2492 Xlllus
1008 2461 1195 2502 articulus,
1220 2463 1316 2506 quod
1337 2464 1450 2496 sancti
1472 2464 1647 2509 prophete
1674 2471 1709 2497 et
1729 2465 1789 2497 alii
1812 2476 1875 2509 per
1897 2464 1986 2497 tales
2011 2469 2106 2496 artes
2131 2461 2267 2495 habue-

407 2534 489 2560 runt
503 2539 587 2559 suas
602 2526 843 2571 prophetias¹⁸
861 2533 896 2559 et
911 2526 1082 2559 miracula
1099 2528 1261 2561 fecerunt
1282 2536 1342 2562 aut
1358 2529 1532 2563 demones
1549 2531 1779 2576 expulerunt.
1793 2532 1919 2565 Error
1934 2536 1966 2564 et
1983 2529 2208 2575 blasphemia.
2222 2547 2267 2553 —

406 2595 535 2626 thtlffl*
555 2593 775 2633 articulusffi,
794 2593 891 2637 quod
906 2594 1004 2625 Deus
1019 2605 1084 2638 per
1100 2606 1138 2626 se
1160 2595 1365 2628 immediate
1383 2597 1440 2629 vel
1456 2609 1519 2641 per
1536 2597 1652 2630 bonos
1667 2598 1818 2643 angelos
1840 2598 1921 2631 talia
1937 2596 2111 2630 maleficia
2132 2595 2266 2629 sanctis

405 2659 612 2692 hominibus
635 2659 860 2692 revelaverit.
881 2660 1008 2693 Error
1022 2665 1055 2693 et
1075 2661 1300 2705 blasphemia.
1318 2683 1361 2687 -—-
1380 2665 1473 2696 XV¹¹⁵
1493 2664 1681 2706 articulus,
1704 2665 1798 2710 quod
1823 2664 2000 2710 possibile
2021 2670 2077 2697 est
2097 2674 2160 2708 per
2178 2661 2266 2695 tales

404 2734 499 2759 artes
524 2738 655 2770 cogere
677 2725 833 2758 hominis
855 2726 1007 2759 liberum
1031 2726 1218 2760 arbitrium
1247 2729 1290 2761 ad
1315 2729 1535 2763 voluntatem
1565 2743 1629 2764 seu
1655 2732 1876 2764 desiderium
1899 2731 2061 2764 alterius.
2083 2730 2264 2764 Error....

402 2816 446 2821 —
461 2794 570 2825 xvl¹¹⁵
591 2792 775 2832 articulus,
795 2793 891 2836 quod
912 2793 994 2825 ideo
1012 2799 1107 2826 artos
1129 2795 1265 2838 prefate
1283 2795 1377 2828 bone
1395 2804 1477 2829 sunt
1500 2804 1535 2830 et
1554 2810 1571 2830 a
1593 2799 1681 2839 Deo,
1701 2805 1735 2831 et
1751 2798 1849 2842 quod
1871 2810 1930 2831 6115
1951 2798 2035 2830 licet
2055 2797 2264 2836 observare,

405 2872 485 2904 qula
507 2871 570 2903 per
591 2871 650 2890 eas
672 2859 887 2903 (ptandoque
910 2859 967 2892 vel
997 2871 1083 2904 sepe
1113 2862 1245 2898 evenit,
1274 2863 1363 2895 sicut
1388 2870 1530 2897 utentes
1551 2865 1603 2897 cis
1625 2874 1778 2909 querunt
1803 2865 1858 2898 vel
1883 2865 2087 2909 predicunt,
2105 2862 2161 2896 vel
2182 2862 2264 2907 quia
