2502 3418
402 333 467 366 676
973 341 1292 363 011Α11τυιΑ11111Μ
1327 341 1518 363 umvnns.
1559 342 1690 364 PARIS.
2168 330 2268 367 [1447

402 416 694 462 procederoient,
718 422 753 448 et
772 427 865 461 pour
885 427 925 448 ce
946 415 1000 448 les
1022 415 1229 460 cisurgiens
1250 416 1476 460 requistrent
1495 428 1565 461 que
1586 415 1835 449 declarassent
1854 415 1934 448 leur
1954 416 2174 461 opposition.
2199 419 2268 451 Les

402 483 567 516 barhiers
593 483 750 516 distrcnt
774 495 844 527 quc
870 483 1015 516 avoient
1041 489 1163 515 autres
1193 483 1442 527 possessions,
1470 483 1611 524 lettres,
1640 483 1838 528 privileges
1872 490 1907 516 et
1933 482 2063 516 choses
2089 495 2152 516 sur
2179 483 2269 518 ledit

402 550 550 583 mcstier
573 562 643 595 que
664 549 803 582 lcurdiz
824 556 997 582 sentence
1019 556 1053 582 et
1073 556 1200 582 arrest.
1222 550 1326 582 Ainsi
1348 550 1458 583 estoit
1477 549 1723 583 troublement
1742 550 1898 595 parle....

490 617 627 650 Luilier
647 629 741 662 pour
765 617 819 649 les
847 616 1077 662 appelans....
1099 617 1211 649 Aussi
1239 616 1324 649 bien
1352 623 1439 662 peut
1464 629 1513 649 un
1541 617 1688 650 barbier
1713 623 1809 650 estre
1837 617 2025 663 cisurgien
2051 630 2190 651 comme
2217 631 2266 653 un

400 685 607 718 cousturier
628 685 688 729 qui
710 691 766 717 est
789 684 864 717 l’un
888 684 954 717 des
982 684 1202 729 cisurgiens,
1230 696 1290 717 car
1315 683 1370 717 les
1397 683 1562 718 barbiers
1590 691 1653 717 ont
1680 684 1724 717 de
1751 684 1882 718 beaulx
1909 684 2064 718 et—hons
2083 685 2196 719 livres
2221 698 2265 718 en

398 752 570 794 francois,
590 759 624 785 et
644 763 783 784 aucuns
800 758 883 784 sont
905 751 970 784 des
987 751 1195 796 cisurgiens
1216 751 1278 795 qui
1300 763 1345 784 ne
1367 754 1516 784 scevent
1531 758 1605 784 mot
1625 751 1670 784 de
1690 751 1791 785 latin.
1813 753 1864 785 Ne
1885 759 1969 785 sont
1984 765 2054 797 que
2075 753 2130 785 six
2151 753 2266 786 cisur-

397 820 503 864 giens
525 822 542 852 a
563 819 677 860 Paris,
701 819 762 863 qui
784 830 829 851 ne
852 818 1067 863 pourroient
1086 818 1228 851 sournir
1248 820 1266 851 a
1287 817 1390 851 ceulx
1412 818 1456 851 de
1477 818 1510 851 la
1531 818 1617 852 ville
1639 825 1674 852 et
1692 821 1711 852 a
1730 819 1835 852 ceulx
1856 820 1917 864 qui
1933 831 1955 865 y
1970 819 2131 861 affluent;
2156 827 2267 865 quant

396 899 445 920 un
467 893 523 920 est
543 886 660 919 blecic
683 898 746 931 par
765 892 881 927 autre,
904 885 959 918 les
980 884 1147 918 barbiers
1168 885 1201 917 le
1219 885 1369 918 doivent
1389 892 1580 930 rapporter
1600 888 1618 919 a
1633 886 1781 933 justice,
1805 898 1898 932 pour
1917 886 2006 919 faire
2023 886 2055 920 la
2076 887 2266 932 poursuite

393 961 519 987 contre
547 953 642 986 celui
675 955 693 986 a
718 959 812 985 mort
841 952 971 994 blecie,
994 952 1084 985 mais
1110 964 1183 985 non
1210 958 1322 997 quant
1344 964 1462 985 aucun
1485 952 1530 985 de
1558 965 1597 986 sa
1624 952 1754 986 cheute
1781 965 1820 986 se
1847 953 1964 995 blece,
1987 965 2034 986 ou
2062 954 2106 987 de
2132 953 2263 987 bosses

394 1033 440 1054 ou
463 1021 551 1054 cloz.

484 1087 639 1132 Rapiout
660 1087 711 1120 dit
732 1099 801 1132 que
822 1086 954 1120 bosses
980 1093 1065 1120 sont
1088 1087 1171 1132 plus
1196 1087 1416 1132 perilleuses
1438 1099 1507 1132 que
1528 1085 1732 1129 blessures,
1754 1099 1814 1120 car
1839 1087 1930 1121 elles
1957 1099 1996 1121 se
2025 1095 2173 1122 causent
2200 1100 2264 1134 par

395 1156 561 1189 diverses
582 1156 706 1197 sacons
728 1154 774 1187 ou
795 1154 820 1187 il
841 1154 931 1187 fault
950 1160 1057 1200 grant
1076 1155 1345 1200 cognoiscence
1367 1166 1437 1200 que
1459 1166 1506 1187 un
1528 1153 1675 1188 barbier
1695 1167 1740 1188 ne
1761 1162 1839 1188 scet
1858 1167 1964 1200 pas...

479 1222 684 1268 Appoincte
706 1228 761 1255 cst
781 1233 851 1267 que
875 1221 908 1254 la
929 1228 1034 1255 court
1058 1228 1131 1255 met
1154 1221 1400 1267 l'appellation
1482 1234 1524 1254 au
1547 1225 1697 1255 neant...
1721 1223 1765 1255 Et
1791 1229 1964 1255 mettront
1989 1222 2044 1256 les
2065 1223 2199 1268 parties
2227 1223 2260 1256 le

392 1293 522 1336 proces
548 1290 611 1323 fait
637 1301 682 1322 en
710 1289 910 1323 Chastellet
937 1288 1037 1322 leurs
1065 1289 1242 1331 chartres,
1272 1289 1471 1334 privileges
1501 1295 1537 1322 et
1562 1301 1603 1322 ce
1630 1301 1700 1334 que
1728 1296 1792 1322 ont
1817 1289 1962 1335 allegue
1988 1290 2097 1323 d'une
2120 1297 2199 1335 part
2226 1297 2262 1324 et

391 1358 527 1390 d'autre
549 1369 612 1402 par
633 1357 765 1390 devers
784 1356 816 1390 la
838 1363 943 1389 court
962 1363 998 1389 et
1017 1369 1060 1389 au
1082 1356 1237 1397 conseil,
1325 1363 1361 1389 et
1377 1357 1527 1401 joyront
1546 1356 1751 1401 cependant
1770 1356 1825 1390 les
1845 1356 2011 1390 barbiers
2032 1357 2077 1390 de
2098 1357 2259 1403 cisurgie

390 1425 494 1458 selon
516 1424 569 1457 les
591 1430 766 1457 sentence
788 1430 823 1456 et
843 1430 960 1457 arrest
981 1424 1069 1456 dont
1089 1436 1135 1457 ou
1156 1427 1288 1468 proces
1310 1430 1366 1457 est
1390 1423 1495 1457 faicte
1518 1423 1693 1456 mention.

480 1515 557 1538 Arch.
574 1517 628 1538 nat.
643 1514 738 1545 Paris„
753 1514 800 1537 X¹⁵
814 1514 884 1543 4801,
903 1514 948 1538 fol.
965 1514 1010 1538 236
1025 1514 1075 1539 bis.

481 1591 505 1616 1.
522 1591 580 1617 Vid.
597 1599 679 1623 supra
691 1595 721 1614 11Ω
733 1591 804 1615 2227.
814 1605 845 1610 -
860 1591 884 1616 2.
901 1591 959 1614 vid.
973 1594 1002 1614 n⁰
1017 1591 1087 1614 2549.

386 1734 530 1771 2622.
557 1742 676 1769 Carolus
699 1741 734 1768 de
756 1742 934 1776 Mauregart,
961 1750 1036 1776 mag.
1063 1741 1092 1767 in
1117 1741 1260 1767 medicina
1281 1744 1432 1776 uxoratus,
1454 1750 1516 1767 cum
1536 1750 1554 1767 a
1571 1741 1742 1777 praeposito
1762 1740 1859 1768 Paris.
1880 1741 2052 1767 sententiam
2073 1741 2254 1776 obtinuisset,

473 1792 617 1819 humiliter
634 1791 774 1827 facultati
796 1791 957 1818 medicinae
978 1790 1134 1827 supplicat,
1154 1794 1181 1817 et
1192 1790 1334 1827 pleraque
1349 1795 1381 1816 at
1396 1799 1451 1817 non
1466 1790 1563 1817 omnia
1578 1791 1736 1825 regentium
1745 1790 1816 1826 jura
1832 1794 1994 1827 recuperat.

1541 1872 1614 1902 7447,
1632 1872 1778 1899 Novembris
1791 1873 1837 1902 27,
1855 1872 1970 1899 Parisiis.

472 1955 578 1987 Anno
600 1953 745 1986 Domini
767 1952 962 1985 millesimo
984 1952 1143 1986 CCCC¹¹¹⁰
1154 1953 1312 1994 XLVII0,
1334 1952 1444 1997 xxvij³
1464 1952 1522 1985 die
1543 1952 1682 1985 mensis
1702 1951 1932 1993 Novembris,
1954 1951 2122 1985 facultate
2138 1952 2254 1985 medi-

383 2021 463 2054 cine
484 2027 706 2067 congregata
727 2020 771 2053 ad
793 2020 995 2053 sedandum
1017 2026 1053 2052 et
1072 2019 1230 2052 finaliter
1250 2019 1518 2052 terminandum
1544 2019 1642 2052 litem
1668 2019 1847 2064 inceptam
1868 2019 1964 2052 inter
1983 2019 2097 2064 ipsam
2119 2030 2162 2052 ex
2183 2031 2253 2052 una

382 2096 482 2134 parte
500 2096 535 2122 et
556 2088 768 2133 magistrum
791 2087 964 2120 Karolum
987 2087 1031 2120 de
1053 2088 1262 2132 Mauregart
1281 2093 1470 2120 uxoratum
1492 2098 1572 2119 cum
1594 2086 1747 2119 muliere
1767 2086 1875 2120 vidua
1896 2098 1940 2119 ex
1959 2085 2087 2127 altera,
2106 2086 2168 2131 qui
2188 2086 2254 2119 im-

382 2162 586 2201 petraverat
605 2167 727 2188 casum
750 2154 920 2188 novitatis
940 2166 958 2187 a
979 2154 1168 2199 preposito
1193 2154 1404 2196 Parisiensi,
1428 2165 1493 2199 per
1518 2165 1624 2199 quem
1646 2153 1750 2186 nisus
1776 2159 1832 2186 est
1858 2153 2053 2199 magistros
2079 2160 2252 2199 regentes

381 2223 546 2268 ejusdem
570 2222 749 2256 facultatis
777 2221 998 2267 compellere
1024 2221 1067 2254 ad
1095 2221 1163 2254 hoc
1185 2221 1283 2266 quod
1310 2222 1429 2266 ipsum
1458 2221 1666 2266 reciperent
1691 2221 1728 2253 in
1756 2227 1959 2266 regentem,
1981 2233 2055 2254 non
2083 2220 2251 2254 obstante

383 2297 515 2324 statuto
536 2290 715 2323 facultatis
736 2289 933 2323 contrario.
955 2289 1074 2322 Primo
1096 2289 1163 2321 fuit
1184 2288 1422 2321 deliberatum
1446 2288 1543 2333 quod
1569 2288 1688 2321 dictus
1709 2300 1804 2333 mag.
1827 2288 1984 2321 Karolus
2010 2300 2109 2321 suam
2135 2288 2251 2334 impe-

382 2358 573 2391 trationem
595 2350 764 2403 primitus
785 2356 954 2398 cassabit,
978 2355 1153 2389 anullabit
1180 2362 1216 2388 et
1242 2355 1439 2397 revocabit,
1462 2355 1651 2400 ipsamque
1678 2355 1881 2388 facultatem
1911 2362 1947 2388 et
1972 2355 2168 2401 magistros
2193 2367 2251 2389 re-

381 2424 576 2470 gentes'in
602 2424 741 2466 eadem,
769 2430 895 2457 contra
920 2435 1013 2469 quos
1040 2423 1176 2456 dictum
1203 2435 1325 2456 casum
1350 2422 1537 2467 exequtari
1563 2422 1660 2464 fecit,
1684 2422 1900 2467 indempnes
1923 2422 2064 2456 reddet.
2094 2423 2250 2468 Insuper

382 2492 479 2537 quod
500 2492 678 2537 quidquid
698 2504 716 2525 a
736 2491 904 2524 facultate
926 2490 1107 2524 obtinebit
1127 2502 1192 2535 per
1212 2489 1515 2535 supplicationem
1536 2489 1747 2534 gratiosam,
1771 2501 1875 2534 quam
1893 2501 1989 2523 unus
2009 2489 2112 2523 solus
2129 2496 2250 2535 potest

380 2559 572 2603 impedire,
589 2558 749 2592 habebit.

468 2626 609 2669 Quibus
631 2626 682 2659 sic
704 2625 916 2658 deliberatis
938 2632 973 2658 et
993 2625 1167 2658 nuntiatis
1189 2624 1285 2658 dicto
1307 2624 1482 2670 magistro
1503 2623 1651 2666 Karolo,
1674 2624 1754 2669 ipse
1780 2624 2018 2668 acquiescens
2043 2636 2108 2669 per
2128 2624 2256 2662 omnia,

379 2693 555 2726 voluntati
581 2693 675 2726 dicte
695 2692 876 2726 facultatis
898 2692 1129 2733 renuntiavit,
1152 2692 1307 2725 cassavit
1323 2698 1358 2724 et
1377 2691 1551 2725 anullavit
1567 2703 1666 2724 suam
1684 2691 1989 2736 impetrationem,
2006 2691 2256 2737 promisitque,

380 2759 491 2804 ipsam
518 2760 720 2792 facultatem
747 2767 783 2792 et
807 2759 975 2804 singulos
1001 2760 1197 2804 magistros
1222 2759 1287 2792 hac
1313 2759 1358 2791 de
1388 2770 1494 2791 causa
1521 2758 1741 2803 inquietatos
1767 2758 1984 2803 indempnes
2012 2758 2180 2791 reddere.
2205 2760 2247 2791 Et

381 2827 533 2859 ulterius
561 2827 746 2859 humiliter
773 2834 940 2871 tanquam
967 2826 1177 2859 obedientie
1206 2826 1304 2859 filius
1332 2825 1549 2871 supplicavit
1573 2825 1743 2870 quatinus
1770 2832 1884 2858 mater
1913 2825 2063 2858 facultas
2093 2838 2172 2858 cum
2201 2838 2253 2865 eo,

379 2893 487 2926 vellet
510 2894 722 2938 dispensare
744 2894 841 2938 quod
863 2894 905 2926 ad
928 2894 1126 2939 regentium
1148 2894 1411 2935 admitteretur,
1435 2905 1507 2926 non
1529 2892 1696 2925 obstante
1717 2899 1850 2926 statuto
1871 2893 2126 2926 contrariante.
