2502 3418
409 337 473 370 342
988 339 1307 364 οΗΑιιτυιΑιὶιυΜ
1341 338 1534 361 UNtvuns.
1571 338 1701 361 rmus.
2183 322 2283 359 [t418

411 432 538 454 norum
561 419 716 452 civitatis
738 424 862 451 nostre
883 416 1102 450 Parisiensis
1123 426 1267 447 rursum
1289 413 1383 458 apud
1411 424 1478 445 nos
1500 412 1656 445 emissos
1680 418 1715 444 et
1735 410 1860 455 sepius
1882 410 2016 443 relatos
2037 409 2282 458 audiissemus

411 494 446 520 et
465 499 546 520 cum
568 485 677 518 animi
699 484 826 518 dolore
848 483 1167 516 sustinuissemus.

500 555 632 586 Notum
654 552 767 597 igitur
782 551 934 584 facimus
954 548 1138 582 universis
1158 554 1227 580 tam
1250 545 1487 591 presentibus
1509 557 1614 590 quam
1640 544 1788 584 futuris,
1813 543 1911 587 quod
1936 554 2005 576 nos
2034 542 2282 588 provisionem

411 632 523 665 super
549 619 606 652 his
637 618 791 651 ulterius
819 617 965 650 differre
995 627 1068 648 non
1096 613 1272 652 valentes,
1304 612 1584 657 dispendiisque
1613 610 1806 655 premissis
1834 609 1982 642 obviare
2010 615 2045 642 et
2073 608 2283 642 ambitionis

411 694 518 731 atque
538 685 748 730 cupiditatis
769 684 935 721 ardorem
957 682 1149 726 cupientes
1171 680 1352 724 mitigare,
1376 677 1564 723 prehabita
1586 676 1852 709 deliberatione
1873 682 2012 709 matura
2031 688 2112 709 cum
2134 675 2284 720 prelatis

406 752 691 797 quamplurimis
718 757 752 784 et
776 749 950 795 gentibus
977 758 1198 780 camerarum
1221 745 1308 778 dicti
1330 745 1446 778 nostri
1468 743 1683 789 parlamenti
1703 742 1859 787 aliisque
1881 741 2048 787 pluribus
2071 741 2284 775 doctoribus

415 828 449 854 et
472 819 656 864 magistris
682 818 726 850 de
751 817 845 850 dicta
874 815 988 848 Paris.
1012 812 1278 847 Universitate¹
1301 812 1338 844 in
1359 811 1501 856 ingenti
1523 821 1677 843 numero
1702 810 1739 842 in
1759 821 1900 842 camera
1922 809 2009 842 dicti
2030 809 2148 842 nostri
2173 808 2297 854 parla-v

413 886 525 919 menti
548 886 591 918 de
609 884 775 917 mandato
796 889 922 915 nostro
941 879 1189 925 congregatis,
1207 878 1392 912 voluimus
1413 890 1451 910 ac
1473 883 1582 922 prout
1597 876 1686 909 alias
1703 875 1967 917 ordinavimus,
1985 875 2229 920 volumusque
2250 881 2286 908 et

413 953 637 992 ordinamus,
656 950 831 983 ecclesias
853 959 1105 993 personasque
1127 945 1395 978 ecclesiasticas
1417 943 1618 982 eorundem
1636 943 1741 988 regni
1758 955 1797 976 ac
1815 942 2057 988 Delphinatus
2074 949 2284 976 nostrorum

412 1019 457 1057 ad
479 1030 562 1052 suas
583 1018 749 1061 antiquas
768 1014 985 1048 sranchisias
1007 1020 1042 1046 et
1062 1013 1250 1046 libertates
1271 1012 1308 1044 in
1330 1017 1547 1056 perpetuum
1568 1009 1794 1051 reducendO,
1810 1009 1909 1054 quod
1930 1009 2099 1043 ecclesiis
2120 1009 2284 1054 ipsorum

413 1085 517 1130 regni
538 1097 577 1117 ac
604 1083 843 1128 Delphinatus
866 1079 1138 1114 cathedralibus
1164 1085 1200 1112 et
1219 1077 1425 1123 collegiatis
1447 1084 1482 1110 et
1503 1089 1625 1110 earum
1652 1076 1844 1110 beneficiis
1865 1076 2031 1110 electivis
2057 1075 2286 1110 secularibus

413 1159 447 1184 et
474 1150 707 1195 regularibus
738 1160 802 1194 per
829 1148 1029 1181 electiones
1051 1146 1306 1191 capitulorum,
1333 1150 1578 1177 conventuum
1605 1150 1642 1176 et
1668 1143 1911 1188 collegiorum
1933 1155 1998 1176 seu
2020 1142 2287 1188 postulationes

412 1218 586 1251 canonice
606 1218 717 1249 factas
738 1214 1108 1258 confirmationesque
1136 1212 1384 1257 superiorum,
1410 1218 1446 1244 et
1471 1223 1545 1243 non
1566 1210 1732 1244 electivis
1760 1222 1824 1255 per
1848 1210 2154 1256 presentationes,
2175 1209 2287 1243 colla-

412 1285 531 1317 tiones
553 1290 586 1316 et
607 1282 859 1316 institutiones
881 1281 1163 1320 ordinariorum,
1183 1278 1316 1324 quibus
1343 1278 1387 1311 de
1409 1279 1493 1323 jure
1519 1277 1704 1310 communi
1726 1289 1791 1310 seu
1817 1276 2086 1310 consuetudine
2111 1276 2284 1322 pertinet,

414 1350 614 1384 secundum
632 1349 779 1393 antiqua
794 1349 876 1393 jura
893 1347 1095 1380 communia
1113 1345 1351 1390 Coneiliaque
1371 1344 1569 1390 generalia,
1588 1344 1632 1377 de
1654 1344 1825 1389 personis
1845 1343 2001 1389 ydoneis
2018 1342 2285 1388 providebitur,

413 1416 642 1451 cessantibus
665 1423 699 1448 et
719 1415 866 1460 rejectis
887 1414 1035 1447 omnino
1057 1425 1096 1446 ac
1118 1425 1190 1446 non
1212 1411 1445 1445 obstantibus
1466 1411 1759 1456 quibuscumque
1780 1417 1815 1444 et
1834 1422 2150 1456 quorumcumque
2170 1422 2284 1444 reser-

414 1483 621 1517 vationibus
638 1481 873 1528 generalibus
890 1481 947 1514 vel
969 1479 1192 1525 specialibus
1208 1491 1246 1512 ac
1265 1478 1591 1524 prohibitionibus,
1609 1477 1937 1523 expectationibus,
1954 1484 2015 1510 aut
2034 1477 2162 1522 gratiis
2179 1477 2284 1510 etiam

413 1563 491 1584 cum
516 1549 653 1583 decreti
674 1549 904 1594 appositione
925 1547 1029 1580 sactis
1050 1553 1110 1579 aut
1130 1546 1321 1586 faciendis,
1347 1546 1536 1578 concessis
1557 1557 1620 1578 seu
1647 1544 1911 1578 concedendis.
1939 1546 1983 1577 Et
2007 1545 2160 1589 insuper
2187 1543 2285 1589 quod

414 1617 621 1650 exactiones
643 1616 892 1661 pecuniarum,
916 1626 1005 1659 quas
1027 1613 1070 1646 ab
1091 1613 1275 1658 aliquibus
1297 1613 1487 1646 retroactis
1508 1612 1737 1657 temporibus
1757 1612 1857 1645 curia
1880 1613 2038 1644 Romana
2059 1623 2124 1645 seu
2145 1622 2286 1644 camera

413 1683 611 1729 apostolica
629 1683 697 1715 sub
719 1689 883 1727 pretextu
902 1681 1104 1714 vacantium
1126 1680 1389 1713 beneficiorum
1411 1680 1516 1725 regni
1537 1686 1572 1712 et
1592 1679 1833 1724 Delphinatus
1854 1679 2101 1724 predictorum
2118 1684 2179 1711 aut
2197 1677 2285 1711 alias

413 1750 655 1796 quovismodo
678 1762 743 1782 seu
764 1749 887 1782 colore
917 1748 1179 1793 premissorum
1202 1747 1273 1780 sibi
1294 1747 1469 1792 applicari
1489 1746 1618 1788 voluit,
1647 1746 1793 1791 penitus
1819 1745 2029 1779 cessabunt.
2057 1745 2286 1779 Intendimus

412 1825 530 1851 tamen
559 1824 725 1861 tanquam
753 1815 1014 1849 christifideles
1043 1826 1184 1847 summo
1206 1814 1369 1859 pontifici
1391 1821 1427 1847 et
1448 1813 1613 1847 Ecclesie
1639 1815 1799 1846 Romane
1821 1825 1913 1858 eque
1940 1812 2069 1858 plusve
2090 1812 2223 1846 ceteris
2248 1812 2286 1845 in

414 1883 696 1917 necessitatibus
718 1883 809 1923 suis,
836 1889 871 1915 et
891 1894 971 1915 cum
994 1888 1137 1926 tempus
1158 1881 1335 1926 exegerit,
1358 1893 1576 1914 succurrere
1603 1887 1639 1913 et
1663 1879 1930 1913 rationabiliter
1953 1879 2164 1913 subvenire.
2187 1878 2287 1912 Inhi-

414 1951 541 1984 bemus
558 1957 676 1983 autem
693 1949 863 1982 omnibus
880 1955 915 1982 et
931 1948 1090 1993 singulis
1108 1948 1246 1981 nostris
1263 1947 1440 1993 subjectis
1458 1948 1623 1981 districte
1640 1954 1676 1980 et
1692 1946 1760 1980 sub
1778 1947 1876 1980 omni
1893 1946 2159 1992 indignatione,
2177 1957 2283 1991 quam

415 2030 500 2063 erga
526 2029 594 2050 nos
619 2017 815 2049 formidant
842 2016 1043 2056 incurrere,
1071 2027 1116 2048 ne
1142 2015 1226 2048 huic
1252 2022 1378 2048 nostre
1404 2015 1626 2048 ordinationi
1656 2026 1745 2047 ausu
1777 2014 1971 2047 temerario
1996 2013 2178 2046 contraire
2207 2013 2284 2047 sive

415 2097 491 2117 eam
514 2084 692 2128 impedire
715 2090 938 2128 presumant.

504 2151 681 2193 Quocirca
711 2149 920 2183 memoratis
951 2149 1123 2193 gentibus
1218 2148 1429 2182 tenentibus
1523 2148 1756 2194 parlamenta,
1781 2147 2026 2192 omnibusque
2056 2146 2284 2188 senescallis,

416 2218 586 2258 baillivis,
610 2217 821 2262 prepositis,
839 2216 1118 2249 vicecomitibus
1139 2223 1174 2248 et
1193 2216 1274 2248 aliis
1295 2215 1588 2260 quibuscumque
1604 2215 1794 2260 judicibus
1816 2214 1953 2248 nostris
1979 2214 2159 2247 dictorum
2179 2213 2285 2259 regni

417 2297 455 2318 ac
473 2284 713 2329 Delphinatus
731 2290 765 2316 et
781 2295 906 2316 eorum
925 2282 1231 2324 locatenentibus,
1249 2283 1509 2316 committimus
1527 2289 1562 2315 et
1577 2282 1804 2323 mandamus,
1822 2282 1993 2327 quatinus
2015 2287 2206 2326 presentes
2227 2280 2286 2313 lit-

417 2358 512 2384 teras
530 2363 595 2384 seu
613 2350 878 2383 ordinationem
897 2356 931 2382 et
946 2349 1167 2383 voluntatem
1190 2356 1335 2383 nostras
1352 2349 1475 2383 debite
1492 2362 1531 2382 ac
1548 2349 1658 2382 celeri
1676 2348 1897 2382 demandent
1912 2348 2132 2390 executioni,
2150 2358 2285 2392 easque

416 2418 454 2450 in
483 2418 574 2450 locis
604 2429 752 2450 suorum
783 2417 1016 2449 districtuum
1046 2423 1081 2449 et
1106 2416 1397 2460 judicaturarum
1426 2416 1637 2462 insignibus
1664 2415 1799 2449 cridari
1826 2422 1862 2448 et
1890 2414 2006 2460 palam
2037 2414 2216 2460 publicari

416 2485 548 2517 faciant
569 2491 601 2517 ct
631 2490 829 2529 procurent
856 2495 862 2515 :
893 2495 1019 2516 omnes
1051 2490 1085 2516 et
1115 2495 1352 2528 quascunque
1378 2495 1555 2528 personas
1580 2483 1898 2516 contravenientes
1925 2493 1990 2520 seu
2015 2487 2285 2526 attemptantes,

418 2552 668 2596 cujuscunque
690 2557 804 2583 status
826 2562 890 2583 seu
912 2550 1136 2583 conditionis
1157 2550 1326 2591 existant,
1348 2557 1516 2595 tanquam
1537 2557 1743 2583 nostrarum
1765 2555 2061 2594 transgressores
2087 2547 2286 2581 ordinatio·—

419 2610 518 2658 num,
540 2617 660 2650 taliter
681 2616 881 2662 puniendo,
899 2616 998 2661 quod
1018 2617 1151 2649 ceteris
1172 2617 1275 2650 cedat
1296 2617 1332 2649 in
1354 2616 1617 2662 exemplum....

506 2685 634 2716 Actum
661 2691 694 2716 et
720 2684 840 2716 datum
871 2683 1054 2716 Parisius²
1081 2695 1176 2716 anno
1207 2684 1353 2716 Domini
1378 2684 1574 2717 millesimo
1595 2683 1959 2729 quadringentesimo
1980 2681 2122 2715 decimo
2143 2682 2284 2722 octavo,

421 2762 543 2783 mense
565 2750 684 2782 Martii
706 2757 788 2795 post
808 2749 955 2791 Pascha,
979 2750 1083 2795 regni
1103 2762 1189 2782 vero
1211 2750 1327 2783 nostri
1349 2762 1443 2783 anno
1466 2750 1651 2783 tricesimo
1673 2757 1813 2784 octavo.

507 2817 599 2849 Per³
618 2828 747 2861 regem,
764 2816 811 2849 acl
832 2816 1039 2851 relationem
1061 2818 1184 2861 magni
1205 2818 1263 2850 sui
1279 2817 1433 2851 Consilii
1456 2818 1493 2851 in
1518 2828 1659 2851 camera
1668 2817 1892 2862 parlamenti
1913 2816 2003 2850 tenti
2017 2827 2087 2860 per·
2105 2814 2283 2848 dominum

419 2881 614 2926 delphinum
638 2883 869 2916 Viennensem.
1765 2884 1945 2918 Cmmms.
