2502 3418
303 315 399 351 1450]
647 329 692 350 AB
726 329 832 350 ANNO
867 329 1157 352 MCCCLxxxxw
1189 331 1320 359 USQUE
1355 332 1403 353 An
1437 333 1575 355 ANNUM
1609 335 1815 357 mccccmi.
2098 329 2162 361 693

391 402 521 435 Biblici
545 414 551 434 :

389 500 464 526 Frat.
482 501 547 526 Joh.
564 501 674 527 Wattat
688 500 792 536 [Pred..
809 501 855 528 lic.
876 501 961 536 1460}
1228 503 1231 518 '
1334 504 1408 531 Frat.
1424 506 1586 532 'roussauus
1601 507 1636 532 de
1653 507 1810 537 Villanovm
1827 508 1950 534 Biblicus
1965 509 2088 535 Carmel.

405 564 440 567 ——
476 549 542 575 Joh.
557 549 592 575 de
607 550 693 579 Mota,
709 549 832 583 August.
1350 568 1384 571 —
1422 554 1594 580 Laurentius
1613 555 1649 581 (10
1663 555 1792 584 Colonia.
1817 556 1941 582 Biblicus
1959 558 2094 590 August.‚
2118 559 2161 584 in-

403 613 439 616 —
476 598 651 624 Guillelmus
666 599 756 632 Papin
766 599 784 629 Ι,
801 599 870 625 Ord.
886 599 1001 625 Cisterc.
1454 602 1529 635 cepit
1544 602 1667 628 Bibliam
1683 603 1712 632 4³
1726 604 1860 629 Decemb.

404 661 437 665 —
475 647 631 673 Rodericus
646 647 760 677 Velasti,
777 647 903 673 Biblicus
918 648 1012 674 Minor
1019 647 1039 673 2.
1823 651 1860 685 [ὁ]

389 735 458 758 Β11)1.
474 738 529 758 nat.
542 735 638 765 Paris„
651 744 702 760 ms.
718 736 765 759 lat.
779 737 860 765 56570,
878 737 923 760 sol.
939 739 962 760 5.

389 818 412 843 1.
429 819 475 842 An.
493 820 560 847 1454,
578 820 722 850 Septemb„
739 820 891 851 Capitulum
912 821 1035 851 generale
1056 821 1164 844 Cisterc.
1181 822 1283 845 extollit
1299 831 1309 845 α
1326 822 1488 845 laudabilem
1504 823 1596 852 vitam,
1619 823 1756 846 seientiam
1777 829 1801 847 et
1821 824 2023 855 dispositionem
2039 826 2071 848 ad
2087 829 2160 849 actus

296 862 428 886 virtuosos
445 864 477 887 sr.
494 863 628 887 Guillelmi
651 864 734 895 Papin
754 865 786 888 de
807 865 987 895 mortuomari,
1004 865 1104 889 baccal.
1121 866 1226 889 formati
1248 866 1272 889 in
1290 867 1368 890 theol.
1384 877 1406 897 ιι,
1420 867 1561 899 ipsumque
1580 868 1675 891 retinet
1690 869 1808 897 Parisiis,
1826 869 1947 900 expensis
1962 870 2114 893 monasterii
2131 871 2161 893 de

295 907 476 937 Mortuommi,
490 917 573 940 usque
588 909 621 931 ad
637 909 821 940 magisterium
838 910 923 939 (Ar-ch.
948 913 1032 933 status
1056 911 1175 940 Luzerm,
1197 920 1246 934 ms.
1262 912 1316 940 544,
1333 920 1359 943 p.
1380 912 1443 941 187).
1466 913 1512 935 An.
1533 913 1602 942 1458,
1619 913 1694 936 Febr.
1713 914 1749 941 13,
1771 913 1860 937 licent.
1881 917 1921 937 est
1941 916 1999 944 (ms.
2016 915 2060 938 lat.
2076 915 2161 938 Paris.

295 953 384 982 5657⁰)‚
399 961 459 976 cum
471 953 526 985 jam
542 957 612 977 esset
626 954 709 977 abbas
725 954 757 978 de
772 954 926 978 Bellobecco
943 955 1006 984 (vid.
1022 955 1095 979 Gall.
1107 957 1216 986 christ„
1232 956 1273 985 xl,
1290 965 1317 988 p.
1333 957 1397 986 303).
1412 971 1440 974 —
1454 957 1479 982 2.
1496 958 1520 980 Is
1536 961 1561 980 et
1574 966 1685 989 sequens
1700 961 1763 989 post
1779 958 1845 982 ulios
1862 959 2025 990 inceperunt.

293 1137 438 1175 2662.
467 1147 643 1174 Universitas
657 1149 754 1175 Paris.
777 1148 932 1179 concludit,
950 1153 981 1175 ut
995 1153 1087 1175 rector
1101 1159 1163 1175 cum
1178 1150 1326 1186 deputatis
1341 1151 1516 1184 facultatum
1539 1155 1566 1177 et
1589 1152 1736 1177 nationum
1760 1152 1891 1178 Car-olum
1908 1152 2007 1178 ducem
2026 1153 2158 1179 Aurelia-

382 1205 460 1222 nens.
486 1197 587 1232 visitet,
611 1198 660 1233 qui
684 1198 895 1224 ambassiatam
920 1207 1011 1234 nuper
1035 1199 1075 1224 ad
1097 1208 1188 1234 regem
1209 1200 1326 1225 missam
1346 1200 1465 1234 benigne
1489 1201 1517 1225 in
1546 1200 1659 1227 civitate
1683 1201 1814 1227 Blesensi
1839 1203 1955 1234 recepit.
1981 1203 2156 1238 Proponens,

385 1245 506 1271 Thomas
519 1246 555 1272 de
573 1246 735 1281 Com-cellis,
752 1247 778 1273 ei
794 1247 1000 1273 recommendet
1010 1248 1165 1284 privilegia
1186 1249 1384 1274 Universitatis
1401 1253 1428 1275 et
1438 1250 1644 1285 promotionem
1659 1251 1880 1286 suppositorum,
1897 1252 2055 1287 praecipue
2071 1252 2157 1278 etiam

381 1294 603 1322 destructionem
615 1304 631 1322 ‹
644 1296 765 1323 studioli
783 1296 951 1323 Cadomens.
966 1296 1009 1331 »⁴‚
1027 1297 1104 1332 quod
1115 1307 1279 1334 proponens
1295 1298 1383 1324 etiam
1399 1299 1478 1332 fecit.

1419 1348 1495 1378 7450,
1508 1349 1657 1375 novembris
1671 1350 1740 1379 8-74,
1758 1350 1871 1376 Parisiis.

384 1435 499 1458 Auctor.
518 1433 657 1463 Charnd„
673 1434 706 1464 li,
722 1443 749 1465 p.
766 1435 819 1463 827,
836 1435 866 1457 44
882 1443 952 1466 sqq.;
969 1435 1022 1465 828,
1040 1436 1078 1459 31.

382 1517 406 1543 1.
424 1518 590 1542 Universitas
604 1519 688 1543 Paris.
701 1522 763 1542 tunc
780 1519 882 1543 fortiter
895 1520 1031 1543 dimicavit
1043 1523 1097 1543 tam
1113 1521 1184 1552 apud
1199 1529 1288 1551 regem
1302 1529 1381 1552 quam
1397 1522 1466 1552 apud
1483 1530 1614 1544 summum
1630 1522 1780 1553 pontificem
1796 1523 1915 1554 aliosque
1930 1527 2020 1546 contra
2039 1524 2155 1547 studium

289 1563 460 1592 Cadumense,
475 1563 545 1595 quod
558 1564 731 1587 Universitati
747 1564 826 1587 libuit
841 1565 977 1588 nominare
994 1574 1005 1588 «
1018 1565 1162 1588 studiolum
1181 1574 1201 1596 n,
1216 1569 1248 1593 01,
1264 1566 1342 1597 quod,
1358 1566 1464 1589 civitate
1480 1566 1636 1590 Cademens.
1657 1576 1670 1590 a
1691 1568 1751 1590 Jun.
1771 1568 1809 1596 24,
1825 1571 1929 1599 totaque
1944 1569 2104 1591 Normannia
2123 1569 2155 1591 ab

288 1609 355 1639 Aug.
370 1609 398 1631 12
413 1609 446 1631 ad
460 1617 549 1639 regem
563 1609 689 1632 Franciae
702 1609 827 1636 reductis,
839 1609 946 1633 omnino
958 1610 1147 1633 destruendum
1165 1612 1218 1634 sore
1232 1611 1356 1641 decrevit,
1369 1619 1427 1633 cum
1444 1611 1476 1634 ab
1490 1612 1592 1642 Anglis,
1607 1612 1632 1634 in
1648 1612 1840 1643 praejudicium
1858 1613 2044 1636 universitatis
2061 1614 2155 1642 Paris„

288 1656 404 1676 erectum
415 1656 494 1677 esset.
506 1653 609 1677 Prolixe
622 1654 654 1677 de
668 1654 716 1677 hoc
730 1654 756 1677 in
768 1656 898 1683 Auctar.,
911 1655 943 1685 11,
960 1664 988 1686 p.
1001 1656 1116 1685 825-835;
1133 1656 1245 1679 838-841.
1264 1655 1440 1678 Nihilominus
1457 1659 1542 1679 tamen
1560 1660 1611 1679 tam
1626 1665 1671 1680 rex
1687 1665 1764 1688 quam
1779 1666 1848 1688 papa
1863 1658 1979 1680 studium
1995 1658 2156 1681 cadomense

287 1700 470 1728 protexerunt;
488 1698 544 1729 jum
561 1698 654 1722 Octob.
673 1699 701 1721 13
717 1698 748 1722 de
764 1699 923 1730 quibusdam
939 1699 1088 1731 privilegiis
1104 1708 1119 1723 a
1138 1708 1208 1731 papa
1225 1700 1432 1723 Cudmneusibus
1453 1701 1478 1723 in
1498 1701 1691 1732 praejudicium
1710 1702 1896 1725 Universitatis
1917 1702 2000 1726 Paris.
2022 1703 2154 1726 concessis

288 1742 418 1773 agebatur
434 1743 469 1773 (p.
486 1743 541 1772 820,
556 1743 595 1771 42,
612 1746 638 1766 et
652 1746 706 1767 not.
723 1745 745 1772 5,
768 1745 801 1773 (3).
820 1744 919 1767 Revera
934 1744 1057 1767 Nicolaus
1074 1745 1093 1767 V
1106 1753 1149 1767 an.
1164 1745 1233 1773 1448,
1254 1745 1330 1767 Febr.
1347 1746 1385 1773 27,
1406 1745 1508 1770 statuit.
1526 1749 1553 1768 ut
1572 1746 1705 1769 studentes
1723 1746 1897 1769 Cadomenses
1916 1748 2031 1770 rotulum
2047 1748 2155 1770 coniice-

287 1789 346 1810 rent
364 1790 389 1810 et
407 1787 440 1810 ad
460 1795 515 1810 cur.
532 1787 605 1811 Rom.
624 1788 843 1817 transmitterent,
859 1788 1034 1819 concedendo,
1050 1792 1079 1812 ut
1094 1789 1182 1812 nullus
1204 1789 1271 1812 alius
1287 1793 1392 1820 praeter
1408 1798 1451 1813 eos
1468 1790 1500 1813 ad
1518 1790 1600 1821 petita
1616 1791 1743 1814 beneficia
1763 1791 1883 1814 vacantia
1899 1792 2002 1815 duobus
2018 1792 2153 1815 mensibus

287 1831 321 1854 ab
336 1831 393 1863 ipso
412 1831 558 1863 designatis
574 1832 757 1856 admitteretur
774 1834 846 1864 (Reg.
859 1834 926 1862 Vnt„
942 1838 971 1856 11Ο
982 1834 1035 1864 406,
1048 1834 1093 1858 fol.
1107 1834 1186 1864 2681)).

286 2016 431 2054 2663.
454 2026 590 2061 Magistri
605 2031 734 2062 regentes
749 2027 902 2062 facultatis
918 2028 1080 2055 medicinae
1095 2038 1143 2056 an.
1159 2030 1290 2057 1450-51.

1521 2074 1597 2103 7450,
1612 2074 1737 2103 Movemb.,
1753 2074 1866 2099 Parisiis.

374 2122 527 2155 Nomina
547 2123 751 2168 regentium
776 2135 782 2156 :

374 2222 447 2255 Mag.
464 2221 612 2248 Johannes
627 2223 836 2256 Lengrenays‘.
1321 2225 1393 2258 Mag.
1412 2225 1587 2250 Guillelmus
1602 2225 1637 2251 de
1653 2225 1743 2258 Algia.

391 2285 424 2289 —
461 2271 604 2297 Robertus
620 2272 760 2298 Poitevin.
1339 2289 1362 2292 —
1410 2274 1585 2300 Guillelmus
1599 2274 1635 2300 de
1650 2275 1778 2301 Camcra.

390 2333 426 2338 —
462 2319 610 2346 Johannes
624 2321 774 2354 Tiphaine.
1337 2338 1372 2342 —-
1410 2323 1511 2349 Petrus
1524 2323 1638 2349 Pilati-e.

390 2383 423 2387 —
462 2369 563 2395 Petrus
577 2369 613 2395 de
628 2370 780 2396 Chasciaco
787 2370 807 2396 2.
1337 2387 1372 2390 ——
1408 2372 1555 2398 Johannes
1569 2372 1719 2398 Johaunis.

388 2433 424 2436 —
461 2418 679 2451 Inguerrandus
691 2420 727 2446 de
742 2420 866 2446 Parenti.
1337 2437 1372 2440 —-
1408 2421 1555 2447 Johannes
1570 2421 1710 2455 Episcopi.
1899 2422 1954 2458 [10]

377 2505 521 2529 comment.
537 2507 586 2529 sac.
603 2506 680 2534 med..
698 2507 731 2537 11,
746 2516 772 2538 p.
790 2507 843 2531 101.
857 2522 887 2525 -
902 2508 966 2531 Nuv.
982 2509 994 2530 7
1008 2508 1122 2531 decanus
1140 2508 1273 2531 facultatis
1288 2509 1387 2531 electus
1402 2512 1441 2532 est
1453 2509 1585 2532 ,lohannes
1603 2509 1737 2540 Episcopi.

376 2551 424 2573 An.
440 2550 508 2578 1451,
525 2551 590 2574 Nov.
605 2552 628 2579 8,
644 2551 763 2575 Johanne
778 2552 902 2584 Episcopi
917 2553 1069 2576 continuato
1083 2553 1191 2583 decanoy
1204 2554 1309 2576 eosdem
1325 2562 1395 2584 mag.
1412 2557 1531 2585 regentes
1547 2554 1704 2583 invenimus,
1718 2558 1824 2585 praeter
1839 2555 1944 2578 Petrum
1959 2555 1990 2579 de
2004 2556 2147 2579 Chasciaco

281 2597 307 2617 et
318 2594 465 2617 Johannem
480 2595 617 2625 Johannis,
634 2596 723 2619 addito
737 2600 824 2620 autem
840 2597 935 2620 Karolo
951 2598 983 2621 ‹le
998 2598 1150 2629 Mauregart
1166 2598 1250 2628 (ibid.‚
1265 2607 1291 2628 p.
1308 2599 1371 2626 107).

375 2678 399 2703 1.
416 2679 474 2702 Fuit
489 2681 638 2712 presbyter,
654 2686 740 2706 rector
752 2683 861 2712 paroch.
878 2683 941 2707 eccl.
956 2683 986 2705 de
1003 2683 1114 2712 Bal-cho,
1132 2682 1283 2707 Ebroicens.
1301 2682 1393 2712 dioec„
1407 2691 1465 2705 cum
1482 2691 1523 2706 an.
1541 2683 1610 2711 1451,
1625 2684 1696 2714 Sept.
1714 2685 1751 2712 28,
1765 2684 1873 2707 Nicolao
1885 2685 1905 2708 V
1918 2686 2082 2716 supplicaret
2096 2694 2145 2716 pro

281 2723 333 2746 alio
348 2723 543 2755 incompatibili
558 2726 699 2750 obtinendo
713 2728 818 2759 (Suppl.
831 2728 913 2751 Nicol.
926 2728 954 2757 V,
969 2732 997 2750 no
1009 2729 1064 2758 447,
1080 2728 1124 2751 sol.
1139 2728 1189 2758 75).
1204 2728 1331 2751 Ultimum
1347 2736 1389 2751 an.
1404 2728 1472 2756 1451,
1488 2728 1561 2756 Nov.‚
1576 2728 1643 2751 inter
1658 2732 1778 2759 regentes
1796 2733 1964 2754 memoratur.
1982 2730 2044 2761 Ejus
2058 2730 2146 2754 obitus

281 2767 306 2790 in
331 2768 480 2792 scholarum
498 2770 595 2793 sacello
616 2771 672 2794 Oct.
690 2773 719 2794 24
739 2772 879 2803 quotannis
901 2773 1049 2795 celebratus
1072 2775 1119 2799 cst,
1138 2776 1162 2795 et
1183 2772 1223 2795 die
1246 2772 1364 2803 sequenti
1385 2772 1474 2795 missa.
1493 2772 1540 2801 (Cf.
1564 2773 1646 2797 Ritus
1662 2777 1687 2797 et
1709 2780 1780 2798 usus
1801 2776 1856 2804 sac.
1879 2776 1961 2803 meet,
1977 2776 2046 2806 1751,
2068 2785 2095 2807 p.
2112 2779 2145 2806 5.)

281 2813 487 2836 Instrumentum
503 2823 553 2845 quo
565 2815 625 2839 Joh.
637 2817 796 2847 Lengrenais
814 2825 857 2840 xix
873 2818 921 2840 sol.
934 2817 1013 2840 annui
1030 2817 1148 2839 redditus
1162 2825 1209 2848 pr«)
1224 2817 1269 2839 illo
1283 2817 1355 2839 obitu
1372 2817 1470 2847 legavit
1483 2825 1493 2839 t(
1506 2817 1529 2839 le
1545 2818 1644 2840 samedi
1662 2819 1726 2841 feste
1739 2819 1771 2841 de
1785 2819 1810 2842 S.
1824 2820 1884 2848 Luc,
1898 2820 1925 2842 18
1937 2820 2049 2844 Oetobre
2062 2822 2121 2844 1449
2134 2830 2144 2844 ))

280 2861 402 2880 servatur
424 2858 449 2881 in
471 2859 548 2883 Arch.
573 2864 626 2883 nat.
652 2861 746 2892 Paris.‚
768 2862 791 2885 M
813 2863 850 2890 70,
874 2867 902 2885 n⁰
925 2863 961 2886 14.
986 2876 1017 2880 —
1040 2862 1063 2886 2.
1081 2862 1136 2885 Non
1159 2861 1339 2885 nominabitur
1359 2861 1474 2892 amplius
1497 2862 1588 2884 Petrus
1605 2863 1636 2885 de
1654 2863 1750 2894 Chaey,
1768 2872 1860 2888 canon.
1878 2865 1972 2895 Paris.y
1991 2866 2036 2897 qui
2052 2867 2145 2889 saltem

279 2909 322 2925 an.
338 2903 439 2925 1431)-35
453 2904 565 2935 negotiis
582 2905 758 2929 bibliothecae
773 2907 882 2930 Nostrae
900 2907 1024 2930 Dominae
1041 2910 1190 2930 vacaverat.
1207 2907 1244 2931 Cs.
1262 2907 1412 2935 mexmx,
1429 2906 1586 2931 Anciemzcs
1600 2907 1723 2931 biblioth.
1740 2909 1772 2931 dc
1786 2909 1878 2938 Paris,
1896 2910 1914 2939 1,
1932 2918 1958 2940 p.
1975 2911 2012 2934 52.
