2502 3418
271 430 331 453 2285

270 488 331 510 2286

271 545 330 568 2287

270 647 330 669 2288

270 749 330 771 2289

269 851 330 872 2290

269 908 327 930 2291

270 966 329 988 2292

270 1024 330 1046 2293

300 1126 330 1148 Ξ

284 1414 297 1436 ¹0
284 1356 297 1378 10
269 1299 313 1321 Ξ
285 1241 298 1263 10
269 1184 298 1206 ig
269 1126 298 1148 lg

317 1299 328 1321 xl

299 1415 313 1436 Ψ

315 1415 329 1436 Φ

269 1356 282 1378 Μ
269 1241 282 1263 NJ

299 1357 329 1378 ἓ
300 1184 330 1263 33

269 1414 282 1436 ΙΨ

268 1516 329 1538 2300

269 1618 327 1640 2301

269 1676 330 1698 2302

270 1735 330 1756 2303

269 1836 330 1859 2304

269 1939 329 1961 2305

268 2041 329 2063 2306

268 2099 328 2121 2307

268 2201 329 2223 2308

269 2260 329 2282 2309

269 2317 330 2340 2310

268 2420 328 2442 2311

269 2523 329 2545 2312

269 2625 330 2647 2313

270 2683 330 2705 2314

270 2740 331 2763 2315

271 2794 332 2816 2316

406 429 472 455 1426

366 1123 512 1149 1426-1427

406 1181 472 1207 1427

365 2621 514 2647 1427-1428

409 2679 474 2706 1428

560 430 714 453 Novembris
730 432 744 453 6

623 501 651 505 —-
715 489 743 511 24

624 559 653 563 —
689 546 744 568 6-29

547 648 608 679 Apr,
625 648 712 671 5-Dec.
728 648 757 670 26

553 749 703 772 Decembris
719 750 745 772 21

562 851 623 874 Post
636 852 696 877 Dec.
713 852 740 875 21

576 909 697 932 Januarii
712 911 726 933 9

619 981 648 984 -·
712 969 726 991 9

572 1025 684 1056 Augusti
700 1026 728 1047 22

575 1127 729 1158 Now-Sept.

576 1184 729 1215 Septembre

561 1299 625 1323 Nov.
640 1299 744 1323 ineunte

550 1357 705 1380 Novembris
722 1358 751 1380 12

614 1429 645 1433 -
722 1416 750 1439 27

553 1518 703 1541 Decembris
720 1519 748 1541 29

570 1620 691 1643 Januarii
704 1621 733 1643 12

558 1678 695 1701 Februarii
707 1680 746 1701 3-7

569 1735 706 1758 Februarii
723 1737 736 1759 7

618 1852 649 1856 —
707 1839 736 1861 12

586 1940 674 1963 Martii
691 1941 719 1963 15

611 2043 719 2060 -oo

690 2058 719 2065 ...-

613 2114 641 2118 —-
690 2101 719 2123 25

611 2216 642 2219 —
666 2203 737 2225 29-30

592 2260 664 2283 Junii
680 2260 709 2282 14

614 2331 645 2335 -·
681 2318 711 2340 30

575 2419 686 2450 Augusti
700 2420 728 2442 12

548 2522 710 2553 Septembris
729 2522 757 2545 12

578 2624 728 2655 Now-Sept.

577 2682 731 2712 Septembre

580 2797 702 2820 Octobris
717 2798 726 2820 1

1120 312 1287 334 TABULA.
2072 304 2135 337 767

787 430 907 461 Magistri
921 434 1042 462 regentes
1056 430 1082 453 in
1099 431 1222 453 facultate
1235 430 1380 453 medicinae
1393 438 1435 453 un.
1452 431 1587 453 1426-1427
1604 448 2048 455 ..................
2093 433 2137 455 461

787 488 896 511 Carolus
910 488 955 511 Vll
971 488 1073 510 bullam
1089 487 1194 511 Martini
1208 488 1228 510 V
1241 488 1327 519 quoad
1342 487 1508 519 provisiones
1525 488 1711 511 beneficiorum
1729 489 1859 519 approbat
1864 506 2047 512 ........
2093 490 2138 512 461

787 547 815 568 In
830 545 946 577 capitulo
962 545 1045 570 Paris.
1070 553 1150 568 causa
1172 545 1306 569 Guillelmi
1326 545 1424 577 Vigner
1439 545 1603 576 aliorumque
1623 546 1809 576 sortilegorum
1828 546 2048 570 incarceratorum

817 590 905 621 agitur
909 606 2049 614 .............................................
2095 592 2139 614 461

787 647 951 671 Universitas
967 647 1080 670 Martino
1093 648 1114 670 V
1129 647 1230 678 gratias
1245 647 1309 678 agit,
1326 648 1395 679 quod
1412 656 1460 678 per
1477 647 1612 670 Julianum
1629 647 1660 670 de
1673 647 1806 671 Cesarinis
1822 648 1962 678 epistolam
1976 648 2050 670 misc-

817 692 863 722 rit3
880 692 946 723 petit
960 692 1156 715 concessionem
1171 692 1343 715 articulorum
1359 692 1391 715 ad
1404 700 1502 723 papam
1516 692 1657 715 missorum
1661 709 2049 716 ................
2096 694 2141 715 462

786 750 951 773 Universitas
968 750 1102 781 supplicat
1117 751 1228 774 Martino
1244 751 1274 778 Vv
1295 753 1323 773 ut
1338 750 1389 773 sibi
1406 750 1509 781 judiees
1529 750 1555 772 in
1578 749 1684 773 civitate
1699 750 1783 773 Paris.
1805 758 1853 780 pro
1869 749 1990 772 omnibus
2012 750 2049 772 in-

817 794 923 818 stantiis
939 795 1095 824 constituat;
1112 795 1215 826 aliaque
1230 788 1295 826 petit
1298 811 2051 819 ..............................
2097 795 2143 817 463

787 852 953 876 Universitas
969 853 1089 884 queritur
1104 853 1198 884 gratiis
1215 852 1347 875 concessis
1362 860 1377 875 a
1392 860 1462 883 papa
1476 852 1622 883 suppositis
1638 852 1751 875 multum
1766 852 1887 883 derogari
1893 869 2052 875 .......
2097 852 2143 874 464

787 910 909 941 Magistri
924 914 1045 942 regentes
1064 910 1090 933 in
1107 911 1231 933 facultate
1247 910 1411 933 decretorum
1423 926 2051 934 .........................
2098 910 2143 932 465

786 969 883 991 Paulus
896 968 998 991 Nicolai
1014 968 1045 991 de
1059 968 1199 991 Sclavonia
1212 968 1238 991 in
1254 967 1420 991 Parlamento
1436 970 1527 990 contra
1539 967 1745 991 Universitatem
1763 975 1870 991 causam
1885 967 1941 998 agit
1944 984 2052 992 .....
2098 967 2144 989 465

788 1026 951 1049 Universitas
968 1034 983 1049 a
997 1026 1071 1049 curia
1086 1026 1246 1049 Parlamenti
1266 1026 1377 1057 requirit
1391 1026 1522 1049 Robinum
1538 1026 1562 1048 Ie
1583 1025 1676 1048 Tardis
1689 1029 1751 1048 tunc
1766 1025 1792 1048 in
1808 1025 1992 1056 Conciergeria
2007 1025 2054 1048 de-

817 1074 917 1093 tentum
921 1087 2051 1094 .............................................
2098 1069 2144 1091 466

787 1128 915 1151 Cursores
933 1128 960 1151 in
977 1128 1101 1151 facultate
1115 1127 1265 1158 theologiae
1268 1144 2051 1152 ...............................
2098 1127 2144 1149 466

788 1185 956 1209 Sententiarii
971 1188 996 1208 et
1011 1185 1106 1208 Biblici
1124 1185 1286 1208 Parisienses
1294 1201 2052 1208 ..............................
2098 1185 2143 1207 467

787 1243 908 1274 Magistri
921 1246 1043 1274 regentes
1059 1243 1085 1266 in
1102 1243 1226 1266 facultate
1243 1242 1392 1273 theologiae
1396 1259 2052 1267 ..........................
2098 1242 2143 1264 467

787 1300 908 1332 Magistri
926 1303 1046 1332 regentes
1063 1300 1089 1323 in
1106 1300 1230 1323 facultate
1245 1300 1389 1323 medicinae
1403 1308 1445 1323 an.
1464 1300 1602 1322 1427-1428
1606 1317 2051 1323 ..................
2098 1301 2144 1323 468

788 1359 938 1381 Bernardus
954 1358 1054 1387 Nivart,
1071 1366 1142 1389 mag.
1158 1366 1252 1388 regens
1268 1357 1294 1380 in
1310 1359 1360 1381 fac.
1378 1357 1481 1385 medic.⁷
1499 1357 1677 1380 incarceratus
1686 1374 2051 1381 ...............
2097 1358 2143 1380 468

787 1417 856 1447 Mag.
876 1416 936 1440 Joh.
961 1417 985 1439 lc
1007 1416 1104 1447 Galoys
1123 1415 1284 1445 licentiatus,
1301 1415 1362 1447 quia
1378 1423 1428 1437 non
1444 1415 1585 1446 complevit
1601 1415 1715 1446 quinque
1737 1423 1819 1438 annos
1839 1415 1907 1438 inter
1926 1415 2052 1438 lecturam

819 1461 1012 1484 Sententiarum
1025 1464 1051 1484 et
1062 1460 1206 1487 licentiam,
1220 1460 1316 1483 iterum
1331 1460 1398 1491 petit
1410 1463 1435 1482 et
1452 1459 1552 1482 obtinet
1567 1459 1700 1482 licentiam
1713 1460 1738 1482 in
1754 1459 1886 1490 theologia
1890 1477 2051 1484 .......
2097 1460 2143 1483 468

786 1519 851 1542 Cum
865 1518 988 1541 Nicolaus
1004 1518 1104 1541 Hubert
1119 1518 1240 1541 Colinum
1253 1518 1276 1540 lc
1293 1518 1387 1540 Breton
1403 1517 1531 1548 d'Origny
1548 1517 1668 1548 patibulo
1684 1517 1875 1548 suspendisset,
1888 1517 2053 1541 Universitas

817 1571 862 1586 ore
876 1563 1004 1586 Johannis
1021 1563 1155 1593 Beaupere
1168 1562 1194 1585 in
1208 1562 1281 1585 curia
1296 1562 1456 1585 Parlamenti
1469 1561 1535 1593 petit
1550 1562 1687 1585 Nicolaum
1701 1562 1790 1592 puniri
1794 1579 2052 1586 ...........
2098 1563 2144 1584 470

788 1621 924 1644 Lieentiati
939 1621 965 1643 in
982 1621 1106 1643 facultate
1121 1620 1270 1651 theologiae
1274 1636 2052 1643 ...............................
2098 1620 2144 1642 470

788 1678 952 1702 Universitas
969 1679 1077 1702 Romam
1096 1678 1203 1701 Urbano
1219 1678 1240 1700 V
1255 1677 1335 1700 mittit
1350 1680 1449 1700 statuta
1464 1685 1523 1699 cum
1542 1677 1735 1708 supplicatione
1739 1694 2052 1702 .............
2098 1677 2141 1699 471

787 1737 846 1760 Fac.
872 1736 1027 1766 medicinae,
1046 1739 1150 1767 petente
1170 1736 1235 1758 duce
1255 1735 1419 1762 Bedfordiae.
1440 1738 1492 1758 tres
1511 1743 1593 1757 annos
1612 1734 1692 1757 studii
1712 1735 1738 1757 in
1760 1735 1937 1758 Universitate
1958 1735 2053 1759 Canta-

817 1781 891 1804 briae
906 1781 1006 1812 peracti
1018 1789 1067 1812 pro
1081 1789 1132 1803 uno
1148 1783 1173 1803 et
1185 1779 1293 1803 dimidio
1306 1779 1420 1803 Johanni
1436 1780 1491 1802 Kun
1506 1779 1615 1810 Anglico
1630 1782 1765 1810 computat
1768 1796 2052 1803 ............
2097 1780 2141 1802 471

787 1839 910 1863 Nicolnus
925 1839 1017 1867 Amici,
1031 1841 1174 1869 temptator
1188 1838 1409 1861 licentiandorum
1425 1837 1450 1860 in
1464 1837 1566 1860 artibus
1582 1837 1607 1860 in
1624 1837 1741 1860 examine
1758 1837 1783 1860 S.
1800 1838 1956 1866 Genovesae,
1970 1838 2053 1860 incas-

818 1892 876 1907 sum
892 1884 1013 1907 obstante
1030 1883 1125 1906 abbate
1143 1883 1170 1906 S.
1184 1882 1340 1911 Genovesae,
1356 1890 1370 1905 a
1384 1882 1549 1905 Parlamento
1566 1882 1591 1904 in
1608 1890 1714 1904 munere
1732 1890 1779 1904 suo
1794 1885 1974 1905 conservatur.
1995 1900 2001 1905 .
2020 1900 2026 1905 .
2046 1899 2051 1905 .
2097 1882 2143 1904 472

788 1942 915 1965 Ilenricus
930 1942 1042 1972 Tybout,
1052 1940 1201 1972 presbyter,
1215 1949 1285 1971 mag.
1299 1940 1403 1970 medic.⁷
1413 1939 1525 1962 Martino
1539 1940 1559 1962 V
1571 1939 1713 1970 supplicat,
1727 1943 1755 1962 ut
1771 1948 1870 1970 regere,
1883 1940 1979 1971 legere,
1993 1944 2051 1967 etc„

818 1987 904 2017 quoad
918 1986 1019 2014 vixerit,
1037 1986 1123 2017 possit
1125 2001 2051 2009 .....................................
2097 1984 2142 2006 472

787 2044 926 2067 Liccntiati
942 2044 969 2066 in
986 2044 1111 2067 facultate
1126 2043 1270 2066 medicinae
1274 2058 2051 2066 ...............................
2097 2042 2143 2063 473

787 2102 909 2126 Facultas
928 2102 1008 2125 theol.
1023 2101 1134 2124 Mat-tino
1153 2101 1172 2124 V
1192 2100 1260 2123 inter
1275 2100 1327 2123 alia
1347 2099 1489 2131 supplicat,
1512 2102 1540 2122 ut
1554 2099 1711 2122 cancellaria
1726 2100 1852 2122 ecclesiae
1866 2100 1950 2123 Paris.
1967 2100 2051 2123 solum

817 2147 947 2178 graduato
963 2146 989 2169 in
1004 2147 1052 2169 fac.
1068 2146 1146 2169 theol.
1163 2146 1315 2168 conferatur
1318 2161 2050 2168 .............................
2097 2144 2142 2165 473

786 2204 925 2228 Licentiati
938 2204 964 2226 in
980 2203 1105 2227 facultate
1120 2203 1284 2226 decretorum
1295 2218 2050 2230 ..............................
2096 2201 2142 2223 474

787 2262 945 2286 Doctorizati
961 2261 987 2284 in
1006 2262 1130 2284 facultate
1149 2261 1313 2284 decretorum
1322 2276 2050 2283 .............................
2096 2259 2142 2281 476

787 2320 898 2344 Martino
912 2320 934 2343 V
948 2319 1082 2350 supplicat
1096 2319 1169 2341 Anna
1184 2318 1215 2341 de
1235 2317 1399 2349 Burgundia,
1415 2316 1572 2340 Bedfordiae
1587 2316 1700 2344 ducissa,
1717 2319 1745 2339 ut
1758 2317 1818 2340 Joh.
1835 2317 1969 2346 Germani,
1988 2326 2052 2341 eon-

818 2365 935 2388 siliarius
950 2372 1023 2393 suuS‚
1037 2372 1088 2386 non
1104 2363 1224 2386 obstante
1238 2365 1346 2391 statuto,
1362 2362 1469 2384 ultimos
1483 2364 1556 2384 actus
1572 2361 1698 2392 perficere
1712 2361 1811 2392 possit.
1836 2378 2051 2385 .........
2096 2361 2142 2383 476

787 2423 910 2446 Bedellus
928 2422 1061 2445 facultatis
1079 2421 1159 2444 theol.
1180 2420 1261 2443 tradit
1276 2419 1396 2442 Michaeli
1418 2418 1532 2447 IIeberti,
1549 2419 1652 2441 scribae
1669 2418 1866 2448 Universitatis,
1882 2420 1911 2442 16
1928 2420 1986 2448 sol.y
2003 2428 2051 2451 pro

817 2466 1037 2490 instructionibus
1056 2469 1081 2489 et
1095 2465 1191 2488 litteris
1210 2464 1344 2487 mittendis
1361 2464 1394 2486 ad
1414 2463 1514 2486 curiam
1534 2464 1677 2486 Romanam
1682 2480 2050 2488 ...............
2096 2463 2142 2485 476

787 2525 916 2548 Martinus
929 2525 950 2547 V
965 2524 998 2547 ad
1011 2524 1166 2555 episcopum
1179 2522 1331 2550 parisiens„
1346 2525 1375 2544 ut
1387 2522 1463 2544 Petro
1478 2521 1509 2543 de
1524 2521 1648 2551 Dierreyo
1661 2524 1686 2543 et
1699 2520 1839 2544 Guillelmo
1852 2522 1955 2551 Erardi,
1971 2522 2052 2553 magi-

819 2569 881 2593 stris
895 2569 987 2598 theol.,
1003 2568 1151 2591 committat
1165 2566 1284 2589 licentias
1301 2566 1473 2589 conferendas
1486 2565 1512 2588 in
1531 2565 1707 2588 Universitate
1711 2582 2050 2590 ..............
2096 2565 2143 2587 476

788 2628 915 2651 Cursorcs
929 2627 955 2649 in
973 2627 1096 2649 facultate
1109 2625 1258 2655 theologiae
1271 2639 2051 2648 ...............................
2096 2622 2141 2644 477

789 2685 957 2709 Sententiarii
973 2687 997 2707 et
1012 2683 1106 2706 Biblici
1122 2682 1298 2705 Parisienses.
1323 2697 2050 2706 .............................
2096 2680 2141 2702 478

788 2742 909 2774 Magistri
927 2745 1047 2773 regentes
1063 2741 1090 2763 in
1106 2741 1230 2763 facultate
1245 2738 1393 2769 theologiae
1401 2752 1411 2761 .>
1426 2755 2050 2764 .........................
2096 2738 2141 2759 478

789 2797 850 2820 Fac.
868 2796 949 2819 theol.
966 2796 1073 2818 Petrum
1089 2794 1120 2817 de
1136 2793 1276 2817 Cherriaco
1292 2793 1325 2815 ad
1341 2791 1480 2823 legendam
1497 2790 1611 2814 Bibliam
1632 2790 1754 2820 admittit,
1768 2791 1908 2814 dummodo
1924 2793 2050 2823 quasdam

819 2840 1016 2872 propositiones
1031 2848 1060 2862 ac
1074 2846 1208 2862 sermones
1224 2840 1328 2860 revocet
1331 2852 1870 2860 ......................
1889 2857 1894 2861 .
1915 2854 2049 2862 ......
2096 2840 2142 2862 479
