2502 3418
401 313 462 344 164
976 325 1296 346 CHARTULARtUM
1332 326 1521 346 uuivizns.
1562 326 1688 346 inmitis⁵
2162 314 2261 350 [1409

399 396 594 441 dempnare
616 397 782 437 abusum,
806 405 840 430 et
871 411 942 430 non
959 399 1033 442 juri
1055 399 1283 431 dominorum
1315 406 1519 431 curatorum
1551 399 1741 431 detrahere
1764 411 1874 443 super
1902 396 2112 444 receptione
2139 407 2174 433 et
2193 413 2260 433 usu

398 462 497 495 licito
538 463 770 505 deeimarum,
808 465 902 497 sicut
940 465 1097 497 arbitror
1127 472 1272 497 sanctos
1308 466 1477 498 doctores
1517 478 1609 510 quos
1650 465 1804 510 allegavi
1839 466 2047 510 intelligere
2082 467 2259 500 voluisse.

398 530 562 574 Denique
591 531 620 562 si
651 531 767 575 aliqua
799 531 1010 575 protulerim
1041 532 1098 564 vel
1129 532 1338 576 scripserim
1369 544 1439 576 que
1467 532 1658 564 videantur
1687 532 1861 576 predictis
1887 533 2079 574 contraria,
2106 533 2164 567 vel
2191 546 2261 579 que

397 596 500 629 aliter
517 604 659 641 accepta
682 598 766 637 sint,
790 598 874 630 nolo
896 598 931 630 in
953 598 1006 630 eis
1028 605 1136 639 stare,
1154 598 1218 631 sed
1235 598 1317 630 volo
1340 605 1375 631 et
1395 598 1560 643 supplico
1578 598 1702 631 haberi
1724 611 1789 643 pro
1810 611 1883 631 non
1900 599 2007 632 dictis
2027 599 2085 632 vel
2101 601 2259 645 scriptis,

398 669 432 695 ct
452 663 519 695 alia
541 675 768 708 quecumque
790 676 859 708 que
880 665 1092 697 viderentur
1112 664 1267 709 prebere
1288 665 1516 697 occasionem
1540 665 1701 697 scandali
1723 665 1779 698 vel
1801 666 1950 698 erroris.
1971 679 1986 696 »

487 731 538 762 De
559 737 593 762 et
614 742 724 775 super
745 743 812 775 qua
839 731 1075 763 conclusione
1100 743 1164 774 per
1187 731 1322 764 dictum
1350 731 1535 763 dominum
1562 731 1818 764 cancellarium
1848 732 1938 765 facta
1967 739 2002 765 et
2031 745 2096 778 per
2125 733 2259 766 dictum

397 796 539 828 fratrem
572 796 770 830 Johannem
801 797 843 830 de
871 797 1040 830 Gorrello
1062 798 1284 830 licentiatum
1312 805 1506 843 acceptata,
1536 798 1630 830 idem
1659 798 1829 831 dominus
1856 799 2095 833 cancellarius
2121 801 2225 845 petiit
2244 813 2261 833 a

397 874 452 894 mc
475 863 613 896 notario
636 863 782 908 publico
805 864 1013 909 subscripto
1031 864 1101 897 sibi
1123 864 1201 897 fieri
1219 871 1253 897 et
1274 865 1403 897 confici
1422 864 1607 909 publicum
1626 865 1921 907 instrumentum,
1941 878 2051 899 unum
2069 873 2129 899 aut
2145 867 2259 912 plura,

397 929 630 973 presentibus
659 930 701 962 ad
731 930 796 963 hec
822 931 1094 964 venerabilibus
1121 938 1155 963 et
1175 931 1451 976 circumspectis
1472 932 1560 965 viris
1582 932 1740 965 dominis
1763 939 1796 965 et
1818 933 2003 978 magistris
2020 935 2125 966 Petro
2142 935 2260 975 Wart,

396 996 584 1029 Gauss'rido
610 997 829 1037 Lattacliei¹⁴,
857 997 1054 1031 Guillelmo
1081 998 1125 1030 de
1153 998 1304 1032 Bevilla.
1332 998 1496 1031 Johanne
1523 998 1714 1044 d’Achery,
1738 999 1902 1032 Johanne
1930 999 2076 1040 Mathie,
2103 1000 2261 1034 Mattheo

397 1063 552 1103 Roeder,
573 1064 731 1096 Jordano
754 1065 901 1106 Morini,
919 1071 954 1097 et
967 1064 1133 1098 Johanne
1155 1065 1199 1097 de
1222 1065 1536 1107 Dulcimesnillo⁵,
1561 1078 1703 1098 necnon
1724 1066 1996 1099 venerabilibus
2020 1074 2055 1100 et
2076 1067 2262 1113 religiosis

395 1129 483 1162 viris
501 1130 659 1163 dominis
681 1137 715 1163 et
736 1132 921 1175 magistris
938 1132 1149 1177 Arnulpho⁶
1168 1132 1212 1165 de
1235 1134 1359 1173 Fonte,
1383 1133 1533 1166 Ordinis
1550 1133 1698 1165 fratrum
1722 1133 1917 1174 Minorum,
1941 1133 2120 1167 Richardo
2142 1135 2263 1168 Gene-

395 1196 493 1235 ralis,
512 1197 675 1241 ejusdem
698 1198 822 1234 Ordff.
841 1211 879 1231 ac
902 1199 1100 1231 Guillelmo
1122 1199 1166 1231 de
1189 1200 1342 1239 Sanctis,
1362 1200 1512 1232 Ordinis
1534 1201 1682 1232 fratrum
1707 1201 1971 1233 Hereinitarum
1996 1201 2030 1234 S.
2049 1201 2261 1246 Augustini,

395 1269 430 1295 et
445 1263 578 1296 Jacobo
601 1264 645 1296 de
667 1265 834 1307 Liffodio,
858 1266 1021 1310 ejusdem
1040 1266 1203 1307 Ordinis,
1223 1266 1395 1299 omnibus
1412 1279 1513 1299 sacre
1532 1266 1717 1312 theologie
1739 1267 2027 1312 professoribus,
2046 1268 2201 1302 testibus
2218 1268 2261 1302 ad

396 1331 573 1374 premissa
594 1332 730 1365 vocatis
751 1333 960 1377 specialiter
976 1340 1011 1366 et
1027 1334 1177 1378 rogatis.

486 1399 528 1430 Et
548 1410 617 1443 ego
637 1398 823 1432 Johannes
849 1400 1016 1433 Mancion
1043 1401 1276 1441 parisiensis,
1300 1400 1469 1445 publicus
1497 1401 1696 1446 apostolica
1720 1402 1933 1435 auctoritate
1961 1403 2139 1443 notarius,
2163 1403 2261 1448 prin·-

394 1464 594 1509 cipalisque
611 1465 778 1499 bedellus
799 1467 979 1500 facultatis
1001 1467 1184 1512 theologie
1202 1467 1313 1500 studii
1335 1468 1566 1509 l’arisionsis,
1590 1469 1672 1513 quia
1691 1469 1869 1513 premisse
1890 1470 2132 1511 conclusioni,
2150 1475 2213 1503 etc.

492 1565 732 1593 Bibl.nnt.1'aris.‚
747 1573 811 1588 mss.
827 1565 873 1588 lat.
887 1566 957 1594 3126,
972 1565 1016 1589 sol.
1029 1566 1074 1594 813
1092 1566 1235 1595 111002‚tol.
1252 1567 1306 1595 284,
1318 1574 1393 1597 equo
1406 1574 1487 1597 supra
1503 1566 1652 1598 inscriptio.
1664 1581 1693 1584 —
1708 1567 1784 1597 Bur„
1798 1568 1826 1596 V,
1842 1568 1900 1596 189;
1915 1567 2101 1597 D‘Ancmrnss,
2118 1568 2150 1598 lb,
2166 1577 2193 1600 p.
2206 1568 2260 1598 179,

392 1611 470 1634 ambo
486 1619 545 1633 cum
559 1609 710 1633 nominibus
728 1609 838 1633 vitiatis.

483 1695 506 1719 1.
525 1703 536 1718 «
550 1694 631 1717 studii
701 1694 818 1717 Navarra
836 1702 846 1717 γ»
863 1702 914 1717 om.
931 1702 981 1717 mS.
998 1694 1158 1719 14902.—2.
1172 1695 1245 1718 Idem
1261 1703 1290 1717 ac
1303 1695 1436 1718 Johannes
1453 1696 1484 1718 de
1500 1696 1617 1719 Corrello
1632 1697 1670 1725 (ut
1685 1696 1842 1728 quandoque
1857 1697 1936 1720 etiam
1953 1705 2001 1720 ms.
2018 1697 2088 1726 3126,
2105 1706 2129 1720 v.
2146 1705 2172 1728 g.
2187 1697 2233 1721 fol.
2246 1688 2260 1720 1,

390 1743 415 1763 et
427 1740 455 1762 81
470 1739 571 1768 scribit)
587 1739 650 1762 Ord.
667 1738 739 1767 Min.5
756 1738 781 1761 in
797 1739 877 1762 theol.
892 1747 973 1770 mag„
990 1739 1035 1770 qui
1051 1747 1092 1762 an.
1111 1739 1181 1769 1412,
1197 1739 1261 1767 Jul„
1278 1739 1304 1762 in
1320 1740 1393 1763 curin
1408 1741 1480 1763 Rom.
1497 1741 1651 1764 morabatur
1667 1744 1693 1764 et
1708 1749 1723 1764 n
1735 1749 1806 1772 papa
1821 1741 1854 1764 ad
1870 1741 2055 1773 magisterium
2072 1742 2260 1765 conserendum

389 1785 492 1808 Matheo
508 1783 608 1807 Deserti
625 1783 710 1814 ejusd.
729 1783 802 1811 Ord.y
819 1783 876 1806 hac.
893 1785 1006 1806 formato
1019 1784 1115 1813 Paris„
1128 1784 1271 1815 deputatus
1288 1788 1345 1808 erat
1357 1785 1431 1816 (ch.
1447 1785 1502 1809 Lat.
1518 1785 1577 1808 Joh.
1595 1786 1686 1816 XXIII,
1704 1790 1732 1808 n⁰
1747 1786 1801 1816 166,
1819 1786 1863 1810 sol.
1880 1786 1958 1816 251h).
1979 1800 2005 1804 —
2027 1786 2050 1811 3.
2064 1787 2127 1810 Mss.
2141 1795 2148 1811 :
2166 1795 2177 1809 (t
2191 1786 2259 1810 reci-

390 1832 445 1852 tata
462 1837 485 1852 »-
499 1843 530 1846 -
544 1828 568 1853 k.
583 1829 645 1851 Mss.
662 1836 668 1851 :
684 1836 695 1850 «
712 1828 858 1851 Latnncher
875 1837 898 1851 u.
914 1842 944 1846 —
959 1827 983 1852 5.
1001 1829 1066 1852 Edd.
1083 1837 1089 1852 2
1108 1837 1119 1852 «
1135 1829 1297 1853 Vusmenillo
1315 1837 1338 1859 »‚
1352 1833 1377 1853 et
1393 1833 1469 1853 antea
1484 1838 1488 1853 z
1506 1838 1516 1853 t<
1533 1830 1615 1853 Morio
1632 1839 1653 1853 ».
1665 1845 1695 1849 -
1706 1830 1731 1855 6.
1748 1831 1812 1854 Edd.
1830 1839 1836 1855 ε
1854 1839 1866 1854 «
1883 1831 1982 1855 Amelfo
1999 1839 2020 1855 ι).
2037 1845 2067 1849 -
2081 1830 2105 1856 7.
2118 1831 2184 1856 Edd.
2201 1839 2259 1855 eum

391 1873 524 1898 omittunt.

397 1983 537 2021 1865.
564 1992 684 2018 Carolus
701 1993 735 2018 VI
747 1992 900 2026 praelatis,
916 1992 1072 2018 abbatibus
1086 1994 1266 2027 caeterisque
1283 1994 1483 2028 beneficiorum
1492 1994 1678 2020 collatoribus
1694 1994 1823 2028 mandat,
1838 1998 1869 2019 ut
1878 1995 2038 2030 suppositis
2059 1995 2258 2021 Universitatis

480 2042 574 2067 Paris.
593 2041 670 2067 mille
686 2041 824 2075 beneficia
844 2046 1028 2076 reserventur,
1047 2051 1107 2067 cum
1129 2043 1304 2068 L'niversilas
1327 2042 1476 2069 laboribus
1498 2043 1538 2068 ad
1553 2043 1791 2077 exstinguendum
1806 2043 1932 2069 schisma
1952 2048 2094 2079 occupata
2114 2044 2224 2070 nullum
2239 2053 2258 2070 a

481 2091 634 2116 Benedicto
658 2092 734 2120 Xlll„
753 2090 867 2125 quando
887 2100 968 2126 papa
986 2091 1092 2117 electus
1115 2092 1180 2125 suit,
1198 2094 1324 2126 savorem
1345 2092 1472 2128 petieril.
1490 2092 1635 2127 Beneficia
1659 2096 1755 2118 autem.
1771 2101 1846 2127 quae
1865 2096 1989 2128 quatuor
2010 2093 2141 2128 praelati
2161 2085 2258 2129 polius

480 2139 678 2174 familiaribus
694 2140 769 2174 regis
786 2140 958 2175 reginaeque
974 2150 1059 2175 quam
1075 2141 1234 2176 suppositis
1254 2141 1454 2167 Universilatis
1470 2143 1599 2175 conferre
1609 2142 1818 2177 properabant,
1831 2142 1894 2176 jam
1911 2142 2034 2167 vicissim
2050 2143 2099 2168 uni
2114 2142 2259 2176 familiari

482 2193 508 2214 et
524 2189 574 2214 uni
588 2189 734 2225 supposiio
751 2189 902 2214 tribuenda
918 2189 1082 2224 essejubel.
1100 2189 1230 2216 Donni-{1
1248 2191 1334 2219 Paris,
1351 2191 1376 2217 le
1393 2197 1440 2216 xxe
1453 2192 1522 2224 j0ur
1536 2191 1572 2217 de
1587 2191 1660 2217 Mars
1675 2192 1731 2217 l'an
1748 2191 1795 2217 Mil
1810 2192 1899 2217 CCCC
1915 2194 1943 2217 et
1958 2192 2032 2217 huit.
2053 2203 2064 2215 α
2080 2192 2156 2218 Nous
2170 2200 2258 2218 avons

481 2239 611 2265 cutendu
627 2248 651 2264 n.

1603 2277 1680 2306 1409,
1697 2278 1782 2303 Martii
1795 2278 1840 2307 20,
1855 2277 1970 2303 Parisiis.

485 2323 619 2352 Burnzus,
637 2323 665 2351 V,
682 2323 736 2346 186.

397 2422 536 2459 1866.
558 2432 713 2457 Licentiati
727 2432 755 2457 in
766 2431 909 2465 facultate
925 2431 1095 2466 theologiae.

1704 2479 1744 2504 An.
1763 2479 1839 2508 7409,
1855 2479 1970 2505 Parisiis.

639 2560 729 2585 Mense
742 2559 840 2585 Martio
855 2561 918 2585 ante
932 2560 1039 2585 Pascha
1055 2569 1063 2585 .·
1428 2563 1445 2587 F
1449 2570 1471 2587 r.
1489 2563 1629 2589 llenricus
1645 2564 1769 2592 Pistoris,
1786 2564 1995 2597 prebendarius
2011 2563 2037 2589 S.
2057 2563 2184 2589 Victoris.

1425 2612 1496 2644 Mag.
1515 2613 1662 2639 Johannes
1676 2612 1910 2647 1⁴¹0ucquerelly4.

1443 2676 1473 2678 ff
1514 2661 1681 2693 Ayincricus
1694 2662 1729 2687 de
1745 2661 1922 2691 Brusseriis··⁵,
1940 2662 2014 2694 Aug.
2248 2694 2251 2695 ⁷

500 2708 531 2711 ψ
571 2693 670 2718 Simon
687 2694 811 2727 Daynar,
826 2694 936 2720 archid.
953 2694 1190 2727 Pampilonensis.
1443 2724 1475 2727 ῃ
1513 2709 1657 2735 Gerardus
1690 2709 1827 2735 Canonici
1851 2710 1919 2735 alias
1945 2708 2150 2738 Doemherrefl'
2183 2709 2252 2735 Tm-

498 2757 531 2759 —
570 2742 743 2774 noginaldus
758 2743 794 2768 de
810 2742 971 2769 Fontanis'2.

481 2645 551 2675 Mag.
569 2644 691 2669 Jacobus
705 2645 741 2670 de
755 2644 908 2674 Noviano',
926 2645 990 2670 Nav.

1353 2765 1461 2783 verens.
1479 2758 1552 2783 dioc.

498 2805 531 2808 —
570 2791 716 2817 Johannes
731 2792 895 2818 Contarcno
910 2792 946 2818 de
958 2792 1107 2818 Venotiisss.
2003 2794 2041 2827 [8]

486 2879 553 2901 Bibl.
569 2882 621 2901 nat.
639 2879 732 2909 Pau-is„
750 2888 798 2902 ms.
816 2880 860 2903 lat.
875 2882 957 2909 58:37³,
975 2881 1019 2905 sol.
1036 2881 1074 2903 13.
1091 2881 1231 2912 Inscriptio
1249 2882 1272 2904 in
1288 2884 1364 2906 msffl:
1382 2892 1392 2904 (z
1409 2882 1503 2905 Eodem
1521 2891 1588 2905 anno
1602 2883 1691 2912 (1408),
1709 2891 1797 2905 mense
1812 2883 1906 2905 Martio
1921 2885 1981 2905 ante
1996 2882 2095 2905 Pascha
2110 2890 2132 2904 ».
2147 2882 2251 2904 Festum
