2502 3418
234 336 329 371 1409]
578 348 626 368 AB
660 347 766 368 ANNo
802 346 1087 368 mccmixxxxiv
1122 346 1252 373 USQUE
1288 347 1335 367 AD
1370 346 1507 367 ANNUM
1543 346 1748 368 mccccmi.
2034 341 2091 371 163

232 429 296 455 stat
315 428 459 454 curatos
475 433 570 459 esse,
593 421 653 465 qui
670 433 742 453 non
765 427 871 453 erunt
891 420 1113 453 sacerdotes,
1137 421 1223 452 Item
1247 420 1328 464 quia
1350 420 1452 452 locus
1475 420 1710 463 parrochialis
1736 433 1806 453 non
1829 429 1883 454 est
1903 422 1963 455 ille
1985 436 2087 467 quem

232 489 342 534 elegit
363 489 552 526 Dominus,
572 488 772 520 secundum
796 488 947 532 liguram
966 487 1112 531 antique
1134 486 1240 531 legis,
1263 486 1424 530 alioquin
1446 486 1593 518 deberet
1617 486 1690 518 illic
1708 488 1862 527 comedi,
1886 496 1952 520 etc.

320 557 354 588 4⁰
376 554 560 588 Fratribus
590 555 761 599 competit
786 553 1023 599 principalius
1052 553 1109 586 vel
1140 553 1373 585 essentialius
1405 553 1590 597 predicare
1622 560 1656 585 et
1685 555 1937 586 consessiones
1967 556 2091 588 audire

233 634 336 667 quam
367 622 513 654 curatis.
544 621 728 654 Fundatur
757 621 838 666 quia
865 620 1038 653 fratribus
1068 620 1239 664 competit
1273 632 1315 652 ex
1350 619 1487 663 regula.
1523 621 1565 652 Et
1595 619 1663 652 hoc
1692 627 1747 652 est
1774 621 2009 665 principalius
2035 623 2091 655 vel

233 689 466 722 essentialius
493 701 599 733 quam
621 700 663 721 ex
686 695 818 721 statuto
841 687 1018 732 Dyonisii.
1038 689 1127 719 Item
1150 687 1232 731 quia
1254 693 1323 719 stat
1344 686 1441 731 quod
1464 698 1536 718 non
1558 686 1631 719 sint
1652 687 1875 720 sacerdotes.
1900 689 1986 720 Item
2010 689 2091 733 quia

231 755 297 788 hec
318 756 512 788 auctoritas
531 767 538 788 z
558 769 574 787 «
597 756 769 800 Agnosce
790 754 928 788 vultum
951 754 1095 799 pecoris
1117 754 1167 786 tui
1190 767 1206 784 »
1229 765 1301 785 non
1323 753 1541 798 intelligitur
1563 753 1606 785 de
1628 754 1872 787 consessione.

321 824 356 855 5⁰
372 822 515 856 Curatis
532 821 749 855 habentibus
766 821 988 854 sufficienter
1003 821 1148 854 aliunde
1166 832 1238 853 non
1255 820 1338 853 licet
1356 820 1518 864 recipere
1536 820 1693 853 decimas
1709 821 1753 853 ad
1770 833 1874 853 usum
1893 822 2091 865 proprium,

231 901 312 934 ymo
330 889 559 934 sacrilegium
583 889 862 922 committerent.

321 957 398 999 Que
419 956 704 1000 propositiones,
727 967 791 988 seu
812 955 917 996 dicta,
942 955 1079 1000 pluries
1107 966 1170 999 per
1195 954 1386 999 deputatos
1407 954 1571 998 ejusdem
1597 954 1776 987 facultatis
1798 954 1993 1000 diligenter
2014 967 2094 988 exa-

233 1023 364 1055 minate
380 1022 639 1067 judicabantur
659 1034 741 1055 esse
767 1022 979 1067 reparande,
1004 1022 1194 1066 presertim
1217 1033 1296 1054 cum
1328 1021 1498 1053 dominus
1520 1027 1638 1053 rector
1660 1028 1694 1053 et
1715 1021 1816 1054 multi
1839 1022 1882 1054 de
1910 1022 2093 1054 Universi-

232 1095 302 1122 tate
331 1089 437 1122 talem
466 1090 729 1134 reparationem
755 1089 999 1133 requisissent
1025 1089 1061 1120 in
1083 1088 1266 1133 presentia
1288 1088 1382 1120 dicte
1406 1088 1596 1120 facultatis.
1626 1088 1784 1120 Tandem
1813 1089 1973 1133 prefatus
1999 1089 2093 1121 dom.

232 1156 471 1189 cancellarius
496 1168 538 1189 ex
559 1163 695 1189 matura
717 1163 752 1189 et
777 1156 944 1200 diligenti
966 1168 1004 1188 ac
1026 1155 1199 1188 concordi
1225 1154 1489 1187 deliberatione
1511 1155 1765 1199 magistrorum
1789 1155 1882 1188 dicte
1903 1156 2096 1196 facultatiS,

232 1229 301 1256 tam
329 1219 534 1268 regentium
563 1235 667 1267 quam
696 1235 769 1255 non
795 1223 1014 1267 regentium,
1044 1229 1079 1255 et
1102 1228 1170 1254 tam
1197 1221 1415 1254 secularium
1451 1233 1555 1266 quam
1590 1221 1861 1266 religiosorum,
1896 1222 2094 1266 prehabita,

232 1289 413 1322 conclusit
433 1290 530 1334 quod
552 1290 737 1334 predictus
761 1290 870 1322 frater
890 1289 1074 1322 Johannes
1095 1289 1139 1321 de
1160 1288 1343 1329 Gorrello,
1367 1288 1516 1321 Ordinis
1539 1289 1687 1321 fratrum
1710 1289 1904 1329 Minorum,
1928 1290 1987 1334 qui
2012 1296 2096 1321 tunc

232 1362 267 1389 et
282 1356 369 1389 alias
389 1356 534 1389 auditus
554 1356 622 1389 fuit
637 1357 680 1389 ad
702 1356 864 1401 longum,
883 1363 918 1389 et
933 1357 1037 1401 cujus
1059 1356 1212 1388 intentio
1235 1356 1323 1388 scita
1344 1356 1471 1396 suerat,
1498 1355 1559 1399 qui
1581 1355 1686 1387 etiam
1704 1355 1923 1388 submiserat
1945 1368 1984 1388 se
2002 1356 2096 1388 dicte

232 1423 390 1456 facultati
410 1423 609 1468 theologie,
632 1423 768 1456 diceret
785 1424 821 1455 in
838 1423 896 1456 die
917 1423 998 1455 aule
1020 1435 1084 1456 sue
1106 1429 1187 1455 ante
1208 1423 1455 1467 receptionem
1477 1422 1603 1454 birreti
1625 1421 1692 1454 sub
1713 1422 1778 1454 bac
1799 1423 1913 1455 forma
1936 1434 1942 1455 :

323 1504 339 1521 «
372 1491 423 1523 Ex
456 1490 635 1535 vesperiis
666 1490 756 1523 meis
785 1490 929 1534 quidam
956 1491 1104 1523 suerunt
1131 1489 1375 1529 scandalizati,
1405 1489 1496 1522 sicut
1528 1488 1636 1521 michi
1667 1489 1909 1534 significatum
1946 1496 1999 1522 est
2035 1502 2099 1534 per

234 1563 382 1589 matrem
419 1569 534 1590 meam
566 1557 769 1590 facultatem
811 1556 1008 1602 theologie,
1046 1564 1225 1601 tamquam
1265 1556 1524 1596 intellexerint,
1561 1556 1658 1600 quod
1692 1556 1869 1588 voluerim
1905 1557 1999 1589 inter
2032 1556 2098 1589 alia

234 1623 423 1656 detrahere
445 1624 553 1657 statui
574 1624 804 1657 dominorum
825 1631 1031 1657 curatorum
1053 1630 1088 1656 et
1109 1623 1346 1668 quorumdam
1368 1623 1519 1656 aliorum
1539 1623 1889 1663 ecclesiasticorum3
1909 1630 2099 1668 propterea

234 1690 363 1723 volens
394 1698 565 1735 quantum
594 1691 631 1723 in
659 1703 715 1723 me
743 1698 799 1724 est
828 1691 956 1723 tollere
989 1703 1095 1723 omne
1124 1690 1332 1723 scandalum
1364 1697 1398 1723 et
1425 1702 1506 1722 esse
1529 1690 1625 1722 lilius
1647 1689 1855 1723 obedientie
1884 1697 1918 1722 et
1940 1690 2037 1735 pacis
2066 1696 2101 1722 et

234 1764 395 1791 assertor
411 1758 586 1799 veritatis,
610 1758 691 1791 dico
714 1770 808 1791 nunc
826 1770 869 1790 ex
889 1758 1118 1791 ordinatione
1141 1758 1304 1802 ejusdem
1327 1757 1450 1790 matris
1468 1769 1546 1789 mee
1568 1763 1603 1789 et
1623 1757 1788 1790 ultronea
1807 1757 1988 1790 voluntate
2005 1757 2099 1790 veri—

236 1831 327 1858 tates
348 1837 418 1870 que
440 1832 615 1858 secuntur
633 1837 640 1858 ε

326 1893 359 1924 1ἱῑ
380 1893 525 1925 Domini
546 1893 660 1925 curati
682 1899 766 1925 sunt
787 1893 823 1925 in
845 1893 1000 1925 ecclesia
1022 1893 1182 1925 minores
1205 1892 1332 1937 prelati
1355 1899 1389 1925 et
1410 1892 1598 1925 iherarche
1620 1905 1662 1925 ex
1684 1893 1851 1937 primaria
1873 1893 2101 1925 institutione

236 1958 385 2000 Christi,
404 1959 537 2004 quibus
558 1961 731 2004 competit
750 1972 793 1992 ex
814 1967 906 1993 statu
923 1961 985 2004 jus
1008 1960 1307 2004 predicandi,jus
1327 1960 1581 1992 consessiones
1602 1960 1786 2000 audiendi,
1801 1961 1862 2004 jus
1880 1968 2101 1993 sacramenta

237 2026 483 2059 ecclesiastica
514 2027 714 2059 secundum
741 2027 959 2071 exigentiam
989 2027 1045 2059 sui
1074 2034 1188 2060 status
1216 2033 1250 2059 et
1277 2027 1599 2072 parrochianorum
1628 2027 1871 2067 ministrandi,
1895 2028 1957 2071 jus
1979 2028 2101 2072 sepul-

236 2099 334 2125 turas
352 2093 473 2135 dandi,
491 2094 553 2138 jus
574 2094 725 2138 insuper
746 2094 905 2126 decimas
927 2100 960 2126 et
981 2094 1142 2138 aliajura
1160 2094 1396 2139 parrochialia
1415 2094 1628 2138 recipiendi.

326 2161 360 2192 2³
382 2162 469 2193 Item
491 2161 588 2205 quod
603 2162 665 2205 jus
687 2161 898 2206 predicandi
916 2168 951 2194 et
972 2161 1205 2194 consessandi
1226 2162 1399 2206 competit
1420 2161 1568 2206 prelatis
1589 2167 1623 2193 et
1643 2161 1777 2194 curatis
1798 2161 2046 2205 principaliter
2067 2169 2098 2194 et

238 2227 494 2268 essentialiter,
513 2234 548 2260 et
568 2228 862 2261 Mendicantibus
884 2228 928 2261 de
951 2240 1014 2273 per
1035 2229 1205 2261 accidens
1226 2241 1269 2261 ex
1290 2229 1483 2273 privilegio
1508 2240 1513 2260 :
1538 2228 1707 2272 quoniam
1726 2234 1811 2260 sunt
1828 2228 2023 2260 introducti
2043 2229 2097 2261 vcl

237 2293 386 2327 admissi
408 2306 451 2327 ex
471 2295 730 2327 commissione
752 2301 786 2327 et
802 2295 1031 2342 beneplacito
1054 2296 1286 2328 dominorum
1308 2295 1542 2340 prelatorum.

326 2362 362 2394 3Ει
382 2362 470 2393 Item
501 2361 599 2406 quod
629 2362 753 2394 eadem
786 2369 927 2407 peccata
956 2369 1112 2407 possunt
1140 2363 1236 2395 licite
1270 2369 1305 2395 et
1335 2363 1519 2395 meritorie
1553 2362 1690 2407 pluries
1718 2362 1882 2394 confiteri
1911 2363 1946 2394 in
1977 2362 2100 2395 multis

239 2427 398 2469 casibus,
416 2435 450 2461 et
470 2428 567 2472 quod
588 2429 720 2461 virtute
742 2429 956 2461 sacramenti
979 2430 1156 2474 prodesse
1180 2430 1312 2474 poterit
1335 2429 1387 2461 eis
1409 2429 1571 2474 quelibet
1593 2429 1671 2461 tahs
1693 2429 1880 2461 reiterata³
1902 2430 2098 2461 consessio.

328 2496 363 2527 4³
384 2495 489 2538 Quod
511 2495 579 2528 ista
605 2496 799 2528 auctoritas
823 2507 829 2528 :
855 2510 870 2526 «
892 2497 1063 2541 Agnosce
1089 2497 1227 2530 vultum
1249 2497 1393 2541 pecoris
1418 2497 1467 2528 tui
1495 2510 1510 2526 υ
1532 2495 1625 2528 bene
1649 2502 1681 2528 et
1708 2502 1788 2540 apte
1809 2495 2027 2540 intelligitur
2055 2496 2099 2529 de

240 2562 427 2606 agnitione
444 2562 480 2594 in
501 2562 580 2594 soro
598 2562 809 2606 penitentie.

330 2630 365 2661 5³
385 2629 490 2671 Quod
521 2629 624 2661 locus
657 2629 894 2673 parrochialis
920 2637 976 2663 est
1005 2642 1190 2675 congruus
1218 2637 1253 2663 et
1281 2631 1500 2670 ordinarius,
1534 2637 1571 2661 ut
1601 2635 1821 2661 sacramenta
1856 2629 2100 2662 ecclesiastica

242 2695 464 2740 recipiantur
484 2696 520 2727 in
538 2708 593 2728 eo.

331 2763 366 2795 6³
386 2764 477 2794 Dum
508 2763 615 2807 posui
639 2763 737 2806 quod
765 2764 913 2805 curatis,
943 2764 1162 2797 habentibus
1200 2765 1424 2797 sufficienter
1454 2763 1549 2795 unde
1582 2762 1704 2795 vivere
1734 2762 1880 2794 aliunde
1919 2775 2023 2807 quam
2058 2764 2101 2796 de

244 2828 409 2870 decimis,
442 2841 515 2861 non
541 2829 626 2862 licet
651 2830 814 2874 recipere
837 2830 996 2863 decimas
1017 2831 1061 2863 ad
1083 2843 1187 2863 usum
1214 2831 1415 2875 proprium,
1436 2842 1516 2875 ymo
1546 2829 1777 2873 sacrilegium
1806 2830 2073 2863 committerent
2095 2843 2101 2862 z

243 2895 345 2928 nolui
366 2907 430 2941 per
450 2895 518 2928 hoe
541 2896 625 2928 dare
643 2896 870 2929 occasionem
890 2897 1000 2943 laycis
1016 2898 1073 2931 vel
1090 2898 1183 2940 aliis,
1207 2897 1401 2943 quominus
1425 2897 1582 2929 decimas
1604 2896 1800 2938 solverent,
1821 2896 1885 2928 sed
1907 2896 2005 2930 volui
2022 2909 2104 2930 con-
