2502 3418
291 337 386 374 1446]
633 350 679 371 AB
713 350 818 372 Anno
853 348 1142 371 MCCCLxxxxw
1172 348 1305 376 usone
1340 349 1387 369 An
1422 348 1560 370 ANNUM
1595 349 1801 371 mccccru.
2086 342 2147 374 671

289 424 354 457 des
385 430 558 469 supposts
588 423 747 464 d'icelle,
776 429 855 456 tout
878 422 971 455 ainsi
998 433 1067 466 que
1095 422 1234 454 serions
1261 434 1306 454 cn
1334 428 1458 454 nostre
1491 434 1623 467 propre
1655 435 1850 467 personne,
1883 424 1913 456 si
1946 436 2098 469 presens
2130 437 2151 468 y

288 491 439 523 estions.
464 491 499 523 Si
520 502 611 523 vous
632 490 810 522 mandons
831 496 866 522 et
886 488 1146 522 cmnlnandons
1162 500 1232 533 que
1248 500 1339 522 vous
1356 489 1572 533 cognoissez
1594 495 1628 521 et
1649 489 1870 522 determinez
1892 490 1935 522 (le
1958 497 2075 523 tontes
2097 491 2149 523 les

287 569 430 599 causes,
454 557 651 602 querelles,
673 568 847 602 negoces,
876 556 1015 589 actions
1037 562 1072 588 et
1098 555 1270 600 petitions
1293 555 1579 601 quelxconques,
1610 562 1682 588 tant
1711 568 1754 588 en
1778 556 1995 589 demandant
2016 569 2085 602 que
2107 570 2150 590 en

288 624 495 665 defendant,
525 624 569 657 de
596 623 821 657 nostredicte
848 623 922 656 fille
950 623 1186 656 l'Universite
1216 623 1260 655 de
1288 623 1388 656 Paris
1410 630 1445 656 et
1466 623 1530 656 des
1552 630 1726 668 supposts
1748 623 1903 663 d’iccllc,
1927 636 1971 656 en
1992 624 2045 657 les
2067 637 2151 657 con—

286 692 467 737 traignant
488 693 505 724 ἒι
525 703 566 724 ce
587 691 674 724 faire
697 697 731 723 et
752 690 899 723 souffrir
920 696 955 722 et
974 702 1065 723 vous
1087 690 1202 731 obeir,
1222 702 1284 735 par
1306 696 1424 723 tontes
1441 690 1543 723 voies
1565 696 1599 722 et
1620 690 1800 723 manieres
1822 691 1935 723 deues
1958 698 1993 723 et
2013 691 2150 724 raison-

286 758 425 799 nables,
444 770 489 791 en
510 758 590 791 leur
610 757 863 790 administrant
883 756 1004 789 bonne
1026 763 1061 789 et
1079 756 1218 790 briesve
1240 757 1448 802 expedition
1470 757 1514 790 (le
1530 757 1679 801 justice,
1704 758 1857 802 rejectez
1879 764 1961 790 tous
1983 757 2096 791 delaiz
2117 765 2152 791 ct

284 825 514 858 involucions
545 824 589 857 de
620 827 768 869 proccs3
799 830 833 856 et
863 835 907 856 en
929 823 1047 856 oultrc
1070 836 1162 868 pour
1183 835 1222 856 ce
1244 836 1313 868 que
1342 824 1412 856 l'cn
1439 824 1490 856 dit
1521 824 1691 868 pluseurs
1717 824 1761 856 de
1790 824 1920 857 ladicte
1944 825 2150 858 Universitt':

284 899 380 925 estre
410 891 636 937 principaulx
666 897 834 924 aucteurs
862 897 897 923 et
925 890 1149 930 induiseurs,
1180 897 1215 923 et.
1240 891 1301 935 qui
1329 891 1500 923 insistent
1527 897 1561 923 et
1587 898 1815 924 connneuent
1837 891 1891 924 les
1914 899 2086 936 suppostz
2106 892 2150 925 (le

284 959 414 992 ladicte
436 958 644 992 Universite
677 960 695 991 a
723 957 790 990 tclz
810 969 922 1002 voyes
951 957 995 990 de
1023 958 1232 990 cessacions
1259 964 1293 990 et
1320 964 1441 990 autres
1467 964 1592 990 contre
1617 958 1764 1002 justice,
1795 959 1970 991 informez
1991 971 2082 992 vous
2103 971 2149 991 ou

282 1026 407 1059 saictes
429 1026 604 1058 informer
624 1025 878 1070 diligemlnent
898 1031 933 1057 et
961 1024 1045 1057 bien
1072 1036 1135 1057 sur
1155 1037 1193 1057 ce
1216 1031 1251 1057 et
1275 1031 1395 1057 autres
1417 1024 1548 1058 choses
1570 1025 1630 1069 qui
1651 1037 1742 1058 vous
1764 1032 1890 1058 seront
1910 1026 1993 1070 plus
2014 1028 2031 1059 a
2053 1026 2149 1071 plain

282 1093 433 1126 baillces
454 1105 517 1138 par
538 1092 778 1133 declaracion,
803 1092 834 1125 si
855 1092 1004 1125 lnestier
1024 1098 1098 1133 est,
1122 1098 1157 1124 et
1178 1092 1282 1124 ceulx
1303 1104 1372 1136 que
1395 1104 1457 1137 par
1478 1092 1608 1125 ladictc
1630 1092 1874 1134 insomnation,
1902 1105 1947 1125 ou
1974 1100 2096 1126 autres
2113 1094 2148 1138 ja

281 1161 421 1202 faictes,
448 1172 537 1193 vous
565 1171 611 1192 en
638 1166 828 1192 trouverez
850 1159 1075 1204 coulpables,
1106 1159 1302 1204 pugnisses
1331 1159 1384 1192 les
1411 1166 1445 1192 et
1470 1160 1647 1204 corriges,
1675 1160 1767 1192 ainsi
1789 1172 1858 1204 que
1879 1173 2003 1193 verrez
2025 1173 2148 1194 aucas

281 1227 500 1272 appartenir.
524 1227 594 1260 Car
614 1226 705 1259 ainsi
728 1238 820 1259 nous
841 1225 997 1259 voulons
1020 1233 1054 1258 et
1074 1238 1167 1258 nous
1189 1226 1297 1271 plaist
1318 1232 1414 1258 estre
1434 1226 1508 1266 fait,
1538 1238 1621 1259 sans
1649 1227 1836 1271 prejudice
1859 1227 1924 1260 des
1949 1227 2148 1273 privileges

282 1293 325 1326 de
347 1294 569 1327 nostredicte
591 1293 665 1326 fille
687 1293 921 1327 l’Universite
943 1293 987 1325 de
1009 1293 1110 1326 Paris
1132 1305 1177 1325 en
1198 1299 1319 1326 autres
1341 1293 1484 1325 choses.
1519 1294 1647 1326 Donne
1676 1296 1694 1326 ἱι
1715 1293 1871 1336 Chinon,
1894 1294 1927 1327 le
1949 1296 2043 1339 xxvj⁰
2062 1296 2149 1340 jour

282 1361 326 1394 de
347 1363 458 1402 Mars,
476 1361 546 1394 l‘an
567 1361 611 1393 de
631 1372 738 1406 grace
760 1360 821 1393 mil
843 1367 969 1405 quatre
990 1372 1076 1393 cens
1099 1367 1272 1405 quarante
1294 1367 1329 1393 et
1347 1360 1442 1404 cinq,
1466 1367 1499 1392 et
1521 1360 1564 1392 de
1587 1367 1710 1393 nostre
1732 1350 1846 1406 regne
1867 1362 1899 1394 le
1921 1362 2033 1406 xxiiij.

368 1429 446 1462 Par
467 1428 497 1462 Ie
518 1429 597 1473 Roy
616 1440 655 1461 en
674 1439 736 1461 son
757 1428 910 1468 Consez'l,
1675 1429 1831 1460 ROLAND.

371 1526 449 1549 Arch.
463 1529 516 1550 nat.
533 1525 627 1554 Paris,
646 1526 691 1549 ΧΗ
706 1526 775 1553 8605,
792 1526 836 1550 sol,
853 1525 906 1548 110.
923 1526 955 1549 Et
972 1525 998 1548 in
1012 1526 1091 1548 dorso
1105 1525 1233 1556 scriptum
1252 1529 1308 1548 erat
1322 1534 1326 1548 z
1347 1534 1357 1548 «
1374 1526 1451 1548 Lccta
1467 1529 1491 1548 ct
1506 1526 1642 1556 publicata
1659 1526 1776 1549 Parisius
1794 1526 1818 1549 in
1835 1527 2011 1555 Parlamento,
2030 1528 2145 1550 secunda

279 1571 320 1594 (lie
339 1571 409 1600 Maii,
428 1579 495 1593 anno
507 1571 544 1593 Μ0
552 1570 646 1594 6666ο
656 1571 753 1593 XLV120
772 1573 797 1593 et
816 1570 967 1601 registrum.
985 1570 1148 1593 Came-reso
1166 1578 1187 1593 ›>.
1202 1584 1231 1587 —
1246 1571 1337 1593 Exstat
1355 1570 1381 1593 in
1404 1570 1519 1594 Rccueil
1532 1572 1577 1595 des
1593 1570 1742 1601 privileges
1764 1572 1796 1594 de
1811 1571 1990 1596 [Universae
2004 1573 2036 1595 dc
2051 1572 2145 1601 Paris,

278 1625 304 1647 p.
323 1616 364 1644 17;
382 1617 505 1640 Ordonn.
519 1617 565 1640 des
578 1616 642 1645 rois,
658 1615 724 1643 Xlll,
740 1624 766 1646 p.
783 1616 838 1638 [157.
854 1617 901 1646 Ap.
919 1615 995 1643 1302„
1012 1615 1041 1643 V,
1058 1623 1085 1646 p.
1099 1616 1153 1644 539,
1170 1615 1255 1637 solum
1272 1615 1331 1638 finis
1343 1615 1492 1638 litterarum
1509 1615 1627 1639 affertur.
1644 1616 1743 1638 Ibidem
1759 1615 1847 1644 etium,
1861 1619 1886 1639 et
1903 1625 1945 1647 ap.
1959 1616 2087 1645 Cum-usn,
2103 1617 2143 1646 IV,

278 1669 304 1692 p.
322 1661 374 1689 120,
391 1661 494 1683 litterae
510 1663 539 1683 ut
553 1668 710 1691 responsum
724 1660 757 1682 nd
769 1660 959 1683 Instructiones
974 1659 1162 1683 Universitatis
1178 1668 1220 1683 an.
1236 1660 1304 1689 1544,
1322 1659 1452 1690 Decemb.‚
1466 1668 1531 1691 quus
1548 1660 1614 1683 falso
1630 1660 1663 1683 ad
1678 1669 1720 1683 an.
1736 1661 1795 1683 1445
1810 1664 1920 1692 ponunt,
1934 1661 2143 1684 considerantur.

371 1706 424 1728 Hae
438 1705 540 1728 litterae
557 1705 644 1727 omnia
659 1708 799 1735 exponunt,
813 1713 879 1736 quae
895 1704 921 1727 in
938 1705 970 1727 nb*
985 1704 1204 1735 praecedentibus
1221 1708 1328 1727 narrata
1344 1707 1413 1727 sunt.
1429 1705 1462 1727 Ut
1470 1704 1523 1735 jam
1537 1705 1736 1728 observavimus
1754 1705 1778 1728 in
1796 1708 1927 1735 Auctar.,
1942 1706 1973 1734 ΙΙ,
1985 1707 2039 1735 655,
2055 1709 2107 1729 not.
2121 1707 2142 1735 1,

277 1750 309 1773 nd
326 1750 395 1781 quod
412 1750 535 1773 lectorem
552 1749 720 1778 remittimus,
732 1749 897 1773 Universitus
914 1749 998 1772 Puris.
1013 1757 1060 1780 per
1075 1749 1135 1772 illas
1151 1749 1323 1780 praecipuum
1339 1749 1509 1780 privilegium
1523 1750 1648 1780 perdidit.
1661 1758 1672 1772 «
1684 1749 1852 1773 Visceraliter
1868 1754 1978 1781 tangunt
1992 1754 2080 1774 nostra
2092 1751 2146 1782 pri-

275 1795 375 1826 vilegia
389 1803 400 1817 ))
419 1794 586 1818 Universitas
601 1794 784 1825 pronuntiavit
795 1794 832 1825 (p.
845 1796 899 1823 655,
916 1795 949 1823 8).

276 1939 423 1977 2609.
448 1949 603 1975 Licentiati
619 1949 647 1975 in
663 1948 806 1983 facultate
820 1948 991 1975 medicinae.

1485 1992 1561 2021 7446,
1575 1992 1661 2017 Martii
1674 1993 1719 2021 28,
1737 1993 1852 2018 Parisiis.

363 2072 429 2104 Die
452 2072 577 2116 xxviij³²
597 2072 735 2105 mensis
757 2072 882 2105 Marcii
904 2078 985 2105 ante
1003 2073 1111 2104 Pasca
1132 2073 1278 2104 suerunt
1300 2071 1479 2104 licenciati
1501 2071 1662 2116 quinque
1684 2079 1880 2117 sequentes
1905 2084 1910 2104 z

359 2163 433 2195 Mag.
453 2163 601 2189 Johannes
616 2162 742 2189 Huistz'.
1310 2163 1382 2195 Mag.
1399 2162 1546 2188 Johannes
1561 2161 1732 2195 Aujoueress.

376 2227 411 2230 Η
450 2211 594 2238 Gobertus
606 2211 732 2238 Cordier.
1327 2226 1362 2229 —
1399 2211 1546 2237 Johannes
1561 2211 1712 2237 Johannis.

376 2275 410 2280 —
450 2261 597 2287 Johannes
612 2261 736 2287 Tartas2.
1770 2260 1804 2295 [5]

363 2341 511 2364 Comment.
529 2341 578 2364 fac.
593 2341 672 2369 med„
689 2341 721 2371 ll,
735 2350 762 2372 p.
778 2342 818 2364 69.

363 2420 386 2445 1.
409 2421 480 2444 idem
497 2420 564 2444 inter
586 2424 706 2452 regentes
727 2422 750 2444 J.
770 2421 835 2444 Wist
855 2421 1014 2444 nominatur.
1035 2435 1066 2438 —
1084 2420 1108 2445 2.
1130 2421 1187 2443 Mox
1208 2420 1234 2442 in
1255 2420 1331 2443 Univ.
1354 2419 1499 2442 Pictavensi
1521 2427 1590 2450 mag.
1612 2427 1714 2450 regens.
1738 2421 1785 2450 Ap.
1807 2420 1955 2450 Founxmn,
1980 2422 2095 2451 Statius,
2115 2422 2134 2447 l.

269 2470 296 2488 n⁰
312 2466 381 2495 1725,
396 2469 520 2497 tunquam
542 2474 611 2496 mag.
631 2466 724 2489 medic.
741 2469 901 2489 memoratur
911 2466 966 2497 jam
983 2474 1025 2488 an.
1045 2466 1110 2493 1445,
1128 2465 1187 2488 Dec.
1201 2466 1224 2493 9,
1248 2464 1293 2487 sed
1310 2464 1344 2487 ihi
1363 2464 1548 2494 corrigendum
1567 2474 1579 2484 α
1596 2464 1655 2486 1416
1673 2474 1695 2492 n,
1717 2464 1737 2486 si
1752 2464 1868 2495 ejusdem
1888 2469 1937 2487 num
1953 2465 2134 2496 17261egeris.

268 2514 389 2542 apparet.
404 2523 435 2528 —
449 2510 472 2534 3.
491 2510 547 2533 Vid.
569 2510 599 2533 de
617 2519 646 2533 eo
662 2512 791 2539 Auctar„
811 2511 843 2541 11,
860 2519 886 2541 p.
903 2511 957 2539 657,
974 2511 1003 2532 30
1019 2518 1076 2540 sqq.
1094 2518 1105 2532 <‹
1124 2509 1335 2540 lmpudicissime
1351 2517 1360 2531 ³)
1376 2509 1401 2531 in
1418 2517 1465 2531 suo
1485 2509 1550 2531 festo
1566 2509 1717 2532 doctoratus
1735 2517 1823 2532 mense
1840 2509 1904 2532 Julii
1918 2510 2072 2533 molestatus
2087 2514 2134 2534 cst.

269 2654 411 2693 2610.
434 2664 579 2689 Martinus
598 2664 723 2698 Questel,
739 2664 867 2690 decanus
886 2664 1025 2690 ecclesiae
1043 2664 1218 2697 Belvacens„
1241 2667 1395 2699 postquam
1411 2663 1536 2688 Parisiis
1552 2663 1713 2697 magisterii
1726 2663 1847 2697 gradum
1865 2664 1894 2689 ιή
1910 2664 2022 2690 artibus
2039 2675 2135 2691 susce-

354 2716 439 2748 perat
455 2716 482 2738 et
499 2713 526 2738 in
543 2713 649 2739 eisdem
664 2713 776 2739 artibus
793 2713 902 2739 diutius
919 2717 1043 2747 rexerat,
1063 2713 1135 2739 inibi
1149 2722 1201 2748 per
1215 2712 1314 2748 plures
1334 2721 1424 2738 annos
1441 2712 1469 2737 in
1484 2714 1542 2746 fae.
1562 2712 1721 2746 theologica
1736 2712 1847 2738 studuit
1863 2717 1889 2738 ct
1904 2713 1933 2739 in
1949 2723 1983 2739 ca
1998 2714 2135 2741 baccala-

357 2770 421 2787 reus
437 2762 502 2795 fuit,
522 2762 702 2798 primumque
718 2766 745 2787 et
758 2762 913 2788 secundum
930 2771 1030 2788 cursus
1046 2762 1073 2787 in
1091 2771 1125 2787 ea
1143 2762 1263 2798 peregit,
1285 2761 1381 2786 multis
1401 2761 1515 2786 actibus
1535 2761 1728 2795 scholasticis,
1752 2761 1881 2788 videlicet
1899 2762 2013 2798 publice
2033 2763 2134 2800 dispu-

357 2810 444 2836 tando
459 2815 485 2836 et
498 2810 620 2845 singulis
637 2811 825 2845 arguentibus
842 2812 870 2837 in
886 2811 993 2836 scholis
1009 2810 1216 2846 respondendo,
1233 2819 1267 2835 ac
1281 2814 1338 2835 tam
1355 2810 1395 2835 ad
1406 2810 1543 2845 populum
1561 2819 1645 2845 quam
1662 2810 1701 2835 ad
1716 2810 1820 2836 clerum
1831 2820 1975 2837 sermones
1986 2813 2131 2847 faciendo,

355 2868 386 2885 se
400 2859 513 2885 interim
534 2861 702 2894 exercendo,
726 2860 798 2886 inibi
818 2860 979 2894 magisterii
999 2860 1027 2885 in
1047 2859 1190 2894 theologia
1212 2859 1334 2894 gradum
1357 2863 1384 2884 et
1402 2859 1528 2893 insignia
1549 2859 1695 2894 suscipere
1715 2859 1907 2895 disposuerat,
1933 2861 1990 2886 nisi
2010 2862 2046 2887 ab
2067 2862 2134 2889 inde

357 2909 546 2934 causantibus
568 2918 737 2944 guerrarum
754 2909 916 2935 turbinibus
933 2909 1104 2945 quantocius
1118 2908 1310 2934 discessisset.
1333 2910 1396 2933 Cum
1414 2909 1498 2933 unius
1513 2907 1638 2942 filiorum
1655 2908 1760 2934 nobilis
1777 2909 1827 2934 viri
1849 2909 1945 2936 Caroli
1959 2910 2041 2936 ducis
2063 2913 2133 2937 Bor-
