2502 3418
381 319 446 352 374
957 325 1277 348 CHARTULARIUM
1312 324 1503 346 Uvassns.
1541 323 1670 345 PAnls.
2149 310 2248 347 [1419

381 403 503 435 uarios
526 401 664 434 rotulos
690 407 1022 446 praesentarunt....
1045 419 1088 424 —
1109 399 1185 432 Fiat
1211 399 1290 431 sine
1318 397 1521 443 prejudicio
1542 397 1695 430 aliorum
1721 396 1940 440 scriptorum
1962 396 1999 428 in
2020 396 2140 431 rotulo
2162 397 2248 430 Uni-

380 469 576 502 versitatis.
599 468 641 501 O.
658 488 702 492 —-
722 469 800 500 Dat.
825 467 1007 500 Florentio
1029 466 1142 499 tercio
1164 465 1232 498 kal.
1255 464 1485 505 Novembris‚
1507 475 1601 496 anno
1623 463 1799 496 secundo.

471 567 534 596 Reg.
550 565 644 596 Suppl.
661 565 736 588 Mart.
752 565 781 593 V,
797 568 825 587 n⁰
836 565 888 591 129,
908 563 952 587 fol.
969 563 1024 587 241.

473 648 497 673 1.
514 648 573 672 Vid.
589 648 658 671 infra
673 652 702 671 n0
717 648 787 671 2159.

379 776 523 812 2147.
548 783 682 818 Magistri
696 787 824 817 regentes
839 782 992 816 facultatis
1008 781 1168 807 medicinae
1184 789 1231 809 an.
1249 781 1417 807 1419-1420.

1580 827 1650 856 1479.
1666 827 1782 854 Movemb.
1801 829 1826 858 4,
1844 828 1959 854 Parlsiis.

467 921 572 953 Anno
594 919 738 952 Domini
762 920 845 951 1419
865 919 1013 951 fuerunt
1037 917 1248 962 proclamati
1272 917 1316 950 ad
1345 916 1544 961 legendum
1565 915 1729 960 magistri
1752 916 1813 960 qui
1841 922 2015 949 secuntur
2037 922 2071 949 et
2097 916 2245 962 incepe-

378 994 462 1019 runt
482 998 566 1019 suas
587 986 764 1019 lectiones
785 985 988 1017 ordinarias
1009 990 1134 1029 quarta
1154 983 1371 1016 Novembris
1393 983 1479 1016 dicti
1500 982 1584 1015 anni
1604 994 1610 1015 ι

463 1085 588 1110 Thomas
602 1084 637 1109 de
653 1083 680 1109 S.
698 1083 791 1109 Petro.
1103 1081 1244 1108 Henricus
1259 1081 1396 1114 Dougny.
1747 1081 1849 1107 Petrus
1863 1080 2018 1107 Bernicoti.

464 1133 552 1159 Guill.
569 1133 604 1158 de
620 1132 749 1158 Camera.
1102 1131 1196 1156 Droco
1211 1130 1327 1156 Decani.
1746 1130 1848 1156 Petrus
1863 1130 1986 1156 Brachii.

462 1182 528 1207 Joh.
546 1180 693 1207 Comitis⁴.
1102 1180 1168 1206 Joh.
1186 1179 1280 1205 Basin.
1745 1179 1894 1205 Johannes
1908 1179 2036 1205 Juvenis.

462 1231 526 1258 Joh.
542 1231 699 1263 Tanquart.
1102 1229 1203 1254 Petrus
1218 1228 1415 1254 Cardonnelli.
1745 1228 1888 1254 Robertus
1902 1227 2041 1254 Poitevin.

461 1280 526 1306 Joh.
542 1279 673 1305 Bellardi.
1100 1277 1165 1303 Joh.
1182 1277 1218 1303 de
1231 1277 1308 1303 Pisis.
1744 1277 1892 1303 Johannes
1904 1277 1997 1303 Boecii
2010 1278 2046 1304 de
2059 1278 2154 1304 Dacia.
2187 1278 2243 1311 [15]

465 1367 610 1390 Comment.
627 1368 675 1390 sac.
690 1367 768 1395 med.,
785 1367 804 1395 1,
820 1374 847 1397 p.
861 1367 916 1389 236.
931 1379 959 1383 —
974 1365 1069 1388 Eodem
1086 1365 1128 1388 die
1142 1365 1270 1389 Rohertus
1283 1364 1402 1388 Poitevin
1418 1365 1532 1388 decanus
1545 1365 1644 1388 electus
1657 1368 1706 1389 est.

463 1450 488 1475 1.
504 1451 632 1474 Ultimum
647 1454 781 1482 comparet
794 1450 861 1473 inter
874 1453 1004 1481 regentes.
1020 1450 1049 1473 In
1065 1449 1164 1473 eisdem
1178 1449 1321 1472 comment.
1340 1451 1375 1480 (p.
1392 1449 1447 1480 248)
1460 1449 1573 1480 legimus
1590 1456 1596 1472 t
1612 1457 1624 1472 (ι
1638 1449 1683 1472 Die
1699 1449 1801 1472 decima
1818 1449 1970 1472 Decembris
1982 1449 2064 1482 [1420]
2079 1450 2240 1473 celebratum

371 1495 420 1518 suit
434 1495 573 1519 servicium
590 1498 754 1518 mortuorum
769 1495 795 1518 in
808 1495 834 1519 S.
846 1494 976 1518 Maturino
989 1503 1037 1525 pro
1051 1502 1121 1525 mag.
1133 1494 1253 1517 Johanne
1268 1494 1378 1517 Comitis
1390 1494 1435 1525 qui
1451 1494 1531 1516 nichil
1546 1493 1648 1517 dimisit
1663 1494 1853 1527 facultatinnec
1869 1494 1981 1517 facultas
1994 1494 2028 1517 ab
2043 1495 2240 1518 exsecutoribus
2264 1515 2267 1518 ,

370 1540 470 1571 aliquid
486 1533 604 1563 obtinere
619 1539 705 1571 potuit
718 1548 740 1562 ».
754 1539 808 1570 Ipsi
819 1540 934 1562 fortasse
948 1539 1104 1562 tribuendae
1117 1538 1324 1563 Armotationes
1337 1539 1368 1562 in
1381 1538 1581 1569 Hippocratem
1597 1546 1662 1570 quas
1679 1542 1768 1562 servat
1784 1547 1832 1562 ωε.
1844 1538 1920 1562 latin.
1930 1540 1991 1562 7079
2004 1539 2072 1563 Bibl.
2089 1542 2143 1563 nat.
2155 1540 2240 1563 Paris.

369 1715 514 1752 2148.
541 1725 606 1749 Cum
624 1724 786 1760 Capitulum
805 1723 940 1758 generale
959 1723 1026 1750 Ord.
1043 1723 1210 1749 Praedicat.
1235 1722 1382 1758 Friburgi⁴
1406 1723 1566 1749 Basileens.
1590 1723 1682 1749 dioec.
1706 1723 1881 1749 celebratum
1903 1723 2064 1758 statuisset,
2087 1727 2118 1749 ut
2141 1732 2237 1749 omnes

456 1774 563 1806 fratres
580 1772 704 1807 Ordinis,
719 1773 851 1807 magistri
864 1772 905 1798 vel
918 1772 1062 1798 licentiati
1076 1772 1105 1798 in
1119 1772 1202 1798 theol.
1214 1781 1267 1808 per
1277 1772 1384 1798 saltum
1398 1776 1450 1798 aut
1465 1772 1563 1807 quovis
1575 1772 1657 1798 modo
1668 1781 1723 1798 sua
1739 1772 1850 1798 lectura
1866 1780 1921 1798 non
1935 1771 2076 1808 completa
2089 1772 2119 1798 in
2133 1772 2236 1808 aliqua

461 1821 657 1856 [lamera-itate,
673 1830 724 1857 pro
739 1830 794 1847 non
809 1821 957 1856 magistris
973 1825 1000 1847 et
1015 1821 1173 1847 licentiatis
1189 1821 1372 1853 haberentur,
1391 1821 1558 1847 Leonardus
1571 1821 1682 1847 Statius
1696 1821 1732 1847 de
1752 1821 1908 1855 Florentia,
1926 1821 2067 1855 magister
2077 1821 2232 1856 generalis,

456 1871 580 1896 Martino
601 1872 624 1896 V
640 1870 795 1906 supplicat,
811 1874 842 1896 ut
863 1870 914 1896 ltoc
933 1874 1073 1896 statutum
1097 1872 1253 1905 confit-met.
1277 1886 1312 1890 —
1331 1871 1392 1896 Fiat
1407 1870 1489 1904 quod
1513 1878 1574 1897 non
1594 1871 1774 1897 haberentur
1794 1877 1848 1904 pro
1869 1870 2028 1903 graduatis,
2044 1870 2099 1896 nisi
2115 1871 2236 1897 fecerint

454 1927 555 1946 cursus
571 1927 645 1945 suos.
661 1919 694 1945 O.
711 1935 747 1938 —-
759 1921 823 1946 Dat.
841 1920 986 1946 Florentie
1000 1920 1176 1946 duodecimo
1189 1920 1246 1945 kal.
1265 1920 1414 1949 Decemb.‚
1430 1927 1509 1959 anno
1520 1920 1658 1946 secundo.

1510 2009 1583 2038 1479,
1600 2008 1715 2034 Moremb.
1733 2009 1779 2038 20,
1794 2008 1947 2034 florentiae.

458 2096 550 2127 Suppl.
569 2096 675 2119 Martini
687 2096 716 2124 V,
733 2100 762 2118 n0
778 2096 830 2124 130,
849 2097 892 2119 sol.
910 2097 964 2119 225.
981 2096 1100 2127 Epistola
1111 2096 1217 2120 Martini
1231 2097 1250 2119 V
1266 2096 1297 2119 de
1310 2096 1359 2119 hoe
1374 2099 1460 2119 exstat
1474 2104 1518 2128 ap.
1534 2097 1654 2124 Rmou„
1667 2096 1746 2120 Bull.
1765 2097 1830 2120 Ora.
1844 2097 1957 2126 Praeti.⁷
1971 2097 2004 2124 11,
2021 2104 2047 2127 p.
2061 2097 2115 2119 569.

456 2180 480 2204 1.
498 2181 547 2203 Sed
563 2189 693 2212 nusquam
708 2183 737 2203 ut
752 2180 850 2203 scimus
864 2180 940 2204 istius
954 2180 1070 2211 Capituli
1083 2180 1180 2204 mentio
1196 2181 1234 2204 fit.
1251 2181 1279 2203 In
1293 2181 1388 2212 Suppl.
1403 2180 1534 2203 omittitur
1550 2188 1653 2209 nomen,
1667 2180 1712 2203 sed
1726 2183 1811 2203 exstat
1822 2180 1848 2203 in
1859 2180 1981 2211 epistola.

362 2354 504 2391 2149.
533 2364 708 2389 Universitas
723 2365 819 2390 Paris.
833 2364 954 2398 instigat
974 2364 1120 2390 ducissam
1136 2365 1323 2400 Bargundiae
1339 2365 1460 2400 viduam,
1476 2369 1506 2390 ut
1522 2374 1577 2391 non
1593 2365 1718 2391 desistat
1732 2365 1873 2391 occisores
1889 2365 1971 2391 ducis
1982 2366 2102 2400 punire;
2113 2365 2231 2391 desinat

450 2413 547 2438 timere
562 2421 596 2438 ne
613 2413 633 2438 ii
647 2413 778 2438 Parisios
795 2413 904 2439 intrare
918 2414 1044 2449 possint,·
1060 2414 1160 2440 civitas
1176 2414 1244 2440 bene
1260 2414 1430 2440 custoditur.

1493 2504 1562 2533 1419,
1576 2506 1640 2536 post
1654 2504 1770 2530 Becemb.
1785 2504 1810 2533 2,
1826 2504 1942 2530 Parisiis.

448 2590 537 2621 Tres
558 2589 678 2621 haulte
700 2596 735 2621 et
754 2596 828 2622 tres
849 2590 1015 2634 puissant
1036 2590 1150 2632 dame,
1174 2602 1267 2623 nous
1289 2603 1382 2623 nous
1404 2591 1709 2624 reeommendons
1731 2593 1749 2624 ὲ
1769 2603 1860 2624 vous
1882 2597 1957 2623 tant
1976 2589 2226 2623 humblement

361 2662 395 2687 et
414 2655 736 2688 affectueusement
761 2668 900 2688 comme
931 2656 1013 2700 plus
1043 2657 1077 2689 le
1104 2669 1234 2702 poons.
1263 2659 1354 2691 Tres
1379 2657 1501 2690 haulte
1523 2664 1558 2690 et
1578 2664 1652 2691 tres
1673 2658 1840 2703 puissant
1861 2658 1976 2699 dame,
1999 2669 2092 2690 nous
2113 2669 2226 2690 avons

359 2733 466 2753 receu
488 2722 531 2753 de
553 2729 630 2766 part
649 2734 740 2754 vous
762 2733 787 2754 11
808 2723 927 2767 paires
949 2723 993 2755 de
1014 2723 1155 2766 lettres⁷
1172 2724 1227 2756 les
1248 2725 1441 2769 primieres
1463 2724 1641 2769 eseriptes
1662 2724 1696 2757 le
1722 2725 1817 2757 xxixe
1833 2726 1919 2769 jour
1939 2724 1984 2756 de
2005 2723 2222 2765 Novembre,

360 2794 394 2820 et
412 2787 466 2820 les
488 2788 665 2820 secondes
682 2788 715 2820 le
732 2789 770 2832 ije
791 2789 834 2821 de
856 2789 1069 2831 Decembre⁷
1092 2802 1156 2835 par
1176 2791 1376 2836 lesquelles
1398 2791 1423 2823 il
1444 2803 1536 2824 vous
1557 2803 1575 2823 a
1595 2791 1679 2836 pleu
1700 2794 1718 2824 ὲ
1738 2803 1831 2824 nous
1853 2791 2013 2835 escripre
2036 2790 2080 2823 de
2100 2797 2222 2824 vostre

358 2853 466 2886 noble
487 2861 589 2894 estat,
612 2854 655 2886 de
672 2862 791 2887 vostre
813 2855 886 2888 bon
906 2862 941 2888 et
965 2864 1202 2900 perseverant
1227 2869 1362 2902 propos
1384 2858 1428 2890 de
1457 2858 1664 2902 poursievir
1683 2870 1747 2902 par
1768 2865 1866 2890 toute
1887 2857 1969 2890 voie
1990 2857 2221 2890 raisonnable
