2502 3418
378 305 443 339 606
951 315 1275 339 cmxiii-nmmum
1310 315 1503 338 nummus,
1540 317 1672 339 lunis.
2148 305 2248 342 [1438

377 402 441 435 pro
463 390 657 422 concordia
683 390 820 423 domini
851 391 1005 436 Eugenii
1027 403 1117 436 pape
1143 397 1178 423 et
1198 390 1355 424 Concilii
1385 390 1600 424 Basiliensis
1631 397 1666 424 et
1693 391 1774 424 aliis
1806 391 2041 437 tangentibus
2070 392 2245 426 honorem

378 457 477 502 regis
499 463 533 490 et
558 457 676 502 regni,
706 463 790 498 ete,
817 457 1117 503 supplicaverunt
1141 469 1194 498 ea,
1223 463 1259 490 et
1283 457 1435 490 maxime
1466 458 1584 491 dictus
1610 457 1841 500 Eustachius,
1872 470 1957 492 casu
1983 471 2055 504 quo
2083 459 2179 492 irent
2203 460 2246 493 ad

378 524 506 557 dictam
523 524 700 557 civitatem
720 524 1000 566 Bituricensem,
1013 524 1110 569 quod
1128 530 1385 569 reputarentur
1401 531 1574 570 regentes
1591 531 1754 570 tempore
1767 525 1932 559 absentie
1950 538 2015 559 sue
2033 533 2069 559 et
2082 527 2245 572 predicta

375 591 527 624 durante
549 597 584 624 et
604 591 813 624 continuata
834 603 951 636 usque
973 591 1016 624 ad
1044 603 1270 636 regressum.
1296 591 1413 636 Super
1433 604 1505 637 quo
1526 592 1593 625 suit
1613 604 1831 638 responsum
1853 592 1952 626 illico
1975 593 2073 638 quod
2093 593 2245 627 facultas

373 658 475 703 ipsos
509 664 544 690 et
573 657 773 703 quemlibet
802 669 927 690 eorum
960 657 1149 702 reputabat
1180 664 1402 702 presentem,
1437 670 1727 704 concessumque
1763 659 1862 704 quod
1892 659 2047 708 quilibet
2080 660 2242 705 ipsorum

373 731 538 770 tempore
564 724 728 758 absentie
756 736 820 757 sue
842 724 1061 769 perciperet,
1085 724 1236 758 haberet
1262 731 1296 758 et
1322 725 1502 770 reciperet
1526 726 1645 759 omnia
1671 726 1913 760 emolumenta
1939 727 2184 772 undecunque
2210 734 2245 761 et

373 792 674 837 qualitercunque
696 791 927 824 obvenientia
949 792 986 824 in
1012 791 1293 837 quibuscunque
1320 791 1431 825 rebus
1454 799 1490 825 et
1510 792 1765 827 emolumentis
1786 806 1826 827 ac
1843 794 1873 827 si
1895 800 2021 827 essent
2036 801 2241 839 presentes,

372 858 606 904 presentibus
634 859 677 892 ad
705 858 772 891 hoc
801 858 960 891 dominis
986 859 1127 900 Livino,
1157 859 1376 900 Courcellis,
1404 858 1604 901 Chuffardi‚
1623 861 1793 902 Fresnes,
1816 861 2011 894 Eustachio
2036 868 2071 894 et
2094 861 2242 894 domino

373 927 480 959 Petro
502 927 546 959 de
567 927 696 959 Brena.

464 1025 571 1048 Memor.
589 1025 638 1047 sac.
651 1024 758 1053 decret.‚
772 1024 793 1054 l,
810 1024 855 1047 sol.
871 1023 938 1049 186⁵.
955 1038 986 1042 —
998 1024 1095 1047 Eodem
1111 1024 1153 1048 die
1170 1024 1329 1049 Guillelmus
1350 1025 1531 1053 subbedellus,
1550 1028 1659 1057 propter
1676 1025 1856 1049 infirmitatem
1878 1035 1890 1049 α
1910 1034 1978 1058 quae
1999 1026 2096 1050 dicitur
2117 1027 2243 1053 scrofule.

369 1069 465 1100 gallice
479 1069 618 1092 esci-uelles
635 1077 658 1098 )),
671 1068 784 1092 officium
797 1068 952 1100 resignavit,
969 1069 1039 1100 quod
1056 1069 1167 1093 facultas
1181 1069 1314 1093 commisit
1329 1070 1406 1094 Petro
1417 1070 1562 1101 Burgondi.
1577 1071 1609 1094 At
1624 1071 1696 1102 Sept.
1707 1072 1731 1100 4,
1741 1070 1797 1102 jam
1810 1071 1887 1094 Petro
1900 1079 1914 1094 e
1927 1071 1995 1094 vivis
2012 1071 2147 1100 defuncto,
2158 1071 2243 1095 nomi-

369 1117 446 1137 natus
460 1117 500 1137 est
515 1114 685 1137 subbedelluu
702 1114 778 1145 Ilugo
793 1113 825 1137 de
838 1114 1052 1138 Montesormoso.

369 1276 512 1314 2523.
535 1286 624 1311 Juxta
639 1285 809 1311 mandatum
827 1285 954 1322 Capituli
967 1286 1114 1320 generalis
1133 1286 1248 1312 Cisterc.
1267 1285 1360 1312 abbas
1380 1287 1531 1320 Quinc-iaci
1546 1287 1700 1324 compellat
1719 1288 1854 1314 abbatem
1871 1288 2076 1323 Macer-iarum,
2095 1288 2188 1315 abbas
2204 1288 2240 1314 de

454 1334 643 1371 Eleemosyna
658 1343 719 1361 vero
735 1334 859 1361 abbates
871 1335 907 1361 de
924 1335 1011 1361 Curia
1026 1335 1088 1370 Dei,
1104 1335 1140 1361 de
1154 1335 1310 1370 Landesio,
1328 1335 1363 1362 de
1380 1337 1517 1363 Fontanis
1530 1337 1614 1363 Albis
1627 1341 1654 1363 et
1669 1337 1704 1363 de
1718 1337 1870 1370 Bar-della,
1887 1341 1919 1363 ut
1933 1337 2056 1373 quilibet
2069 1337 2123 1364 sub
2135 1338 2239 1374 poenis

455 1384 758 1410 excommunicationis
772 1388 799 1410 et
814 1384 897 1421 dupli
918 1394 1002 1411 unum
1019 1385 1180 1411 scholarem
1195 1393 1210 1410 ι
1228 1385 1307 1419 iufra
1322 1387 1429 1420 festum
1450 1387 1579 1412 Omnium
1601 1388 1769 1413 Sanctorum
1786 1396 1801 1413 »
1821 1396 1882 1412 cum
1903 1387 2010 1413 debitis
2026 1387 2239 1423 provisionibus

454 1433 494 1459 ad
512 1433 666 1468 Collegium
683 1435 712 1460 S.
727 1434 872 1460 Bernardi
886 1434 1012 1460 Parisiis
1029 1434 1135 1461 mittat.

1533 1471 1609 1501 1438,
1626 1472 1757 1505 Septemb.
1773 1473 1809 1501 12,
1826 1472 1951 1498 Ct'storcii.

458 1559 569 1582 constit.
585 1561 612 1582 et
625 1559 709 1590 Cupp.
723 1559 839 1589 general.
857 1559 965 1582 Cisterc.
982 1559 1008 1582 in
1024 1559 1100 1584 Arch,
1119 1562 1203 1582 status
1221 1560 1339 1588 Luzern.⁷
1354 1564 1382 1583 n⁰
1397 1561 1452 1589 544,
1469 1569 1495 1591 p.
1511 1561 1567 1591 614,
1583 1561 1628 1583 618
1642 1569 1682 1592 sq.

365 1722 509 1759 2524.
535 1733 669 1758 Cursor-es
686 1732 713 1757 in
730 1731 874 1766 facultate
888 1731 1061 1766 theologiae.

1480 1777 1556 1807 1438,
1573 1777 1817 1810 nmio-Septemb„
1833 1778 1947 1804 Parisiis.

452 1864 527 1890 Frat.
543 1864 666 1890 Jacobus
699 1865 786 1898 Oper.
814 1865 966 1898 religiosus
996 1865 1032 1891 de
1060 1866 1166 1895 Salem,
1198 1865 1267 1892 Ord.
1402 1866 1478 1891 Frat.
1493 1865 1641 1893 Johannes
1655 1867 1691 1893 de
1706 1866 1919 1900 Faucoigneyo.
1936 1866 2006 1892 Ord.
2024 1867 2105 1897 Min..
2127 1867 2237 1902 incepit

575 1914 703 1943 Cisterc„
721 1914 754 1939 28
770 1914 863 1940 Martii
882 1920 933 1939 1⁰¹³
947 1923 1024 1941 curs.
1528 1917 1610 1942 vetus
1621 1916 1843 1942 Testamentum
1858 1916 1905 1942 die
1919 1924 1974 1941 xxv
1989 1916 2080 1942 Junii.

468 1979 503 1981 —
539 1963 670 1989 Nicolaus
694 1963 832 1997 Amberg,
857 1963 1009 1996 religiosus
1037 1964 1211 1990 monasterii
1234 1965 1270 1990 de
1402 1964 1475 1997 Mag.
1492 1963 1623 1990 Nicolaus
1637 1964 1772 1993 Eveuret,
1789 1963 1822 1989 28
1837 1963 1907 1989 Julii
1926 1969 1976 1989 1¹¹⁰·
1990 1971 2066 1992 curs,

580 2011 754 2041 Lucezella¹.
767 2012 836 2038 Ord.
849 2012 979 2042 Cisterc.,
993 2021 1025 2047 29
1036 2012 1131 2038 Martii
1144 2018 1195 2038 ιΜΩ
1206 2020 1281 2038 curs.
1421 2027 1456 2031 —-
1493 2012 1636 2042 Robertus
1648 2013 1779 2039 Masselin
1787 2012 1808 2043 ²,
1825 2012 1840 2041 ίι
1855 2013 1931 2045 Aug.
1951 2017 2001 2038 ιιιιιι
2017 2020 2094 2038 curs.

450 2062 523 2095 Mag.
542 2061 705 2088 Ludovicus
718 2061 821 2091 Baillif.
837 2062 852 2087 3
868 2062 960 2095 April.
979 2066 1029 2087 ium
1045 2069 1120 2088 curs.
1402 2062 1478 2088 Frat.
1493 2061 1641 2088 Johannes
1655 2062 1691 2089 de
1707 2062 1796 2088 Pratis
1811 2062 1907 2088 dictus
1920 2061 1956 2087 de
1971 2061 2146 2091 Cambrone,
2163 2061 2234 2087 Ord.

468 2127 503 2129 —
539 2111 688 2137 Johannes
708 2110 819 2140 Solerii,
837 2120 852 2146 7
865 2111 931 2137 Maii
948 2117 999 2136 ιω·
1017 2119 1092 2137 curs.
1528 2112 1609 2142 Cist..
1626 2112 1658 2137 26
1671 2112 1746 2145 Aug.
1764 2118 1817 2137 2⁰³¹
1831 2119 1907 2138 curs.

1401 2161 1475 2194 Mag.
1492 2161 1640 2187 Johannes
1652 2161 1724 2191 Hue.
1742 2170 1757 2196 9
1775 2161 1923 2195 Septemb.
1943 2166 1993 2186 1um
2009 2167 2083 2187 curs.
2163 2159 2199 2196 [9]

454 2213 523 2237 Bibl.
539 2217 592 2238 nat.
609 2213 703 2242 Paris„
719 2221 770 2237 ms.
785 2213 833 2237 lut.
850 2213 919 2240 5494,
932 2221 960 2244 p.
975 2212 1029 2241 193,
1046 2212 1101 2239 201.

454 2298 478 2323 1.
494 2299 512 2322 Ι.
529 2307 551 2321 e.
568 2298 673 2322 Lucella
687 2297 793 2328 (Lsstzel)
808 2297 834 2320 in
849 2296 1002 2321 Alamannia
1013 2296 1153 2328 superiori.
1168 2296 1209 2320 Cf.
1222 2296 1412 2323 JANAUSCHEK,
1430 2293 1506 2324 Oriy.
1522 2295 1644 2321 Cisterc..
1662 2295 1681 2324 l,
1698 2303 1724 2326 p.
1741 2295 1779 2318 12.
1795 2308 1827 2313 —-
1841 2294 1866 2319 2.
1882 2295 1918 2318 De
1934 2295 2089 2325 Rotomngo,
2105 2302 2147 2318 an.
2164 2294 2233 2323 1441,

360 2343 386 2366 in
400 2343 578 2367 Universitute
591 2342 748 2367 Cadomensi
764 2342 865 2365 studuit
881 2342 990 2371 (Bam-:r¹
1007 2342 1173 2366 Inventaire
1186 2342 1232 2365 des
1249 2341 1381 2365 Archives
1395 2341 1428 2363 de
1443 2338 1619 2363 l'Universite'
1628 2340 1661 2362 de
1677 2342 1760 2368 Gaea,
1778 2343 1796 2363 t.
1811 2340 1843 2369 ΙΙ,
1862 2348 1889 2371 p.
1905 2340 1920 2362 9
1935 2341 1997 2371 sq.).

363 2506 506 2544 2525.
532 2515 718 2541 Sententiarii
735 2519 762 2541 et
775 2514 882 2541 Biblici
896 2514 1056 2540 Parisiens.

1588 2556 1662 2586 1438,
1677 2555 1812 2589 Septemb..
1828 2555 1943 2583 Parisii-⁴1.

448 2646 599 2679 Nomina
614 2646 902 2680 bachalariorum
918 2646 979 2691 qui
996 2646 1213 2691 inceperunt
1234 2645 1445 2679 Sentencias
1467 2645 1503 2677 in
1521 2656 1646 2677 mense
1664 2642 1868 2690 Septembri
1889 2641 2202 2676 CCCCXXXVIII
2222 2653 2229 2674 ε

448 2745 522 2770 Frat.
538 2745 703 2771 Anthonius
719 2745 878 2778 Boyssonis.
895 2745 964 2771 Ord.
980 2745 1088 2774 Carm.,
1106 2744 1183 2777 xxiiij
1202 2743 1275 2779 [sol.]
1396 2744 1471 2769 Frat.
1486 2743 1593 2776 Huguo
1605 2743 1773 2772 Theobaldi,
1790 2742 1860 2768 Ord.
1878 2742 1960 2770 Min..
1975 2741 2052 2774 xxiiij
2070 2741 2155 2774 [sol.].

464 2809 499 2811 —
535 2794 681 2821 Johannes
698 2795 733 2821 de
753 2795 843 2820 Pratis
862 2795 930 2820 alias
949 2794 984 2820 de
999 2794 1174 2823 cambrone,
1191 2793 1260 2819 Ord.
1412 2808 1446 2811 ——
1483 2792 1603 2818 Michael
1613 2792 1649 2818 de
1661 2791 1770 2825 Epila‘,
1785 2791 1854 2817 Ord.
1870 2790 1964 2820 Pred„
1980 2790 2056 2823 xxiiij
2076 2788 2159 2824 [sol.].

571 2843 700 2872 Cisterc„
718 2844 827 2877 incepit
846 2844 899 2869 sub
919 2843 1059 2877 magistro
1076 2843 1211 2869 ‚Iohanne
1226 2842 1262 2868 de
1411 2856 1446 2860 —
1482 2841 1636 2867 Mauricius
1649 2839 1777 2867 Picardi²
1787 2840 1857 2873 legit
1868 2839 2033 2866 Sentencias
2044 2846 2095 2872 per
2102 2838 2227 2865 bullam.

574 2892 673 2921 Ponte,
690 2893 766 2926 xxiiij
785 2891 869 2927 [sol.].
1516 2890 1585 2917 Ord.
1600 2891 1664 2916 frat.
1683 2890 1777 2919 Prcd.‚
1795 2889 1872 2922 xlviij
1889 2887 1974 2924 [sol.].
2155 2886 2193 2922 [6]
