2502 3418
270 318 362 353 1410]
614 333 657 353 Aa
694 333 797 353 anno
833 333 1119 354 MCCCLXXXXIV
1156 334 1285 361 tisoni:
1322 335 1368 355 ΑΒ
1403 336 1540 356 ANNUM
1577 337 1780 358 mcccctitt.
2068 332 2126 363 183

268 442 406 479 1889.
435 452 609 478 Universitas
625 452 720 478 Paris.
739 452 779 478 ad
793 453 950 478 Iohannem
966 455 1063 478 XXIII
1076 454 1185 487 scribit,
1203 454 1405 490 supplicando⁷
1425 459 1454 480 ul
1471 456 1593 481 rotulum
1608 456 1672 482 olim
1690 457 1856 483 Alemndro
1879 461 2126 494 Vpraesentatum

350 501 451 535 signet.

1503 541 1574 570 7470,
1592 542 1673 571 annio,
1692 542 1804 568 Parisiis.

349 624 403 656 Ad
428 631 580 657 vestram
607 624 878 665 sublimitatem.
897 632 997 669 pater
1017 633 1154 666 sancte,
1176 634 1381 671 presentem
1405 628 1561 661 rotulum
1584 641 1663 661 cum
1686 630 1872 675 inscriptis
1894 632 2125 676 supplicatio-

262 690 369 723 nibus
394 691 602 724 transmittit
622 691 771 724 humilis
797 691 869 724 filia
892 699 1011 725 vestra
1038 693 1292 737 primogenita.
1315 701 1435 727 vestre
1458 707 1602 740 quoque
1625 703 1772 740 paterne
1794 698 1970 730 sanctitati
1998 700 2124 733 devota

261 757 404 801 penitus
422 757 648 791 Universitas
670 758 924 802 magistrorum
948 759 1058 791 studii
1077 760 1307 793 Parisicnsis.
1330 761 1419 794 Cum
1439 762 1533 794 enim
1556 762 1743 795 laboribus
1761 770 1794 796 et
1817 765 1987 797 tenuitate
2009 766 2123 810 ipsius

259 824 534 866 animadversis,
567 825 660 869 apud
690 825 749 857 sel.
782 837 855 858 ree.
890 825 1130 858 Alexandrum
1164 839 1288 871 papam
1325 828 1489 872 quintum
1521 830 1700 873 ejusmodi
1738 830 1846 862 rotuli
1884 832 2123 875 signationem

259 890 516 935 amplissimam
533 898 655 924 vestro
676 892 942 925 interveniente
959 893 1091 925 auxilio
1108 893 1239 926 suisset
1254 895 1513 939 consequuta¹‚
1534 908 1638 940 quem
1657 896 1743 929 hora
1761 904 1917 930 extrema
1935 899 2124 943 preripuit,

259 958 467 1002 priusquam
489 957 607 991 dictus
629 958 769 991 rotulus
791 959 957 992 effectum
979 960 1184 1001 sortiretur,
1207 962 1260 993 sas
1282 968 1337 994 est
1357 962 1497 994 eidem2
1520 974 1680 1007 sperare,
1707 964 1737 996 si
1759 964 1837 996 fieri
1858 972 1994 1009 posset7
2018 966 2121 998 ctiam

257 1024 467 1069 ampliorem
490 1025 638 1070 gratiam
658 1038 675 1058 a
691 1032 810 1058 vestra
827 1026 1167 1059 munificentissima
1184 1028 1371 1061 sanctitate
1389 1041 1604 1062 concessum
1623 1030 1679 1070 iri7
1699 1043 1816 1075 neque
1834 1043 1963 1076 operas
1981 1039 2123 1065 nostras

257 1090 390 1136 quibus
418 1092 455 1124 in
483 1092 672 1125 ecclesiam
702 1099 850 1125 matrem
881 1105 1025 1138 semper
1046 1094 1180 1127 suimus
1210 1096 1384 1139 propensi
1415 1103 1474 1128 aut
1501 1096 1607 1129 nobis
1635 1097 1725 1142 ipsis
1753 1098 1838 1130 licet
1867 1105 1924 1131 aut
1956 1111 2047 1144 opus
2069 1107 2119 1132 cst

256 1164 376 1191 vestre
394 1159 572 1191 sanctitati
594 1159 747 1200 referre3
771 1159 838 1192 hoc
856 1167 1020 1193 nostrum
1042 1161 1269 1205 propositum
1287 1163 1475 1206 aperuisse
1497 1164 1583 1196 satis
1605 1164 1662 1203 sit,
1681 1164 1818 1196 nullum
1842 1165 1999 1198 laborem
2020 1179 2121 1199 recu-

257 1237 348 1267 sare,
368 1225 398 1258 si
419 1226 526 1258 modo
548 1226 590 1259 ad
613 1225 855 1259 obedientiam
873 1234 993 1260 vestre
1015 1228 1216 1261 sanctitatis
1238 1229 1334 1273 quod
1357 1237 1526 1274 superest
1546 1231 1700 1263 ecclesie
1723 1232 1906 1276 possimus
1923 1233 2117 1266 adducere.

257 1292 297 1324 Id
319 1292 413 1324 enim
436 1292 606 1325 omnibus
627 1292 831 1333 beneficiis,
856 1293 1148 1339 quibuscumque
1171 1296 1463 1340 promotionibus
1485 1304 1516 1329 et
1540 1297 1721 1330 universis
1744 1298 1959 1332 utilitatibus
1984 1301 2120 1333 nostris

254 1358 421 1392 volumus
460 1360 643 1404 anteponi.
680 1361 931 1393 Reverentiam
972 1373 1117 1406 quoque
1158 1362 1278 1395 debite
1314 1363 1523 1396 obedientie
1562 1364 1669 1396 istius
1706 1365 1814 1397 rotuli
1850 1367 2119 1410 presentatione

253 1432 373 1458 vestre
396 1426 596 1459 sanctitatis
620 1427 828 1460 celsitudini
851 1428 1051 1469 offerimus⁷
1071 1441 1174 1473 quam
1199 1436 1321 1462 nostra
1344 1442 1408 1475 pro
1430 1437 1529 1475 parte
1551 1431 1660 1475 legati
1682 1433 1797 1464 nostri
1820 1434 1876 1473 N.7
1894 1439 1976 1474 etc.7
1998 1434 2119 1478 exple-

254 1492 356 1534 bunt,
374 1505 465 1538 quos
487 1494 646 1538 benigne
668 1494 844 1539 recipere„
870 1495 1010 1539 placide
1031 1496 1155 1528 audire
1178 1502 1211 1528 et
1233 1508 1356 1529 eorum
1380 1497 1486 1530 dictis
1507 1497 1615 1530 fidem
1637 1499 1784 1539 addere,
1807 1499 1976 1544 dignetur
1994 1501 2116 1533 eadem

253 1566 371 1592 vestra
394 1560 577 1600 sanctitas,
600 1567 706 1605 atque
728 1561 922 1606 inscriptas
950 1562 1069 1594 rotulo
1100 1562 1169 1595 isto
1200 1563 1486 1608 supplicationes
1515 1565 1698 1606 exaudire7
1729 1572 1832 1610 prout
1855 1567 1958 1598 etiam
1987 1568 2119 1611 petitur

252 1626 454 1659 concedere
483 1639 522 1659 ac
553 1627 690 1660 litteras
718 1628 937 1672 apostolicas
967 1640 1078 1673 super
1098 1629 1237 1662 eisdem
1266 1631 1428 1675 expediri
1462 1632 1642 1672 mandare,
1666 1644 1744 1664 cum
1768 1634 2007 1677 prerogativis
2030 1634 2117 1666 sub-

253 1693 398 1738 scriptis
420 1700 454 1726 et
474 1694 649 1727 clausulis
671 1695 877 1739 oportunis,
901 1702 937 1728 ut
958 1695 993 1727 in
1015 1696 1140 1728 forma.

343 1791 458 1815 Minuta
480 1791 595 1815 chartac.
612 1792 638 1814 in
662 1793 738 1815 Arch.
754 1796 808 1816 nat.
825 1793 919 1820 Paris„
938 1794 961 1816 M
977 1795 1028 1821 65¹2,
1043 1798 1072 1815 n⁰
1091 1795 1130 1817 116.
1146 1794 1284 1825 Temporis
1301 1798 1362 1818 nota
1378 1804 1390 1818 c
1406 1800 1481 1818 nunr‘
1498 1796 1616 1827 sequenti
1634 1800 1754 1827 apparet.
1772 1797 1870 1819 Ibidem
1888 1798 2053 1821 Universitas
2069 1807 2117 1829 pro

250 1835 368 1858 Johanne
385 1836 504 1865 Bouveti,
518 1845 589 1867 meg.
605 1840 664 1864 nrt.y
683 1837 836 1860 baccalareo
852 1838 955 1869 legente
970 1838 995 1861 in
1013 1839 1060 1861 sac⁴
1077 1839 1159 1867 decta,
1177 1848 1187 1861 «
1203 1839 1331 1869 portitore
1347 1840 1495 1863 litterarum
1512 1841 1544 1863 nd
1561 1841 1725 1864 sanctitatem
1744 1841 1902 1864 directarum
1918 1851 1939 1867 υ.
1956 1843 2030 1873 petit.

344 1919 367 1944 1.
385 1920 471 1943 Primo
485 1928 490 1943 ε
506 1929 517 1943 (t
535 1921 676 1944 fuissemus
690 1922 843 1952 consequuti
860 1930 881 1945 ›>.
896 1936 925 1939 —
941 1922 965 1946 2.
980 1923 1067 1945 Primo
1082 1930 1086 1945 z
1106 1931 1116 1944 r<
1133 1923 1208 1945 nobis
1223 1932 1243 1946 ›>.

255 2087 393 2124 1890.
423 2097 597 2123 [Ιηὶνρνείἰαε
612 2098 708 2124 Paris.
725 2098 826 2123 scribit
841 2098 881 2123 ad
896 2107 962 2124 suos
978 2099 1092 2124 nuntios
1109 2099 1137 2124 iti
1152 2099 1232 2124 curia
1248 2100 1338 2131 Rom.7
1355 2104 1385 2125 ut
1400 2100 1560 2126 accelerent
1573 2100 1660 2125 rotuli
1674 2101 1875 2134 signationem.

1493 2184 1563 2213 1410,
1579 2184 1659 2213 dunin,
1676 2184 1791 2209 Parisiis.

339 2267 572 2312 Suscepimus
607 2268 745 2301 litteras
774 2276 926 2310 vestras,
956 2270 1146 2314 predilecti
1173 2278 1206 2303 et
1233 2271 1462 2304 venerabiles
1484 2272 1563 2312 viri7
1597 2272 1710 2305 nostri
1734 2273 1842 2304 rotuli
1870 2273 2109 2317 signationem

249 2334 511 2378 exprimentes¹
530 2341 565 2367 et
581 2347 794 2380 quamquam
813 2336 998 2369 scribendi
1019 2349 1153 2370 moram
1176 2338 1397 2382 aliquantum
1418 2339 1641 2379 miraremur,
1666 2346 1836 2383 percepto
1856 2346 1971 2371 tamen
1993 2340 2109 2372 fructu

249 2401 360 2433 vestri
385 2400 522 2434 laboris
542 2401 676 2434 suimus
702 2401 870 2435 habunde
895 2404 1075 2443 contenti3
1104 2405 1284 2448 ejusmodi
1306 2417 1390 2437 vero
1416 2405 1554 2437 litteras
1585 2405 1620 2437 in
1648 2406 1740 2438 sesto
1763 2406 1966 2438 Trinitatis²
1993 2406 2110 2450 perle-

248 2467 381 2512 gimus,
409 2480 478 2512 que
506 2468 613 2500 nohis
642 2481 805 2513 magnam
834 2469 982 2502 letitiam
1011 2471 1220 2503 attulerunt.
1245 2473 1393 2511 Verum,
1422 2478 1459 2504 ut
1487 2483 1544 2504 res
1573 2472 1726 2503 humane
1749 2484 1787 2504 sc
1816 2472 1960 2512 liabent,
1988 2472 2108 2506 brevis

247 2534 314 2566 fuit
333 2533 399 2567 hec
420 2534 546 2574 letitia„
571 2535 748 2579 siquidem
773 2543 856 2580 post
877 2537 1032 2569 triduum
1056 2537 1123 2570 alie
1146 2538 1264 2570 littere
1284 2545 1404 2571 vestre
1426 2538 1561 2571 obitum
1586 2538 1721 2570 domini
1744 2539 1878 2571 nostri³⁵
1901 2539 2107 2572 nuntiantes

248 2608 551 2645 supervenerunt,
571 2602 696 2646 sicque
718 2609 874 2635 extrema
896 2604 1026 2647 gaudia
1049 2616 1168 2636 meror
1188 2605 1412 2649 eccuppavit.
1433 2605 1621 2638 Celebrata
1643 2605 1762 2649 itaque
1780 2605 1888 2637 missa
1904 2606 2021 2638 votiva
2043 2618 2106 2651 pro

247 2667 362 2700 anima
383 2668 532 2712 ipsius&
560 2681 629 2713 que
655 2669 691 2700 in
713 2681 798 2713 pace
822 2670 1037 2714 requiescat,
1063 2671 1382 2703 animadvertimus
1404 2671 1661 2703 nichilominus
1683 2671 1945 2715 providendum
1968 2684 2049 2705 esse
2071 2674 2106 2705 in

248 2734 361 2766 nostri
384 2734 491 2767 rotuli
514 2735 758 2779 expeditione.
777 2736 853 2778 Qua
871 2737 906 2768 in
925 2749 962 2768 re
984 2737 1217 2781 pensavimus
1235 2738 1338 2781 equis
1356 2738 1485 2769 animis
1502 2744 1644 2770 vestros
1666 2737 1822 2778 labores,
1841 2744 1876 2770 et
1891 2750 1955 2771 vos
1978 2739 2104 2771 iterum

247 2799 425 2845 elegimus
446 2801 481 2833 in
504 2802 651 2834 nuntios
677 2809 711 2834 et
739 2802 891 2847 legatos,
920 2803 1028 2835 rotuli
1058 2804 1172 2836 nostri
1195 2804 1434 2847 signationem
1459 2811 1490 2835 et
1513 2804 1779 2847 expeditionem
1805 2812 2105 2848 prosequuturos.

248 2867 323 2908 Qua
343 2879 453 2912 super
470 2880 506 2900 re
530 2868 704 2901 noveritis
726 2875 879 2901 mentem
903 2876 1060 2902 nostram
1084 2882 1179 2910 esse,
1198 2870 1398 2914 predictum
1422 2870 1577 2902 rotulum
1602 2870 1661 2914 qui
1683 2870 1775 2914 apud
1794 2882 1857 2902 vos
1880 2878 1934 2903 est.
1955 2871 1990 2903 in
2007 2873 2103 2904 curia
