2502 3418
407 323 469 354 194
985 326 1304 355 οΗΑιὶτυιΑηιυΜ
1338 333 1528 355 umvmzs.
1565 333 1694 355 PAms.
2178 319 2277 355 [1410

410 448 549 485 1904.
579 458 753 483 Universitas
776 458 803 483 in
821 460 848 483 S.
870 458 1018 484 Ber-nardo
1035 461 1210 492 congregata
1223 457 1368 483 concludit
1382 457 1493 492 legatos
1507 457 1660 483 mittendos
1678 457 1717 482 ad
1731 465 1832 491 regem,
1853 457 1879 482 ei
1894 456 2046 490 relaturos,
2063 465 2137 491 quae
2150 456 2277 482 dixerint

494 506 584 540 legati
596 515 694 542 papae
710 506 745 532 de
758 506 892 540 decimis;
909 507 1061 532 revocandi
1076 510 1150 532 sunt.
1171 506 1202 532 Si
1217 506 1307 540 legati
1326 506 1435 532 nollent
1454 506 1545 537 abire,
1563 505 1693 540 facultas
1709 505 1871 539 theologiae
1890 509 1989 531 contra
2005 513 2053 530 eos
2072 505 2103 530 in
2119 505 2193 531 facto
2208 505 2276 532 fidei

489 555 664 590 procederet.
683 556 858 581 Universitas
872 555 1011 581 conclusit
1026 555 1111 581 etiam
1127 555 1257 581 omnibus
1272 555 1342 580 aliis
1360 555 1607 589 Universitatibus,
1622 554 1776 590 praelatis,
1790 553 1953 590 capellanis
1968 553 2150 579 scribendum
2167 557 2197 579 ut
2211 562 2275 580 sese

494 604 551 639 ipsi
565 604 765 639 adjungerent.
784 604 885 637 Legati
897 604 1030 629 Parisios
1046 604 1224 639 reliquerunt
1240 612 1254 628 «
1268 612 1339 629 sans
1354 603 1416 629 dire
1432 603 1520 629 adieu
1534 612 1559 629 ›.

1595 683 1665 712 1410,
1681 682 1795 709 Novemb.
1809 683 1854 711 30,
1871 682 1985 708 Ρανὶεῐίε.

498 771 600 795 chron.
617 772 649 794 cte
662 771 832 801 ItIonstrelct,
850 772 880 799 ΙΙ,
897 779 922 801 p.
941 771 994 793 105.
1012 784 1039 787 —
1057 771 1148 793 Postea
1160 770 1238 793 etiam
1255 769 1375 793 diversae
1391 769 1609 801 congregationes
1625 769 1773 793 celebratae
1788 772 1858 792 sunt.
1874 769 1932 793 vid.
1949 769 2015 792 ibid.

408 963 546 1000 1905,
575 973 748 998 Πηίνενείίαε
764 973 858 998 Paris.
876 972 916 997 ad
932 972 1084 1006 quemdam
1106 971 1272 1007 praelatum
1294 971 1397 997 scribit
1420 975 1519 997 contra
1539 971 1650 1006 legatos
1669 980 1778 1007 papae,
1797 971 1847 1006 qui
1868 971 1996 997 decimas
2019 972 2185 1007 requirunt;
2209 980 2273 998 sese

496 1021 678 1047 Universitatt
693 1021 843 1056 adjungat.

1595 1056 1665 1085 7470.
1681 1055 1795 1082 Moremb.
1813 1056 1857 1086 30,
1873 1056 1987 1082 Ρανίείίε.

490 1144 743 1189 Sperabamus,
766 1144 966 1177 reverende
988 1151 1101 1189 pater,
1125 1151 1232 1188 prout
1251 1151 1435 1177 annuente
1453 1145 1528 1176 Deo
1546 1144 1662 1176 nostri
1682 1144 1868 1188 vestrique
1885 1143 2030 1176 labores
2051 1151 2269 1186 meruerant,

401 1211 589 1244 ecclesiam
617 1211 835 1244 Gallicanam
864 1211 1022 1255 antiquis
1049 1211 1086 1243 in
1112 1210 1342 1244 libertatibus
1367 1218 1545 1256 perpetuo
1572 1210 1792 1252 duraturam,
1814 1223 1894 1243 curn
1917 1211 2030 1256 regiis
2051 1210 2195 1252 litteris,
2213 1222 2270 1244 ar-

400 1285 495 1310 resto
518 1278 728 1322 parlamenti
754 1278 1012 1322 communique
1034 1277 1189 1310 ecclesie
1211 1277 1397 1311 Gallicane
1418 1289 1615 1318 consensu,
1639 1277 1734 1310 sicut
1754 1277 1856 1310 scitis
1884 1277 1971 1310 citra
1997 1289 2132 1322 paucos
2153 1289 2269 1311 annos

397 1344 645 1377 confirmatum
664 1345 780 1377 extitit
795 1351 830 1377 et
848 1344 1074 1377 conclusum.
1094 1345 1196 1377 Nunc
1213 1351 1346 1386 autem,
1364 1345 1467 1389 quasi
1484 1356 1551 1377 nos
1569 1344 1805 1389 singulariter
1821 1344 1986 1377 laborare
2003 1345 2096 1377 De0¹
2116 1344 2269 1390 compla-

397 1418 485 1452 ceat,
509 1412 613 1444 novis
635 1411 822 1443 laboribus
849 1411 985 1444 nostris
1008 1423 1099 1444 nova
1121 1423 1369 1456 supervenere
1391 1411 1565 1456 pericula,
1588 1410 1721 1456 quibus
1742 1417 1840 1444 certe
1868 1411 1939 1444 nisi
1964 1411 2118 1444 viriliter
2143 1423 2271 1444 occur-

398 1485 505 1515 ratur,
525 1478 696 1522 peribunt
716 1485 751 1510 et
771 1477 1042 1511 evacuabuntur
1064 1477 1219 1510 ecclesie
1237 1478 1438 1519 libertates,
1461 1490 1616 1522 moxque
1638 1478 1797 1511 servitus
1817 1478 1962 1523 antiqua
1983 1477 2129 1511 redibit.
2151 1479 2270 1512 Vene-

397 1551 479 1576 runt
500 1544 530 1576 si
552 1544 714 1585 nescitis,
739 1544 940 1577 reverende
962 1551 1076 1588 pater,
1098 1544 1322 1577 sanctissimi
1340 1544 1478 1577 domini
1495 1544 1612 1577 nostri
1634 1556 1724 1589 pape
1745 1544 1869 1589 legati,
1892 1544 1953 1589 qui
1975 1545 2069 1577 sicut
2085 1556 2127 1577 ex
2144 1556 2269 1577 eorum

397 1611 594 1655 propositis
617 1611 825 1650 edocemur,
849 1611 1008 1643 decimas
1033 1610 1203 1654 quotiens
1225 1623 1313 1655 papa
1334 1611 1445 1652 volet,
1472 1611 1654 1652 vacancia,
1671 1611 1887 1644 collectores
1908 1610 2270 1656 subcollectoresque

395 1694 433 1714 ac
454 1682 521 1714 alia
547 1694 616 1726 que
639 1682 827 1714 retroactis
851 1681 1079 1726 temporibus
1099 1682 1250 1727 viguere
1274 1682 1439 1715 subsidia
1460 1682 1695 1715 introducere
1716 1683 1894 1722 nituntur,
1916 1694 2114 1727 regemque
2140 1682 2271 1727 impor-

396 1755 480 1781 tune
502 1748 659 1793 pulsant,
677 1756 715 1781 ut
735 1749 943 1781 exactiones
965 1748 1177 1793 hujusmodi
1199 1760 1265 1781 suo
1283 1761 1431 1782 currere
1453 1749 1624 1782 decetero
1641 1749 1825 1794 permittat
1844 1749 1881 1781 in
1898 1761 2025 1794 regno,
2044 1761 2114 1794 que
2135 1749 2268 1791 omnia,

396 1816 594 1848 reverende
621 1822 733 1859 pater,
757 1815 825 1848 sub
852 1815 998 1848 silentio
1022 1822 1262 1848 transeamus.
1291 1816 1454 1849 Ecclesia
1479 1816 1516 1848 in
1543 1816 1785 1861 perditionem
1812 1828 1885 1849 non
1911 1816 1990 1849 sine
2015 1816 2120 1860 culpa
2145 1822 2268 1849 nostra

395 1882 529 1914 nostris
551 1882 777 1926 temporibus
800 1882 998 1926 redigetur.
1024 1883 1197 1927 Exurgite
1219 1883 1343 1927 igitur,
1362 1883 1564 1916 reverende
1581 1887 1718 1928 [pate]r,
1738 1890 1773 1916 et
1792 1883 1947 1916 ecclesie
1969 1883 2084 1923 matri,
2104 1894 2174 1928 que
2195 1894 2268 1915 non

394 1949 438 1981 ad
468 1949 679 1981 servitutem
707 1948 771 1981 sed
802 1949 845 1981 ad
877 1948 1079 1981 libertatem
1110 1955 1190 1981 nata
1219 1956 1286 1991 est,
1314 1961 1383 1982 una
1414 1949 1605 1983 nobiscum
1634 1950 1850 1991 succurrite,
1882 1949 2076 1994 nobisque,
2105 1949 2167 1994 qui
2193 1950 2266 1993 jam

395 2019 543 2056 co[ntra]
565 2027 628 2047 eos
650 2026 863 2059 processum
885 2015 928 2047 ad
950 2014 1157 2047 libertatum
1179 2017 1495 2049 conservationem
1518 2017 1735 2061 incepimus,
1758 2016 2028 2061 adjunctionem
2044 2022 2200 2049 vestram
2221 2015 2268 2048 ita

395 2089 430 2114 et
457 2082 747 2126 procurationem
779 2082 821 2114 ad
852 2082 1108 2126 appellandum
1132 2087 1179 2123 e[t
1205 2082 1487 2123 desend]endum
1515 2083 1649 2128 quibus
1675 2095 1767 2128 opus
1793 2083 1874 2123 erit,
1900 2083 1990 2116 visis
2018 2082 2267 2127 presentibus,

396 2148 502 2181 nobis
529 2148 711 2181 destinare
737 2148 870 2181 velitis.
900 2150 974 2180 Nos
1004 2155 1121 2181 autem
1152 2161 1221 2193 que
1248 2150 1431 2182 interdum
1463 2162 1573 2195 opere
1600 2150 1840 2191 defension[is
1866 2150 2079 2195 proderunt]
2106 2149 2269 2194 infatiga-

396 2215 517 2247 biliter
545 2226 741 2259 procurare
772 2214 1015 2247 studebimus.
1054 2216 1268 2248 Reverendo
1306 2223 1420 2261 pater,
1450 2223 1570 2250 vestra
1601 2217 1718 2250 valeat
1749 2216 1950 2250 reverenda
1977 2216 2174 2261 paternitas
2203 2227 2269 2260 per

397 2282 616 2314 incrementa
649 2281 841 2313 bonorum.
875 2283 1016 2322 Dat[um
1043 2282 1205 2314 Parisius
1237 2282 1285 2323 in]
1313 2290 1435 2315 nostra
1465 2284 1754 2328 congregatione
1781 2283 1945 2328 generali
1975 2283 2069 2328 apud
2098 2283 2266 2315 Sanctum

400 2347 619 2380 Bernardum
642 2360 753 2392 super
772 2347 840 2380 hoc
863 2348 1070 2393 specialiter
1091 2348 1284 2389 celebrata,
1307 2349 1365 2381 die
1387 2349 1511 2382 ultima
1532 2350 1670 2383 mensis
1690 2349 1919 2383 Novembris.

1045 2428 1165 2461 Vestri
1186 2434 1305 2461 rector
1324 2434 1358 2462 et
1383 2429 1609 2463 Universitas
1628 2429 1744 2464 studii
1762 2430 1998 2463 Parisiensis.

489 2525 633 2555 Originale,
649 2525 803 2553 laceratum,
821 2525 847 2547 in
863 2525 941 2548 Arch.
963 2529 1016 2548 nat.
1034 2525 1127 2553 Paris„
1145 2526 1167 2548 Μ
1184 2528 1235 2554 65¹²,
1252 2530 1280 2548 11ο
1301 2527 1345 2548 1⁵22
1362 2526 1434 2555 (olim
1451 2528 1480 2549 Α.
1498 2529 1536 2550 33.
1557 2530 1624 2557 aaa).
1641 2529 1763 2551 Fortasse
1781 2528 1893 2559 epistola
1908 2527 2040 2551 destinata
2055 2530 2111 2550 erat
2125 2527 2157 2550 ad
2177 2526 2267 2549 archi-

395 2569 548 2600 episcopum
566 2571 726 2596 Remensem.
745 2570 777 2592 ad
790 2578 867 2600 quem
881 2569 1047 2592 Universitas
1062 2570 1195 2601 scriptura
1210 2574 1267 2593 erat
1283 2571 1396 2599 (Chron.
1413 2573 1445 2595 de
1460 2572 1630 2601 Mousti-elec,
1649 2573 1680 2600 ll,
1696 2581 1723 2604 p.
1740 2573 1804 2602 106).

489 2653 513 2677 1.
531 2654 604 2684 Orig.
620 2661 625 2675 2
645 2662 656 2676 «
673 2654 739 2676 Deus
754 2661 777 2683 »,
794 2656 818 2676 et
832 2657 890 2676 ante
905 2662 916 2675 «
934 2653 1132 2684 singulariter»
1146 2654 1264 2685 ponitur.
