2502 3418
391 326 456 359 356
974 335 1292 358 CHARTULAMUM
1319 334 1511 357 Uvassns.
1549 333 1677 355 rmus.
2158 319 2259 355 [1418

393 422 482 455 quar
503 422 542 443 se
564 411 690 443 Rouen
711 422 755 443 ne
778 422 816 443 se
838 417 950 455 pueut
969 410 1076 451 tenir,
1103 409 1224 455 quelle
1245 409 1330 442 ville
1354 420 1393 441 se
1414 408 1566 441 tendra?
1586 408 1630 440 Se
1653 409 1779 440 Rouen
1801 418 1845 439 ne
1867 417 1906 439 se
1931 406 2032 451 peult
2057 405 2256 439 deffendre.

393 476 514 521 quelle
530 477 615 510 ville
638 489 676 510 se
698 477 908 510 deffendra?
929 478 972 510 Se
995 478 1121 509 Rouen
1143 483 1197 509 est
1218 476 1353 520 prinse‚
1377 474 1401 506 il
1423 475 1478 507 n’a
1500 473 1661 506 membre
1683 486 1727 506 en
1748 485 1788 506 66
1810 484 1980 518 royaulne
2001 472 2063 517 qui
2084 472 2167 505 n‘en
2188 471 2260 505 soit

394 543 555 577 debilite.
584 545 627 577 Et
654 556 746 589 pour
770 556 823 585 ce,
849 556 988 577 comme
1010 555 1054 576 en
1076 554 1182 588 corps
1204 542 1359 582 naturel,
1386 547 1497 586 quant
1523 553 1572 573 un
1593 540 1754 573 membre
1776 546 1831 573 est
1850 543 1959 572 navre
1980 551 2026 572 ou
2048 538 2202 579 111661116,
2224 538 2258 571 16

395 622 479 643 sanc
501 617 536 644 et
565 611 619 643 les
640 611 782 656 esperis
804 611 848 643 de
871 611 928 643 vie
950 610 994 642 de
1015 617 1097 642 tous
1123 609 1176 642 les
1198 609 1333 641 aultres
1358 620 1379 653 y
1404 613 1567 648 60016111,
1595 606 1639 639 de
1662 606 1820 651 quelque
1846 606 2102 651 preeminenee
2123 617 2193 650 que
2214 604 2259 637 ilz

395 677 515 710 soient
533 689 540 710 z
559 677 651 710 aulsi
672 677 703 710 la
725 678 835 718 soree,
854 677 887 709 le
909 689 1007 717 sanc,
1026 676 1057 709 la
1080 675 1274 708 substance
1292 675 1336 707 de
1358 681 1440 707 tous
1460 674 1515 706 les
1537 673 1707 706 menbres
1724 673 1768 706 de
1785 685 1825 706 ce
1844 684 2012 718 royaume
2029 671 2132 705 doibt
2151 671 2260 704 main-

394 750 518 777 tenant
538 745 659 777 courir
684 746 701 776 a
723 744 827 776 l⁷aide
849 744 893 776 de
920 743 1005 775 telle
1027 742 1112 775 ville
1135 749 1170 775 et
1190 748 1363 774 encontre
1384 740 1438 773 les
1464 741 1612 774 anciens
1637 740 1788 773 anemis.
1820 740 1889 772 Sur
1909 751 2005 784 quoy
2027 750 2120 771 nous
2142 749 2260 783 regar-

395 812 484 845 dans
505 811 559 844 les
581 811 731 844 crueulx
752 817 787 843 et
806 809 987 842 horriblez
1009 809 1121 854 perilz
1143 809 1204 853 qui
1225 814 1450 853 pourroyent
1469 807 1618 840 advenir
1635 819 1673 840 se
1696 807 1740 839 de
1760 806 1859 839 brief
1874 806 1910 838 ni
1932 805 2041 839 estoit
2060 817 2197 850 proveu
2215 804 2259 837 de

395 878 558 918 remede3
582 885 617 910 et
636 889 771 922 voyans
798 876 829 909 la
851 876 979 909 tardite
1002 882 1037 908 et
1057 875 1275 920 negligence
1297 875 1341 907 de
1363 874 1534 919 pluseurs
1558 885 1603 906 en
1624 880 1722 907 ceste
1744 873 1945 918 provision,
1967 884 2060 917 pour
2085 871 2261 916 acquitier

395 957 462 978 nos
479 945 714 977 consciences
731 954 813 976 vers
836 943 926 975 Dieu
948 949 984 975 et
1003 942 1035 974 le
1058 941 1203 983 monde,
1222 948 1257 974 et
1276 941 1368 974 aulsi
1390 953 1453 986 par
1469 940 1589 981 bonne
1611 940 1745 973 charite
1767 946 1802 973 et
1816 951 1922 984 vraye
1944 938 2130 980 dilection,
2147 949 2260 972 avons

395 1011 545 1044 conclus
567 1022 738 1051 sommer,
764 1010 863 1054 prier
885 1016 920 1042 et
941 1009 1107 1054 requerir
1128 1020 1191 1041 sur
1211 1020 1251 1041 ce
1273 1014 1393 1041 toutes
1414 1007 1468 1040 les
1489 1007 1623 1053 parties
1645 1007 1692 1040 du
1714 1018 1896 1052 royaume.
1927 1007 1970 1038 Et
1996 1005 2164 1038 combien
2190 1016 2260 1049 que

396 1079 460 1111 des
491 1078 523 1110 le
552 1083 863 1110 commencement
890 1076 934 1108 de
961 1088 1000 1108 ce
1030 1075 1140 1108 siecle
1166 1087 1278 1120 ayons
1304 1078 1381 1108 este
1410 1087 1454 1107 en
1483 1086 1549 1107 noz
1579 1073 1878 1119 predecesseurs⁷
1906 1072 2187 1117 premierement
2216 1083 2260 1104 en

397 1145 538 1190 Egipte,
557 1147 662 1188 apres
680 1155 723 1175 en
740 1142 915 1183 Athones,
934 1142 1065 1187 depuis
1087 1144 1104 1175 ὲ
1121 1143 1270 1175 Romme
1288 1148 1322 1174 et
1343 1141 1640 1174 desrainnement
1660 1152 1705 1173 en
1722 1146 1820 1173 ceste
1841 1139 1962 1172 bonne
1978 1138 2063 1172 ville
2081 1139 2125 1171 de
2146 1138 2260 1179 Paris,

394 1212 490 1244 frans
508 1217 543 1243 et
563 1210 775 1255 privilegies
792 1216 827 1242 et
847 1210 972 1242 soions
990 1221 1054 1242 sur
1070 1215 1189 1242 tontes
1211 1221 1315 1254 gens,
1335 1220 1379 1241 en
1396 1215 1471 1241 tant
1491 1219 1561 1252 que
1582 1219 1675 1252 pour
1690 1207 1814 1252 prinse
1831 1206 2092 1251 d’empereurs‚
2111 1205 2155 1238 de
2177 1216 2261 1250 roys

394 1290 440 1311 ou
469 1277 720 1322 quelcunques
747 1276 882 1309 aultres
913 1288 972 1308 cas
1003 1287 1096 1308 nous
1127 1288 1171 1308 ne
1203 1287 1369 1320 payames
1398 1274 1605 1314 subscides‚
1634 1285 1773 1306 comme
1801 1273 1845 1306 de
1876 1279 1954 1305 tout
1982 1272 2078 1305 droit
2106 1278 2162 1305 est
2190 1283 2260 1316 que

394 1356 527 1389 soyons
549 1344 646 1376 frans
668 1355 712 1375 en
735 1349 854 1376 tontes
877 1342 1076 1375 franchises
1100 1354 1106 1375 :
1131 1342 1350 1375 nientmains
1371 1353 1482 1375 avons
1509 1344 1679 1386 presente
1705 1347 1740 1373 et
1760 1340 1866 1372 offert
1885 1339 2139 1372 liberaulment
2161 1344 2196 1371 et
2216 1338 2262 1371 de

394 1410 540 1444 franche
565 1410 710 1443 volente
739 1422 782 1442 au
811 1421 886 1455 roy⁷
915 1416 1038 1442 nostre
1069 1413 1155 1454 pere
1184 1416 1218 1442 et
1248 1409 1442 1442 souverain
1470 1409 1656 1453 seigneur,
1684 1414 1758 1440 tres
1788 1418 1898 1452 grans
1920 1413 1955 1439 et
1975 1405 2140 1438 notables
2161 1405 2262 1438 aides

395 1478 540 1511 selonc²
571 1483 694 1510 nostre
730 1477 870 1521 povoir‚
902 1483 976 1509 tant
1008 1476 1242 1521 espiritueles
1272 1488 1411 1509 comme
1438 1474 1669 1520 temporeles‚
1699 1485 1762 1519 par
1786 1472 2035 1506 contribution
2056 1483 2261 1513 commune,

394 1544 551 1590 laquelle
573 1545 696 1576 serens
718 1550 820 1576 entre
842 1555 935 1576 nous
957 1550 991 1576 et
1011 1543 1169 1576 chascun
1191 1543 1235 1576 de
1257 1555 1351 1575 nous
1373 1542 1498 1575 selonc
1520 1554 1557 1575 sa
1586 1541 1791 1586 puissance,
1819 1552 1911 1585 pour
1936 1546 2033 1572 ceste
2060 1539 2143 1580 sois,
2171 1550 2264 1583 pour

395 1611 546 1652 o[b]vier
569 1615 608 1644 es
630 1611 893 1644 inconveniens
914 1610 1046 1643 dessus
1074 1610 1143 1643 dis.
1175 1611 1271 1642 Pour
1296 1621 1392 1654 quoy
1416 1621 1507 1642 vous
1535 1619 1738 1653 requerons
1764 1614 1799 1640 et
1828 1607 1966 1652 prions,
1996 1618 2059 1639 sur
2083 1605 2116 1638 la
2141 1605 2262 1638 bonne

395 1690 520 1711 amour
541 1685 576 1711 et
605 1678 747 1723 loyaute
769 1689 838 1722 que
864 1689 955 1710 vous
976 1677 1104 1710 voules
1126 1677 1225 1710 avoir
1245 1689 1288 1709 au
1310 1688 1385 1721 roy,
1413 1687 1483 1720 que
1512 1687 1556 1708 en
1584 1681 1682 1707 ceste
1710 1676 1869 1707 extreme
1899 1672 2101 1706 neccessite
2122 1671 2262 1705 veulies

396 1745 560 1778 secourir
581 1744 613 1777 le
636 1756 699 1789 roy
716 1751 750 1777 et
770 1744 803 1777 le
825 1756 1008 1789 royaume7
1032 1751 1067 1776 et
1083 1756 1156 1777 non
1178 1755 1241 1788 pas
1263 1749 1337 1776 tant
1357 1742 1561 1775 seulement
1581 1742 1668 1774 faire
1690 1740 1794 1773 l'aide
1812 1752 1882 1785 que
1899 1739 1932 1772 le
1951 1751 2015 1784 roy
2031 1745 2155 1772 nostre
2175 1741 2262 1784 pere

395 1819 430 1845 et
451 1812 644 1845 souverain
665 1812 840 1856 seigneur
860 1823 951 1844 vous
973 1811 1164 1852 demande,
1187 1811 1276 1843 mais
1297 1821 1381 1843 avec
1403 1821 1442 1842 ce
1465 1809 1566 1842 offrir
1592 1815 1627 1841 ct
1656 1807 1833 1853 emploier
1857 1818 1964 1851 corps
1990 1812 2024 1839 et
2052 1805 2176 1846 biens;
2199 1816 2263 1850 par

395 1880 497 1924 ainsy
517 1879 720 1923 acquiteres
739 1890 805 1911 vos
826 1878 1063 1911 consciences
1087 1890 1171 1911 vers
1200 1877 1305 1917 Diem
1331 1888 1414 1910 vers
1442 1876 1475 1909 le
1504 1888 1568 1921 roy
1592 1882 1714 1908 vostre
1743 1874 1937 1907 souverain
1964 1873 2139 1918 seigneur
2164 1878 2199 1904 et
2227 1871 2261 1905 16

395 1953 532 1987 nostre⁷
550 1957 632 1978 vers
653 1945 687 1978 16
709 1957 878 1990 royaume
901 1951 935 1977 et
955 1956 1038 1977 vers
1055 1956 1120 1978 vos
1141 1945 1270 1985 freres,
1289 1943 1350 1988 qui
1373 1949 1455 1976 sont
1476 1955 1520 1975 en
1542 1941 1708 1975 moi-telle
1729 1941 1912 1981 affliction,
1931 1946 1966 1972 et
1985 1951 2049 1984 par
2064 1951 2104 1971 ce
2126 1950 2206 1971 sera
2227 1937 2260 1971 le

394 2025 458 2057 roy
479 2025 542 2045 sur
562 2012 616 2045 les
637 2011 785 2056 champs
807 2012 889 2056 plus
911 2018 1121 2044 seurement
1141 2018 1177 2044 et
1197 2022 1328 2056 pourra
1350 2011 1551 2043 resourmer
1573 2015 1650 2042 tout
1670 2009 1703 2041 le
1725 2019 1894 2053 royaume
1916 2018 1960 2039 en
1986 2005 2107 2038 bonne
2128 2005 2206 2050 pais
2227 2011 2263 2038 et

395 2080 506 2120 1111116,
525 2086 559 2112 et
581 2091 745 2112 ramener
761 2090 803 2111 au
822 2078 983 2111 heneure
1001 2085 1036 2111 et
1056 2077 1164 2111 noble
1180 2083 1470 2123 gouvernement
1488 2076 1534 2109 du
1553 2083 1669 2120 temps
1686 2074 1827 2108 ancien.
1846 2073 1976 2107 Chiers
1993 2079 2028 2105 et
2047 2072 2141 2105 bons
2157 2072 2260 2113 amis,

395 2147 485 2179 Dieu
501 2158 592 2179 vous
614 2146 716 2178 doint
736 2145 857 2178 bonne
879 2145 1083 2190 prosperite
1105 2157 1149 2177 en
1171 2156 1210 2177 ce
1233 2144 1365 2177 monde
1387 2150 1422 2176 et
1441 2143 1585 2188 paradis
1607 2149 1641 2175 et
1661 2153 1791 2174 armes.

859 2212 927 2257 Voz
943 2211 1171 2246 bienveillans
1187 2211 1235 2254 lez
1252 2216 1391 2245 rectem·
1405 2215 1439 2244 et
1455 2210 1622 2243 maistres
1636 2208 1678 2242 cle
1693 2208 1716 2242 l'
1724 2209 1758 2242 U
1759 2208 1931 2242 niversite'
1945 2206 1987 2240 de
2002 2207 2125 2239 Paris.

486 2338 600 2362 Minuta
619 2337 735 2361 chartac.
758 2337 930 2368 pessumdata
949 2336 975 2359 in
991 2336 1069 2360 Arch.
1085 2339 1138 2359 nat.
1156 2336 1250 2364 Paris„
1267 2336 1290 2358 M
1306 2337 1358 2364 65⁸,
1374 2339 1402 2358 11ο
1421 2335 1462 2358 151
1486 2334 1557 2364 1011111
1578 2334 1606 2357 Α.
1630 2334 1668 2356 33.
1691 2332 1783 2364 gggg).
1802 2332 1922 2360 Quodam
1944 2331 2021 2354 modo
2037 2338 2067 2353 eu
2084 2338 2144 2353 cum
2163 2329 2260 2354 litteris

391 2382 461 2414 regis
477 2382 598 2406 Octobris
614 2383 642 2405 27
658 2390 700 2405 an.
717 2382 776 2404 1418
792 2381 909 2404 connecti
927 2381 1040 2409 videtur,
1057 2381 1102 2403 ubi
1117 2380 1271 2412 explicatur,
1289 2379 1494 2404 universitatem
1513 2387 1540 2402 se
1553 2378 1635 2401 libere
1653 2377 1782 2400 obtulisse
1798 2377 1831 2400 ud
1846 2376 1987 2399 solvendas
2005 2374 2197 2406 impositiones.
2215 2375 2261 2398 Ast

388 2427 416 2450 in
435 2427 483 2449 hac
504 2427 616 2458 epistola
637 2435 687 2449 non
703 2426 734 2449 de
750 2426 964 2457 impositionibus
980 2426 1079 2457 agitur,
1100 2425 1146 2448 sed
1165 2425 1196 2448 de
1211 2424 1415 2453 contributione,
1435 2432 1514 2455 quam
1532 2422 1697 2446 Universitas
1720 2421 1788 2445 inter
1812 2429 1860 2444 sua
1880 2420 2019 2451 supposita
2036 2421 2121 2442 faeere
2136 2418 2220 2442 voluit
2235 2422 2260 2442 et

391 2471 458 2495 fecit.
473 2472 609 2494 Praeterea
625 2471 651 2494 in
666 2471 714 2493 hac
730 2470 841 2502 epistola
856 2470 962 2493 miseria
978 2470 1052 2492 urbis
1066 2469 1204 2500 Rotomagi
1221 2469 1257 2492 sic
1273 2468 1441 2495 describitur,
1456 2471 1485 2491 ut
1500 2468 1532 2491 ad
1546 2470 1729 2498 tempestatem
1744 2465 1917 2497 posteriorem
1928 2473 2007 2496 quam
2023 2463 2115 2487 octob.
2128 2463 2260 2495 pertinere

391 2516 520 2544 videatur,
536 2524 594 2538 cum
607 2516 662 2546 jam
677 2515 752 2546 quasi
770 2515 801 2538 ad
816 2515 990 2538 redditionem
1007 2517 1098 2537 coacta
1113 2517 1177 2537 erat.
1195 2527 1222 2531 —-
1238 2514 1291 2537 Rex
1306 2514 1331 2536 in
1350 2513 1437 2536 animo
1452 2512 1546 2535 habuit
1566 2513 1710 2542 Rotomago
1726 2518 1880 2534 succurrere
1901 2509 1964 2539 (vid.
1980 2509 2118 2536 Fssunnm,
2138 2508 2211 2532 Hist.
2227 2508 2261 2532 de

393 2560 420 2584 la
436 2560 499 2584 ville
512 2561 544 2583 de
559 2560 653 2588 Paris,
671 2560 711 2589 IV,
728 2568 755 2591 p.
772 2560 816 2582 374
833 2568 882 2590 sq„
897 2559 930 2582 ad
945 2559 1070 2582 Nox-emh.
1088 2559 1137 2589 15),
1151 2562 1176 2581 et
1189 2558 1309 2581 Decemb.
1327 2558 1355 2581 12
1371 2557 1545 2581 cancellarius
1562 2555 1696 2584 Fruncine,
1712 2554 1866 2582 consiliarii,
1885 2556 1971 2577 rector
1985 2552 2172 2577 Universitatis
2187 2554 2262 2575 nota-

391 2605 509 2635 bilesque
531 2604 579 2627 viri
603 2604 720 2635 ejusdem
736 2607 905 2635 caeteraeque
921 2607 1011 2634 gentes
1027 2603 1222 2626 ecclesiasticae
1241 2602 1414 2633 collegiorum
1439 2601 1524 2625 Paris.
1549 2600 1733 2623 deliberabant
1754 2599 1780 2622 in
1797 2606 1903 2622 camera
1925 2596 2085 2629 parlamenti
2104 2599 2134 2620 ut
2152 2596 2260 2619 modum

390 2649 516 2680 pecuniae
536 2649 671 2672 habendae
691 2649 811 2671 celeriter
826 2648 983 2679 praeberent
999 2648 1031 2670 ad
1054 2647 1182 2670 auxilium
1197 2647 1299 2670 civitati
1315 2646 1500 2677 Rotomagensi
1519 2645 1685 2668 mittendam.
1701 2645 1768 2667 Tum
1790 2643 1864 2666 curia
1882 2641 2040 2674 parlamenti
2056 2641 2113 2672 regi
2134 2639 2260 2664 Francius

390 2694 413 2716 M
429 2693 510 2716 libras
532 2697 666 2724 praestare
682 2693 797 2716 decrevit
813 2693 901 2722 (Areh.
917 2695 970 2716 nat.
992 2692 1087 2721 Paris,
1105 2692 1151 2714 Χῖἰ
1173 2693 1242 2719 1480,
1262 2691 1306 2715 sol.
1322 2691 1399 2722 160⁶).
1415 2690 1600 2714 verisimiliter
1615 2689 1728 2720 epistola
1750 2696 1833 2719 supra
1854 2687 1924 2711 edita
1939 2687 1973 2710 ad
1991 2686 2058 2709 hanc
2076 2687 2259 2716 tempestatem

390 2738 530 2760 referenda
545 2741 593 2761 est.

482 2847 505 2871 1.
530 2849 558 2870 50
567 2849 611 2870 OOO
629 2850 682 2870 tam
698 2847 794 2870 civium
817 2855 895 2878 quam
918 2847 1166 2870 circumvicinorum
1187 2848 1254 2869 fame
1270 2849 1380 2870 mortem
1393 2846 1558 2869 invenerunt.
1574 2844 1632 2868 Vid.
1647 2844 1679 2867 ad
1695 2843 1759 2866 haec
1776 2843 1904 2871 Pursemz,
1922 2837 2010 2866 Etude
2022 2847 2076 2865 sur
2091 2841 2115 2864 Ie
2134 2840 2207 2871 siege
2225 2841 2259 2864 de

389 2892 496 2918 Rouen,
514 2891 532 2914 l.
547 2900 579 2919 6.,
594 2900 620 2922 p.
636 2893 664 2914 78
679 2900 746 2922 sqq„
763 2893 805 2918 90:
822 2893 971 2920 Mamm-ET,
988 2892 1060 2916 Hist.
1082 2893 1113 2915 de
1134 2891 1253 2922 France,
1271 2892 1312 2921 lv,
1330 2892 1383 2914 352.
1399 2904 1427 2908 —
1444 2890 1468 2915 2.
1485 2890 1532 2913 Ms.
1548 2897 1553 2913 ·.
1571 2898 1581 2912 «
1599 2891 1687 2912 secont
1702 2896 1723 2919 »‚
1736 2888 1754 2912 i.
1770 2896 1792 2911 e.
1808 2896 1819 2911 (i
1834 2887 1977 2910 secundum
1993 2895 2016 2909 ».
