2502 3418
266 317 363 353 1411]
611 329 657 350 AB
692 329 797 351 ΑΝΝΟ
832 327 1123 350 MCCCLxxxxw
1158 327 1289 355 usone
1325 327 1373 348 ΑΒ
1407 327 1547 348 ANNUM
1583 327 1787 349 Mccccmr
2074 320 2135 351 '199

264 404 399 436 curiam
423 403 508 436 dicti
530 403 706 447 prepositi
729 408 894 447 poneret,
920 413 984 446 per
1005 408 1159 445 quatuor
1179 400 1341 445 phisicos
1368 400 1530 432 Parisius
1558 400 1594 432 in
1620 401 1809 444 presencia
1832 402 1983 445 predicti
2005 403 2136 435 exami-

264 470 402 502 natoris
423 481 462 502 ac
483 468 605 501 cleriei
628 468 826 501 criminalis
848 467 1011 511 ejusdem
1040 467 1217 511 prepositi
1238 466 1454 506 visitandos,
1478 466 1816 510 examinareturque
1841 468 1963 499 eadem
1991 470 2135 502 Perreta

265 548 329 581 per
351 536 468 568 dictos
490 535 652 580 phisicos
674 535 848 579 predictis
871 534 1114 566 examinatore
1138 540 1172 566 et
1192 533 1325 566 clerico
1348 545 1490 565 necnon
1513 532 1657 565 duobus
1678 533 1870 577 cirurgicis
1892 534 2035 578 utrique
2057 548 2136 579 par-

264 603 351 635 tium
374 602 495 635 minus
517 602 700 646 suspectis
722 600 971 646 presentibus.
995 602 1038 633 Et
1058 600 1125 632 hoc
1147 600 1239 632 facto
1258 612 1400 632 necnon
1418 599 1514 631 dicto
1532 599 1775 632 examinatore
1793 599 1837 632 de
1857 606 1890 632 et
1911 612 2022 644 super
2038 602 2135 634 curis

264 669 505 709 infirmorum⁷
523 668 567 700 de
589 667 723 712 quibus
744 669 823 712 ipsa
844 669 990 700 Perreta
1012 678 1051 699 se
1067 666 1237 711 jactabat,
1268 678 1306 699 ac
1335 666 1379 698 de
1407 665 1463 698 his
1491 665 1624 710 quibus
1652 666 1738 698 dicti
1770 666 1934 710 magistri
1964 673 1998 699 et
2025 668 2135 711 jurati

263 736 381 780 ipsum
411 735 447 767 in
475 735 695 768 contrarium
724 734 920 766 informare
950 733 1099 774 vellent,
1128 733 1334 774 informato,
1364 732 1474 765 iidem
1505 732 1634 776 phisici
1661 732 1884 765 examinator
1915 739 1950 765 et
1979 733 2135 767 clericus

265 809 407 846 reperta
429 813 493 846 per
514 813 577 834 eos
601 801 637 833 in
658 801 722 833 hac
745 807 843 845 parte
865 801 961 833 dicto
984 800 1171 845 preposito
1193 800 1391 839 reserrent3
1415 805 1449 831 et
1470 799 1621 843 insuper
1643 799 1869 844 elargaretur
1890 800 1926 831 in
1948 800 2134 833 diffinitiva

263 870 408 901 Perreta
428 868 576 913 prefata,
595 879 664 912 que
683 867 826 900 demum
844 867 880 899 in
898 867 991 899 dicta
1008 878 1114 899 causa
1131 867 1232 910 juxta
1250 866 1335 898 dicti
1356 866 1649 910 appunctamenti
1672 873 1847 906 tenorem,
1866 866 1946 910 ipso
1969 867 2135 911 primitus

263 935 300 967 in
326 941 497 979 quantum
526 946 602 967 eam
634 933 816 978 tangebat⁷
844 940 883 966 ut
911 933 1064 973 dicebat⁷
1092 933 1242 973 surnito,
1270 932 1424 965 ulterius
1453 932 1603 977 procedi
1634 933 1818 977 peciisset.
1849 934 1889 965 In
1914 934 2134 966 contrarium

262 1013 349 1034 vero
372 1001 500 1046 prefati
528 1001 692 1046 magistri
720 1007 755 1032 et
778 1000 889 1044 jurati
909 1007 1041 1032 certam
1064 999 1280 1032 dilacionem
1311 1011 1376 1044 pro
1404 998 1573 1031 habendo
1595 999 1764 1032 duntaxat
1787 999 1924 1044 copiam
1949 1000 2137 1033 relationis

264 1068 441 1101 dictorum
466 1067 690 1112 phisicorum
713 1067 969 1100 examinatoris
995 1073 1030 1099 et
1056 1066 1180 1099 cleriei
1208 1078 1312 1110 quam
1338 1072 1441 1098 antea
1469 1066 1665 1110 pecierant,
1694 1073 1728 1099 et
1756 1067 1917 1099 nondum
1946 1074 2138 1111 potuerant

263 1134 410 1173 habere,
437 1141 474 1167 ut
503 1134 685 1174 dicebant7
715 1133 785 1166 sibi
816 1134 892 1166 dari
923 1133 1134 1178 peciissent,
1162 1133 1255 1165 dicta
1277 1134 1422 1165 Perreta
1444 1132 1480 1164 id
1508 1133 1758 1177 impugnante,
1786 1133 1950 1178 ipsisque
1972 1134 2136 1178 partibus

264 1202 398 1234 auditis
420 1201 538 1234 dictus
560 1201 770 1245 prepositus
792 1201 921 1233 dictam
940 1212 1083 1233 cansam
1102 1211 1217 1244 usque
1234 1199 1278 1232 ad
1295 1199 1398 1231 aliam
1416 1199 1563 1232 brevem
1582 1199 1675 1231 diem
1695 1200 1900 1232 immediate
1922 1208 2136 1245 sequentem

265 1268 300 1300 in
322 1274 414 1300 statu
438 1268 628 1308 tenuisset,
655 1274 802 1312 propter
826 1267 923 1311 quod
951 1267 1044 1299 dicta
1066 1268 1224 1305 Perreta‚
1253 1266 1349 1310 quod
1377 1266 1455 1310 ipsa
1484 1266 1519 1297 in
1548 1278 1611 1298 sua
1633 1278 1717 1298 eura
1739 1266 1862 1311 plures
1884 1267 2049 1300 infirmos
2071 1279 2136 1300 seu

265 1335 447 1378 pacientes
475 1333 642 1375 habebat,
670 1334 731 1378 qui
760 1333 921 1366 remedio
944 1340 979 1366 et
999 1333 1205 1366 visitatione
1228 1333 1437 1365 necessario
1459 1332 1684 1377 indigebant,
1714 1333 1929 1378 requisisset
1958 1341 2136 1378 quatenus

264 1401 414 1433 licencia
435 1401 584 1433 eosdem
607 1400 771 1433 infirmos
800 1412 865 1433 seu
888 1401 1072 1444 pacientes
1095 1399 1267 1432 visitandi
1287 1399 1553 1432 concederetur
1574 1399 1705 1440 eidem,
1729 1399 1946 1432 inhibitione
1975 1401 2135 1445 predicta

263 1480 335 1500 non
357 1467 536 1500 obstante.
562 1468 674 1510 Quam
698 1467 843 1512 quidem
866 1467 1047 1499 licentiam
1071 1467 1190 1499 dictus
1212 1466 1422 1511 prepositus
1443 1466 1560 1498 eidem
1583 1467 1730 1499 Perrete
1752 1466 1912 1511 plenarie
1934 1468 2136 1500 concedere

263 1534 499 1567 noluisset....

353 1602 395 1633 1⁴11
416 1608 585 1645 respectu
608 1600 820 1645 principalis
842 1612 950 1633 cause
972 1600 1148 1645 predicte,
1167 1599 1260 1632 dicta
1282 1600 1380 1632 curia
1402 1607 1523 1644 partes
1545 1600 1726 1644 predictas
1748 1612 1867 1632 coram
1889 1601 1984 1633 dicto
2007 1613 2137 1646 prepo-

264 1668 333 1700 sito
359 1668 402 1700 ad
430 1675 516 1701 xvam
546 1668 640 1700 diem
672 1667 841 1699 instantis
869 1667 1007 1699 mensis
1042 1666 1230 1699 Februarii
1264 1667 1398 1699 remisit
1433 1679 1471 1699 ac
1502 1667 1652 1699 remittit
1681 1678 1792 1711 super
1820 1667 1915 1699 dicto
1947 1668 2137 1712 principali

265 1746 501 1779 processuras
523 1741 558 1766 et
587 1735 742 1766 facturas
774 1740 881 1778 prout
911 1734 1019 1765 suerit
1049 1733 1211 1765 rationis.
1244 1734 1284 1765 Et
1310 1733 1461 1778 insuper
1544 1733 1702 1765 inhibuit
1724 1740 1757 1765 et
1778 1733 1917 1766 inhibet
2001 1735 2136 1779 prefate

265 1802 411 1833 Perrete
439 1813 483 1833 ne
514 1801 696 1845 pendente
727 1800 937 1844 hujusmodi
968 1812 1143 1844 processu
1175 1800 1253 1844 ipsa
1279 1799 1434 1832 officium
1467 1812 1531 1832 seu
1560 1801 1689 1832 sactum
1721 1800 1880 1845 cirurgie
1908 1801 2137 1845 aliquatenus

265 1874 441 1909 exerceat,
461 1879 526 1900 nec
548 1867 703 1900 bustiam
727 1879 790 1899 seu
813 1866 1022 1899 banneriam
1040 1873 1097 1899 aut
1115 1866 1213 1898 aliud
1231 1867 1402 1909 cirurgici
1419 1866 1476 1899 vel
1493 1867 1675 1911 cirurgice
1693 1867 1948 1912 intersignium
1971 1867 2136 1912 hospicio

265 1946 331 1967 suo
361 1941 517 1979 apponat
548 1946 613 1967 seu
644 1945 827 1978 apponere
858 1933 962 1966 faeiat
988 1933 1045 1966 vel
1075 1940 1271 1977 presumat.
1305 1934 1347 1966 lit
1377 1932 1514 1978 absque
1542 1933 1714 1977 expensis
1745 1946 1852 1966 cause
1883 1934 2137 1979 appellationis

266 2002 413 2045 prefate.

354 2068 634 2100 Pronunciatum
658 2067 782 2099 ultima
804 2067 862 2099 die
883 2066 1042 2099 Januarii
1063 2078 1157 2098 anno
1180 2066 1324 2098 Domitii
1346 2068 1379 2098 M
1394 2066 1515 2100 CCCC
1529 2068 1589 2098 X0.
1607 2087 1650 2090 —
1670 2068 1872 2099 NANTEnuE.

357 2166 433 2188 Arch.
450 2169 504 2189 nat.
523 2165 618 2194 Paris.,
635 2166 679 2188 ΧΗι
694 2167 733 2195 58,
750 2166 794 2188 sol.
813 2166 864 2188 101.
881 2179 912 2182 —
926 2165 985 2187 dam
1002 2173 1043 2189 an,
1064 2165 1124 2187 1410
1143 2165 1168 2186 in
1184 2165 1350 2195 pai-lamento
1366 2172 1395 2186 ea
1417 2172 1496 2186 causa
1518 2164 1621 2195 incepta
1644 2164 1705 2194 suit3
1723 2164 1808 2195 primo
1829 2164 1900 2187 Junii
1921 2166 1944 2193 9,
1965 2164 2009 2187 uhi
2028 2165 2135 2195 legitur,

265 2211 410 2234 Peri-ettam
425 2210 615 2241 interrogatam
632 2210 713 2233 fuisse
730 2218 743 2232 a
762 2210 846 2241 [Petro
864 2210 906 2240 de]
922 2211 1033 2236 Ans-son,
1054 2208 1219 2240 [Guillelmo]
1238 2209 1260 2231 le
1279 2209 1399 2236 Peletier,
1419 2209 1531 2239 aliisque
1552 2209 1688 2239 magistris
1710 2209 1734 2231 in
1757 2209 1895 2237 medieina,
1912 2217 1943 2231 an
1961 2209 2047 2239 legere
2060 2209 2139 2232 sciret

265 2258 341 2286 (quae
357 2255 494 2286 respondit
509 2263 536 2277 se
552 2255 629 2283 scire,
647 2264 657 2277 t<
674 2255 793 2277 coinbien
809 2254 902 2285 qu'elle
918 2263 947 2277 ne
963 2257 1091 2284 cogneust
1107 2262 1140 2276 un
1157 2261 1174 2277 ιι
1190 2254 1251 2276 d'un
1268 2254 1341 2284 sagot
1359 2254 1378 2284 ιι)
1397 2262 1426 2276 ac
1442 2262 1508 2284 quae
1522 2254 1698 2284 proprietates
1717 2257 1805 2276 essent
1821 2254 1961 2276 herbarum
1977 2254 2001 2276 in
2014 2254 2138 2276 remediis

264 2300 453 2324 adhibiturum.
469 2303 595 2330 tanquam
609 2308 618 2322 «
637 2299 700 2322 ache
714 2308 724 2322 ))
739 2303 764 2322 et
778 2308 789 2321 <‹
803 2308 883 2330 ysope
901 2308 920 2326 n,
938 2302 994 2321 tum
1010 2298 1193 2329 praepositum
1209 2298 1293 2321 Paris.
1310 2298 1458 2321 decrevisse
1477 2306 1570 2328 aegros
1591 2307 1605 2320 a
1625 2299 1741 2321 Peri-etta
1757 2301 1862 2320 curatos
1883 2298 2065 2321 convocandos
2081 2307 2138 2321 esse

266 2344 352 2374 (ibid.⁷
368 2345 414 2367 ΧΗ*
426 2345 496 2372 4788,
514 2345 558 2367 sol.
573 2346 636 2372 500);
651 2358 680 2361 ——
691 2344 805 2366 secundo
820 2343 892 2366 Junii
906 2344 944 2372 16,
958 2352 1009 2374 quo
1026 2344 1142 2366 Perretta
1156 2343 1298 2373 respondet
1314 2351 1341 2365 se
1354 2343 1458 2373 operari
1474 2351 1485 2365 α
1502 2351 1569 2373 pour
1585 2343 1648 2365 Dieu
1663 2351 1684 2371 J),
1699 2351 1781 2373 neque
1794 2343 1895 2373 justum
1911 2350 1968 2365 esse
1981 2342 2002 2365 si
2016 2351 2046 2365 ea
2062 2351 2139 2365 vexa-

266 2392 346 2417 retur,
361 2398 372 2411 «
387 2397 432 2411 car
448 2389 570 2419 pluseurs
588 2390 694 2411 semines
710 2392 798 2411 autres
815 2397 842 2411 se
858 2389 965 2410 mellent
980 2388 1011 2410 de
1025 2387 1140 2418 sit-urgie
1156 2389 1171 2409 a
1187 2387 1270 2414 Paris,
1285 2388 1299 2409 a
1313 2387 1357 2418 qui
1372 2387 1424 2409 l'on
1441 2395 1471 2410 ne
1485 2387 1613 2410 demando
1628 2387 1682 2410 rien
1699 2396 1720 2409 n.
1738 2388 1800 2409 I’ost
1818 2387 2016 2417 responsionem
2035 2387 2138 2410 chirur-

267 2441 361 2464 gorum
377 2442 434 2456 eam
447 2433 671 2464 persequentium,
686 2433 759 2455 curia
774 2432 932 2456 deliberavit
948 2441 974 2455 se
989 2432 1107 2455 visuram
1125 2431 1209 2461 (ibid.‚
1225 2432 1270 2453 ΧΗ*
1285 2432 1355 2459 l1788,
1374 2431 1418 2454 sol.
1434 2431 1510 2460 50011).

361 2517 384 2542 1.
404 2518 439 2540 Ex
460 2518 509 2540 hoc
531 2521 642 2548 apparet
665 2526 715 2540 non
743 2518 819 2541 modo
841 2518 981 2548 chirurgos
1005 2518 1049 2541 sed
1072 2518 1150 2540 etiam
1175 2517 1298 2539 mulieres
1320 2515 1486 2546 chirurgicae
1509 2516 1558 2538 arti
1583 2515 1750 2546 indulgentes
1772 2518 1832 2537 tum·
1859 2515 1917 2545 jure
1938 2515 2138 2545 practicavisse.

267 2562 384 2585 Perretta
400 2562 433 2585 ob
452 2562 479 2584 id
503 2565 603 2584 tantum
628 2565 719 2584 vexata
741 2566 781 2585 est
805 2562 874 2593 quod
900 2562 955 2585 sine
978 2562 1169 2593 approbatione
1191 2561 1338 2584 exercebat.
1359 2574 1389 2577 —
1404 2560 1428 2584 2.
1446 2560 1496 2583 Seu
1514 2569 1523 2583 (t
1542 2560 1657 2582 bustiam
1675 2568 1695 2589 η,
1713 2559 1782 2589 quod
1801 2559 1895 2590 gallice
1919 2562 1979 2582 tunc
2002 2559 2138 2582 dicebatur

268 2615 279 2629 (t
299 2607 369 2630 boite
385 2615 407 2635 υ,
426 2610 455 2630 ut
467 2607 564 2638 legitur
577 2607 603 2629 in
619 2607 775 2630 documento
789 2607 885 2637 gallico
902 2607 943 2629 hic
959 2607 1039 2630 altato
1056 2607 1140 2636 (ibid..
1158 2607 1203 2629 XM
1216 2607 1285 2634 4788,
1303 2606 1347 2628 sol.
1362 2605 1438 2634 500b).
