2502 3418
457 321 497 353 56
1022 330 1341 353 CHARTULARIUM
1376 329 1567 351 uuivims.
1604 329 1735 350 PAntS.
2210 315 2310 352 [1403

455 405 548 428 amodo
563 405 635 428 bulle
656 406 722 428 tulos
738 405 943 428 inscriberentur
966 405 991 427 in
1007 405 1058 428 ista
1072 404 1167 435 papiro
1185 413 1205 427 υ.
1226 418 1255 421 -
1275 404 1409 431 1301ΛΕ115,
1433 404 1461 431 V,
1480 404 1523 431 92;
1548 403 1649 430 IIAzou,
1673 402 1758 432 Eloye
1780 402 1933 432 historique
1947 403 1980 425 de
1996 401 2023 425 la
2037 403 2091 431 fac.
2109 403 2141 425 de
2159 402 2309 432 me'decine,

456 458 482 480 p.
496 451 535 472 46.

547 545 571 570 1.
583 546 654 569 Idem
667 546 711 577 qui
725 554 806 577 supra
822 546 970 570 nominatur
987 546 1046 569 Joh.
1062 546 1093 569 de
1109 546 1202 568 Sancto
1217 546 1347 568 Clemente
1363 545 1393 568 de
1409 545 1500 568 Marla¹
1515 544 1571 567 Vid.
1589 544 1621 567 ad
1637 552 1679 569 an.
1696 544 1764 572 ’1395Υ
1781 543 1846 566 Nov.
1862 545 1887 574 [1,
1901 546 1955 567 not.
1968 544 1991 566 8.
2006 557 2038 561 --
2052 542 2076 568 2.
2096 543 2152 567 Vid.
2169 545 2309 574 Charlul„

456 590 474 617 Ι,
491 598 517 620 p.
532 591 570 613 91.

461 744 580 782 1781
591 773 599 781 ‚
628 749 799 775 Ihziversitas
815 750 909 775 Paris.
924 751 1030 783 fratres
1044 748 1265 774 Praedicatores
1279 748 1307 774 in
1322 756 1403 773 suum
1420 747 1590 773 consortium
1608 747 1710 782 recipit
1723 750 1750 772 et
1765 745 1952 781 redintegrat.

1645 843 1719 872 7403,
1735 842 1842 875 Augusti
1852 843 1890 872 21,
1906 842 2023 868 Parisii&

541 936 730 969 Universis
752 940 941 979 presentes
962 933 1099 966 litteras
1121 932 1353 977 inspecturis,
1372 931 1599 965 Universitas
1620 931 1730 964 studii
1758 931 1977 964 Parisiensis
2000 942 2122 976 pacem
2145 936 2180 963 et
2199 930 2312 964 dilec-

452 1000 584 1036 tionem
614 1003 649 1034 in
680 1014 734 1042 eo,
764 1001 825 1045 qui
851 1007 906 1033 051
937 1001 1034 1032 Deus
1065 1000 1162 1044 pacis
1191 1006 1226 1032 et
1254 999 1473 1039 dilectionis,
1498 1005 1533 1031 et
1556 998 1741 1031 veritatem
1773 998 1859 1031 fidei
1889 997 2080 1031 sinceriter
2101 996 2308 1031 ohservare.

451 1069 594 1102 Nullum
616 1080 747 1113 corpus
773 1066 933 1100 naturale
957 1078 1105 1099 suorum
1126 1066 1280 1110 amplius
1307 1065 1549 1110 integritatem
1576 1064 1819 1098 membrorum
1846 1064 1995 1109 appetit,
2018 1064 2157 1097 nullum
2179 1063 2310 1097 animal

451 1135 679 1181 quantumvis
700 1134 849 1180 gregale
875 1133 956 1178 plus
983 1133 1039 1165 sui
1063 1132 1193 1165 similis
1213 1133 1383 1165 societate
1407 1132 1624 1177 congaudet,
1649 1131 1746 1164 nulla
1768 1131 1919 1177 perinde
1937 1138 2050 1164 mater
2065 1131 2140 1164 filio
2162 1143 2180 1164 a
2200 1131 2311 1177 longe

450 1202 615 1235 redeunti
636 1201 810 1234 teneriori
831 1199 1101 1245 congratulatur
1121 1199 1308 1244 applausu,
1334 1211 1437 1244 quam
1460 1211 1527 1231 nos
1550 1210 1694 1243 semper
1718 1198 1921 1243 optavimus
1944 1198 2117 1231 unionem
2140 1198 2177 1231 in
2199 1210 2311 1231 mem-

450 1269 525 1301 bris
546 1268 695 1306 nostris,
714 1268 828 1300 nostri
848 1266 1030 1300 similibus
1052 1273 1086 1299 et
1106 1266 1208 1306 filiis;
1232 1266 1279 1299 ita
1301 1266 1395 1299 enim
1416 1266 1581 1298 affectare
1603 1278 1669 1298 1105
1691 1266 1797 1298 1115113
1818 1265 1909 1298 ratio
1925 1264 2160 1299 vehementer
2184 1265 2308 1307 allicit,

451 1342 483 1368 et
506 1335 561 1367 lex
585 1341 689 1379 urget
711 1334 880 1373 caritatis,
904 1334 950 1366 ita
972 1340 1101 1374 tamen,
1125 1333 1155 1366 si
1176 1333 1260 1365 fidei
1290 1332 1552 1377 religionisque
1574 1333 1688 1378 pietas
1709 1332 1810 1365 nullo
1832 1338 1935 1377 pacto
1952 1332 2120 1365 violetur.
2137 1332 2311 1378 Alioquin
2338 1371 2340 1373 Ι

447 1397 650 1434 audiendus
674 1408 740 1442 est,
759 1401 819 1445 qui
846 1401 932 1433 dicit
956 1412 963 1432 τ
987 1414 1002 1430 «
1027 1401 1106 1432 Non
1122 1399 1204 1433 veni
1225 1411 1347 1444 pacem
1369 1400 1510 1432 mittere
1532 1399 1568 1432 in
1589 1406 1733 1440 terram,
1757 1399 1822 1432 sed
1838 1399 2018 1444 gladium¹
2039 1412 2069 1432 >›.
2087 1399 2179 1432 Cum
2200 1399 2312 1444 igitur

449 1468 581 1500 dudum
613 1468 741 1500 fratres
769 1467 1018 1500 Predicatores
1048 1467 1205 1499 fuissent
1231 1466 1374 1499 alienati
1403 1479 1421 1498 a
1448 1466 1588 1511 gremio
1619 1473 1758 1507 nostro,
1784 1478 1827 1499 eo
1853 1466 1950 1511 quod
1978 1465 2194 1499 videbantur
2215 1465 2310 1499 velle

450 1546 651 1579 repugnare
669 1534 808 1567 cuidam
826 1533 1143 1578 condempnationi
1160 1533 1278 1577 quoad
1294 1533 1448 1577 aliquam
1466 1534 1544 1577 ejus
1562 1539 1711 1578 partem,
1728 1532 1774 1565 ob
1791 1533 2030 1566 reverentiam
2047 1532 2142 1566 beati
2158 1532 2308 1575 Thome,

450 1607 486 1633 ut
507 1600 674 1633 dicebant
692 1612 698 1633 1
718 1612 786 1645 que
804 1600 1080 1645 condempnatio
1103 1600 1185 1633 olim
1208 1600 1297 1633 sacta
1320 1606 1373 1633 est
1395 1612 1459 1644 per
1475 1611 1611 1632 sacram
1633 1599 1817 1645 theologie
1839 1599 2041 1633 facultatem
2059 1606 2095 1633 et
2115 1599 2309 1645 approbata

451 1667 678 1712 postmodum
701 1679 764 1712 per
784 1678 850 1699 1105
872 1678 1010 1707 01111105Ί
1037 1673 1071 1699 01
1091 1679 1155 1711 per
1180 1667 1419 1699 reverendum
1442 1667 1478 1699 in
1504 1666 1650 1700 Christo
1672 1673 1807 1712 patrem
1829 1667 2015 1699 dominum
2044 1668 2214 1708 P[etrum]
2234 1667 2310 1712 epi·

450 1745 597 1778 scopum
625 1734 886 1766 Parisiensem²
913 1733 1177 1766 sententialiter
1204 1733 1429 1778 promulgata
1455 1740 1578 1766 contra
1605 1734 1749 1766 fratrem
1780 1733 1979 1767 Johannem
2002 1734 2046 1767 de
2077 1735 2308 1776 Montesono,

450 1801 575 1845 prefati
593 1800 740 1833 Ordinis
757 1812 862 1833 causa
880 1806 915 1833 et
934 1800 1123 1833 occasione
1141 1800 1411 1844 quatuordecim
1435 1800 1739 1845 propositionum,
1763 1812 1851 1845 quas
1877 1813 1949 1833 non
1972 1800 2059 1834 satis
2082 1800 2125 1834 ad
2147 1800 2308 1846 regulam

449 1866 532 1899 fidei
554 1879 688 1912 ponere
710 1874 992 1912 presumpserat,
1014 1874 1121 1911 prout
1141 1879 1205 1912 per
1225 1868 1373 1899 sormam
1398 1867 1491 1900 dicte
1514 1868 1706 1909 sententie,
1730 1869 1834 1912 cujus
1854 1875 1960 1900 tenor
1976 1868 2153 1912 sequitur,
2171 1867 2309 1913 liquide

449 1940 543 1978 patet
565 1945 572 1965 ι
596 1948 612 1964 «
630 1934 734 1966 Anno
762 1934 905 1966 Domini
925 1933 1118 1966 millesimo
1145 1934 1399 1967 trecentesimo
1421 1935 1647 1979 octogesimo
1673 1935 1827 1979 septimo
1854 1960 1918 1967 .....
1949 1934 2109 1968 remedia
2134 1935 2309 1980 procede-

449 2012 527 2033 mus
547 2014 576 2040 »,
594 2005 633 2033 ut
649 2000 684 2033 in
701 2000 861 2033 Chartul.
885 2002 948 2041 III,
967 2004 1004 2032 11ο
1022 2002 1118 2033 1559.

536 2068 629 2099 Haec
650 2073 705 2099 est
725 2067 902 2099 sententia
919 2067 1109 2100 occasione
1130 2068 1246 2111 cujus,
1267 2074 1303 2100 ut
1324 2068 1456 2100 dictum
1480 2075 1546 2109 est,
1565 2068 1733 2101 alienatio
1754 2069 1903 2101 fratrum
1926 2068 2197 2102 Predicatorum
2217 2068 2308 2102 facta

448 2139 502 2165 est
521 2132 673 2165 anobis.
696 2134 769 2165 Nos
787 2145 930 2177 semper
950 2133 1040 2166 hane
1061 2133 1326 2175 alienationem,
1346 2141 1516 2178 quantum
1538 2135 1574 2167 in
1598 2134 1705 2168 nobis
1726 2141 1814 2177 erat,
1832 2135 1986 2168 moleste
2007 2135 2168 2177 tulimus,
2195 2134 2308 2180 parati

447 2199 564 2231 sinum
588 2206 783 2232 maternum
807 2200 952 2244 regredi
975 2200 1031 2232 via
1052 2200 1171 2233 debita
1187 2199 1394 2234 volentibus
1412 2201 1565 2246 aperire.
1590 2203 1691 2234 Nunc
1707 2214 1808 2244 vero,
1826 2202 1908 2247 quia
1929 2202 2064 2247 placuit
2083 2201 2309 2235 christianis-

447 2266 537 2298 simo
555 2266 632 2310 regi
654 2272 779 2298 nostro
796 2273 831 2298 et
851 2266 941 2311 patri
963 2267 1199 2300 serenissimo
1220 2268 1380 2312 gratiose
1402 2268 1562 2301 scribere
1584 2268 1691 2302 nobis
1713 2281 1777 2302 sue
1794 2269 1867 2302 filie
1889 2268 2017 2302 humili
2038 2275 2074 2302 et
2093 2269 2222 2302 devote
2243 2280 2308 2314 per

445 2332 581 2365 litteras
602 2344 688 2377 pace
709 2332 834 2377 plenas
856 2339 891 2365 et
910 2333 993 2374 fide,
1012 2340 1189 2378 quatenus
1205 2334 1333 2367 fratres
1351 2335 1534 2379 predictos
1558 2335 1600 2368 ad
1627 2342 1789 2368 nostrum
1817 2336 1995 2381 gremium
2020 2336 2166 2381 regredi
2189 2335 2307 2369 humi-

445 2398 526 2431 liter
543 2399 787 2443 supplicantes
808 2399 1054 2444 reciperemus
1071 2400 1114 2432 ad
1136 2412 1202 2433 nos
1226 2407 1260 2433 et
1280 2401 1324 2433 ad
1349 2408 1448 2434 actus
1471 2402 1682 2435 scolasticos
1703 2402 1845 2444 solitos,
1870 2402 1938 2436 sub
1960 2402 2021 2435 tali
2046 2409 2166 2435 tamen
2187 2402 2307 2447 adjec-

446 2465 555 2507 tione,
574 2465 670 2510 quod
691 2466 968 2511 condempnatio
990 2467 1238 2511 prenominata
1255 2468 1525 2512 quatuordecim
1548 2469 1838 2514 propositionum
1861 2469 2031 2503 inviolata
2050 2469 2093 2503 ab
2112 2469 2165 2502 eis
2185 2464 2306 2503 serva·—

445 2538 554 2572 retur,
579 2532 774 2576 nullusque
793 2533 940 2567 fratrum
966 2539 1026 2565 aut
1050 2533 1141 2566 alius
1167 2533 1436 2578 dogmatizaret,
1460 2541 1520 2567 aut
1539 2535 1690 2580 legeret,
1713 2543 1772 2569 aut
1793 2536 1995 2581 predicaret
2017 2536 2242 2582 oppositum;
2265 2548 2304 2569 ac

444 2598 593 2642 perinde
615 2610 809 2642 processus
835 2611 960 2631 omnes
986 2599 1068 2632 hinc
1090 2600 1174 2632 inde
1199 2599 1311 2633 habiti
1337 2600 1401 2633 hac
1429 2602 1633 2643 occasione,
1661 2603 1779 2635 omnia
1805 2603 1956 2648 insuper
1979 2609 2081 2648 gesta
2106 2603 2143 2635 in
2164 2609 2305 2636 contra·-

444 2664 534 2696 rium
556 2664 648 2697 dicte
670 2655 1021 2710 condempnationis,
1044 2666 1119 2699 sive
1140 2678 1203 2711 per
1219 2667 1495 2712 appellationem
1517 2675 1576 2701 3111
1598 2669 1686 2702 alias
1703 2670 1832 2714 quovis
1853 2670 1974 2711 modo,
1997 2681 2125 2703 omnes
2146 2669 2303 2715 denique

443 2730 702 2762 discordiarum
722 2732 868 2764 materie
885 2739 1086 2773 cessarent,
1107 2733 1333 2777 scripserunt
1349 2741 1512 2778 preterea
1533 2735 1575 2767 ad
1596 2735 1691 2768 idem
1709 2735 1949 2769 illustrissimi
1970 2743 2005 2769 et
2026 2736 2303 2781 prudentissimi

443 2796 624 2841 principes
641 2797 776 2829 domini
794 2799 1002 2843 Burgondie
1020 2805 1055 2831 et
1075 2798 1262 2840 Borbonii,
1280 2807 1315 2832 et
1331 2811 1418 2833 suos
1439 2801 1617 2834 miserunt
1636 2801 1776 2847 legatos
1795 2814 1802 2834 t

531 2864 603 2895 Nos
625 2864 850 2897 attendentes
874 2865 940 2897 ista
964 2866 1095 2906 omnia,
1113 2872 1148 2898 et
1172 2874 1468 2908 rememorantes,
1487 2875 1619 2912 quanto
1641 2868 1718 2902 zelo
1740 2870 1917 2902 Dominus
1939 2875 2064 2902 noster
2080 2881 2168 2915 papa
2185 2870 2301 2912 Bene-
