2502 3418
422 325 487 358 288
993 333 1313 356 annTcLAmUM
1351 332 1539 354 uunveas.
1578 331 1708 354 lunis.
2185 315 2285 353 [1414

423 461 566 498 2023.
591 470 651 495 Lite
674 473 749 495 mota
771 478 863 495 coram
886 469 1055 505 praeposito
1074 469 1170 495 Paris.
1191 469 1265 494 inter
1283 468 1437 493 ,Iohannem
1459 467 1494 492 de
1518 466 1603 499 Pisis,
1625 475 1700 500 mag.
1718 466 1746 491 in
1766 458 1918 497 medicina,
1939 468 1967 490 et
1987 465 2111 490 Mariam
2131 463 2167 490 de
2182 465 2280 498 Bosco,

510 519 652 544 dominam
669 519 704 544 de
723 519 857 553 Grangia,
876 518 952 553 quod
971 519 1047 543 circa
1063 527 1183 543 mensem
1210 517 1338 543 Octobris
1361 526 1409 543 an.
1427 517 1495 542 1411
1517 524 1578 541 eam
1601 515 1744 540 Jolmunes
1767 514 1931 539 visitaverat
1957 517 1983 539 et
2005 517 2154 539 curaverat
2170 513 2238 539 bene
2256 516 2284 538 et

510 568 662 602 diligenter·
675 568 797 602 singulis
818 567 919 593 diebus
936 576 1024 603 usque
1042 567 1082 593 ad
1096 567 1168 592 diem
1185 566 1335 602 septimam
1351 565 1455 591 mensis
1474 565 1546 590 Maii
1560 564 1714 599 sequentis,
1733 571 1899 598 quanquam
1915 562 2057 588 distantia
2073 562 2283 588 habitationum

509 617 595 651 longa
615 621 685 651 erat,
709 626 758 642 nec
783 617 977 642 convenienter
994 616 1105 641 solutus
1126 619 1196 649 erat,
1221 615 1295 640 idem
1316 614 1458 640 lohannes
1485 617 1595 639 centum
1619 617 1701 638 scuta
1722 612 1878 647 repetebat,
1905 611 2088 646 defensatrix
2109 620 2171 637 eum
2191 610 2283 637 tribus

509 666 619 700 francis
635 666 696 701 jam
718 665 820 691 solutis
841 665 943 691 debere
966 665 1125 690 contentari
1147 663 1351 697 contendebat5
1377 663 1458 689 curia
1475 662 1652 698 parlamenti
1671 662 1794 687 Mariam
1819 661 1859 686 ad
1877 660 2040 686 solvendum
2056 661 2090 687 48
2108 662 2202 695 franc.
2220 669 2284 686 con-

509 715 634 741 clemnat.

1633 747 1700 774 1414.
1716 746 1808 779 aprilis
1823 746 1867 775 28.
1883 746 1995 772 '’arleti-3.

515 799 589 823 Arch.
606 803 660 823 nat.
676 799 769 827 Paris,
787 799 833 822 ΧΗι
847 800 886 828 60,
901 798 945 821 fol.
962 798 1016 821 212.

421 963 564 999 2024.
589 973 674 997 Natio
692 971 832 996 From-iae
848 980 908 996 cum
929 979 981 995 suo
998 973 1185 1006 procuratore
1202 969 1329 994 Johanne
1347 968 1382 994 de
1403 967 1524 1004 Templis
1539 967 1796 1004 processionaliter
1809 967 1857 993 ivit
1871 967 1911 993 ad
1933 967 2114 1003 Coe-lestines,
2135 968 2184 994 ubi
2202 968 2281 994 inhu-

507 1025 611 1046 matum
629 1024 670 1045 est
686 1029 787 1055 corpus
807 1019 940 1045 Ludovici
955 1019 1037 1044 ducis
1053 1018 1256 1044 Aurelianens.
1270 1027 1323 1054 pro
1339 1017 1520 1044 celebrandis
1542 1017 1682 1052 exequiis
1701 1017 1786 1043 Multi
1801 1017 1936 1053 episcopi,
1951 1017 2090 1053 praelati,
2108 1017 2240 1052 magistri
2255 1021 2283 1044 et

507 1069 649 1095 licentiati
665 1069 786 1094 omnium
802 1068 977 1102 facultatum
993 1068 1195 1102 interfuerunt.

1659 1102 1728 1131 1414,
1743 1102 1813 1128 «lunii
1827 1102 1866 1132 10,
1881 1102 1996 1128 Parisiis.

512 1154 585 1182 BUL.‚
604 1154 631 1182 V,
648 1155 701 1182 270,
718 1161 731 1176 e
745 1153 793 1176 lib.
809 1156 943 1184 procurat.
957 1156 1010 1176 nut.
1028 1152 1121 1176 Gallie.

418 1330 561 1367 2025.
589 1339 776 1364 Universitate
792 1338 888 1364 Paris.
903 1341 1076 1372 congregata
1094 1341 1120 1363 et
1134 1337 1292 1373 propositis
1310 1336 1483 1372 quibusdam
1499 1336 1632 1363 articulis
1643 1345 1697 1373 per
1708 1336 1864 1363 Iohannem
1879 1336 1915 1363 de
1931 1337 2042 1368 Landa,
2060 1341 2195 1364 rectorem
2213 1338 2280 1364 Uni-

507 1382 674 1422 versitatis‘J
691 1392 718 1414 et
738 1387 841 1413 litteris
859 1387 934 1422 regis
958 1386 1141 1412 Universitati
1160 1386 1338 1411 transmissis
1354 1385 1389 1411 de
1407 1385 1518 1412 decima
1537 1385 1673 1411 solvenda
1688 1386 1833 1422 perlectis,
1853 1386 1933 1412 aliae
1948 1386 2063 1413 litterae
2083 1387 2280 1414 Universitatis

504 1437 700 1471 Andegavens.
709 1436 939 1472 per-legebantur,
951 1436 1054 1471 quihus
1064 1445 1118 1471 per
1129 1435 1254 1470 legatum
1265 1444 1347 1461 suum
1358 1435 1531 1471 Stephanum
1541 1435 1674 1461 Durandi
1683 1435 1911 1471 conquerebatur
1918 1435 1954 1462 de
1964 1444 1999 1462 ea
2008 1435 2120 1462 'decima
2133 1436 2277 1470 solvenda,

506 1486 581 1522 quod
596 1486 658 1511 sine
674 1486 802 1512 laesione
818 1485 1031 1521 privilegiorum
1046 1485 1112 1519 fieri
1127 1493 1181 1510 non
1201 1488 1311 1521 posset.
1331 1484 1407 1510 Petit
1426 1483 1637 1519 adjunctionem
1662 1484 1861 1510 Universitatis
1877 1485 1973 1511 Paris.
1994 1486 2073 1518 Quae
2085 1489 2151 1521 post
2170 1485 2278 1512 delibe-

504 1536 643 1561 rationem
657 1534 830 1569 facultatum
848 1538 874 1560 et
896 1534 1042 1560 nationum
1058 1534 1258 1568 Andegavensi
1277 1533 1418 1559 auxilium
1440 1533 1521 1569 apud
1538 1542 1630 1568 regem
1647 1534 1791 1570 promittit
1804 1534 1878 1560 sicut
1892 1535 2004 1568 faceret
2015 1543 2068 1571 pro
2083 1534 2192 1571 seipsa.
2210 1535 2281 1563 Acta

503 1586 624 1611 suerunt
638 1585 691 1611 hec
706 1584 828 1610 Pal-isius
893 1584 1075 1617 presentibus
1087 1584 1123 1610 ad
1136 1584 1189 1610 hee
1242 1583 1387 1616 magistris
1401 1583 1515 1609 Matheo
1527 1583 1554 1609 le
1566 1583 1693 1612 Mercier.
1706 1583 1834 1610 Dionisio
1844 1583 1961 1617 Pagani,
1974 1583 2118 1617 magistris
2130 1584 2163 1611 in
2177 1584 2279 1615 theol.,

504 1634 628 1660 Roberto
650 1634 685 1660 de
706 1634 793 1659 Becco
802 1633 824 1662 '-’,
845 1633 979 1659 Johanne
999 1632 1145 1666 Vipardi³.
1169 1633 1275 1658 decret.
1298 1632 1478 1660 doctoribus.
1499 1632 1633 1658 Johanne
1652 1632 1748 1661 Basin.
1770 1640 1848 1666 mag.
1869 1633 1900 1658 in
1922 1632 2076 1663 medicina.
2099 1633 2236 1660 Miehaele
2253 1633 2282 1662 le

504 1683 627 1712 Bondre.
650 1683 808 1709 Guillelmo
830 1681 996 1711 Bourdon‘,
1017 1682 1151 1708 ,Iohanne
1168 1682 1326 1711 Laurentii,
1344 1681 1487 1714 magistris
1501 1681 1532 1707 in
1553 1681 1698 1708 artibus...
1716 1692 1729 1706 «
1746 1682 1779 1708 In
1795 1682 1916 1708 nomine
1981 1682 2091 1709 Tenore
2106 1682 2196 1717 hujus
2213 1690 2279 1720 pse-

504 1733 627 1759 sentis».

1652 1767 1719 1797 7414,
1735 1767 1804 1793 dunis
1816 1767 1859 1796 22.
1875 1767 1992 1793 Part-siis.

508 1857 663 1884 RANGEAnn,
676 1856 746 1880 Hist.
762 1857 793 1879 de
805 1855 981 1880 l'Universz'tc'
993 1855 1140 1886 d'Anye‘rs,
1157 1856 1188 1885 11,
1205 1856 1263 1884 ’Ζὶθῖς
1281 1856 1430 1885 Fucnmmx,
1445 1857 1563 1886 Statuts,
1579 1859 1637 1885 eto..
1655 1857 1674 1887 Ι,
1690 1865 1717 1888 p.
1733 1858 1788 1881 368.

509 1941 534 1966 1.
547 1942 582 1964 De
597 1941 674 1972 hujus
688 1941 812 1964 electione
827 1940 978 1964 turbulenta
993 1941 1045 1964 vid.
1060 1942 1188 1967 Λυσίαν..
1206 1942 1237 1970 11,
1254 1950 1279 1972 p.
1295 1942 1339 1964 169
1352 1949 1392 1973 sq.
1407 1955 1438 1959 —
1453 1941 1477 1966 2.
1496 1942 1612 1973 Utraque
1627 1941 1689 1965 edit.
1704 1949 1709 1964 z
1728 1950 1739 1964 α
1753 1941 1830 1964 Becto
1846 1949 1869 1965 ι).
1885 1955 1912 1959 -
1926 1940 1950 1966 3.
1963 1941 2030 1965 Edd.
2045 1949 2050 1964 :
2065 1949 2078 1964 «
2091 1937 2199 1973 Cipard'i
2214 1949 2236 1964 υ.
2248 1954 2280 1959 —

416 1986 440 2011 4.
457 1986 507 2014 Qui
522 1994 589 2009 uuno
604 1986 694 2017 elapso
713 1986 820 2009 Remum
836 1986 938 2016 legatus
955 1985 1140 2009 Uuiversitutis
1158 1985 1214 2009 fuit.
1230 1986 1288 2009 Vid.
1305 1994 1387 2017 supra
1400 1991 1428 2009 n⁰
1441 1987 1510 2010 1983.
2127 1987 2130 1990 ’

415 2163 558 2201 2026.
588 2171 761 2198 ΠιιίνενείΙαε
783 2172 879 2197 Paris.
896 2180 927 2197 se
949 2171 1083 2207 adjungit
1108 2172 1292 2198 Universitati
1314 2172 1524 2208 Andegavensi,
1543 2181 1618 2208 quae
1637 2177 1757 2209 propter
1776 2172 1932 2199 laesionem
1951 2172 2167 2209 privilegiorum
2182 2181 2281 2199 cessa-

502 2222 593 2248 tiones
609 2221 724 2247 indixit.

1651 2259 1703 2285 tton
1717 2261 1778 2285 ante
1795 2258 1864 2287 1414.
1879 2258 1994 2285 Parisiis.

502 2346 578 2379 Pro
597 2345 716 2379 studio
740 2345 994 2390 Andegavensi.
1022 2346 1227 2386 Credimus,
1255 2346 1420 2379 celebres
1446 2353 1480 2379 et
1505 2346 1646 2391 egregii
1666 2346 1747 2384 viri,
1769 2345 1982 2379 immortalis
2008 2346 2072 2378 Dei
2099 2345 2276 2391 singulari

416 2412 591 2445 beneficio
612 2413 739 2445 lactum
763 2419 799 2445 ut
826 2424 892 2445 nos
913 2412 980 2445 alla
1001 2413 1116 2446 virius
1146 2412 1476 2458 honestissimaque
1507 2425 1626 2446 rerum
1658 2413 1878 2459 agendarum
1907 2413 1996 2446 ratio
2023 2413 2275 2458 conjungeret,

415 2492 479 2511 nec
500 2479 566 2512 alia
586 2479 641 2512 via
662 2479 870 2512 felicissima
892 2479 1071 2524 quondam
1094 2486 1254 2524 tempora
1276 2481 1436 2513 revocari
1459 2492 1567 2525 posse
1589 2487 1767 2525 putamus,
1791 2492 1894 2525 quam
1917 2480 2119 2513 studiorum
2142 2479 2277 2512 unitate

415 2558 525 2590 super
544 2546 652 2578 animi
673 2546 910 2591 corporisque
931 2546 1028 2579 vires
1054 2546 1281 2579 eniteulium.
1314 2548 1399 2580 Nam
1431 2547 1467 2579 in
1496 2547 1648 2580 summis
1676 2546 1898 2580 culminibus
1922 2547 1995 2592 jam
2023 2546 2094 2579 fide
2119 2545 2278 2596 collapsa

415 2612 616 2654 ruentibus,
639 2613 675 2645 in
696 2613 898 2658 principum
920 2613 1055 2646 minuta
1077 2614 1260 2657 majestate
1282 2614 1547 2659 promissisque
1569 2614 1704 2655 dubiis,
1722 2614 1758 2647 in
1779 2614 1857 2660 ipsa
1878 2614 2036 2659 denique
2056 2612 2277 2659 prelatorum

415 2680 612 2712 constantia
633 2679 730 2712 nulla
752 2691 836 2724 spes
857 2686 913 2712 est
933 2680 989 2713 evi
1011 2679 1184 2712 melioris.
1208 2681 1287 2723 Quo
1309 2681 1424 2726 magis
1445 2680 1550 2714 vobis
1571 2680 1752 2726 nobisque
1774 2693 1832 2714 res
1854 2687 1909 2714 est
1929 2680 2151 2725 capessenda
2171 2680 2278 2724 majo-

415 2745 516 2789 rique
542 2746 728 2778 conamine
749 2746 1028 2790 assurgendum,
1052 2754 1089 2779 ut
1110 2747 1384 2780 communicatis
1404 2747 1547 2780 auxiliis
1574 2747 1683 2780 rebus
1704 2748 1843 2781 afflictis
1864 2759 1929 2792 pro
1949 2747 2133 2780 vacatione
2154 2752 2277 2779 nostra

416 2812 556 2844 tandem
583 2824 848 2845 succurramus.
872 2813 975 2855 Quod
1005 2814 1035 2845 si
1062 2814 1180 2846 media
1206 2821 1328 2847 nostra
1361 2826 1483 2859 parum
1519 2815 1778 2859 processerint,
1801 2814 1897 2859 quod
1923 2813 2077 2847 ecclesie
2103 2813 2277 2846 satisfaci-

416 2890 494 2910 mus
511 2878 651 2911 animos
668 2886 814 2911 nostros
836 2879 985 2916 soletur„
1009 2879 1076 2912 sul)
1094 2880 1226 2924 quibus
1248 2881 1330 2913 <lum
1354 2881 1487 2913 multos
1509 2881 1678 2913 mortales
1700 2881 1913 2913 habebimus
1934 2880 2113 2922 inimicos,
2137 2880 2277 2913 eniten-
