2502 3418
378 348 441 380 708
958 354 1277 376 CHARTULARIUM
1304 352 1496 374 uulvssus.
1532 351 1662 373 PARIS.
2143 335 2242 372 [1451

378 432 447 465 bus
464 438 499 464 et
513 443 577 476 per
594 431 728 471 omnia,
747 436 855 475 prout
872 429 1044 474 superius
1062 435 1291 469 enarrantur,
1311 427 1455 460 easdem
1474 426 1648 459 fratribus
1666 425 1870 459 concedere
1887 424 1931 457 de
1948 423 2063 469 gratia
2079 423 2242 469 speciali,

378 511 531 544 quorum
554 498 700 531 nomina
722 504 920 543 sequntur:
937 496 1123 530 Johannes
1145 495 1284 536 Marsil,
1303 495 1475 528 Nicolaus
1497 494 1642 534 Trenal,
1661 494 1790 526 Petrus
1812 491 1937 533 Lalue,
1959 490 2144 524 Johannes
2165 492 2243 523 Mo-

378 578 447 607 raz,
468 565 654 599 Johannes
676 564 840 605 Gosredi,
864 564 1048 598 Genesius
1070 563 1114 596 de
1140 564 1276 596 Parma.
1297 582 1341 587 —
1365 562 1442 595 Fiat
1464 573 1529 607 pro
1555 560 1739 594 omnibus.
1765 561 1806 592 T.
1832 579 1876 584 —
1904 560 1983 592 Dat.
2011 559 2123 591 Rome
2147 557 2242 603 apud

379 634 548 666 Sanctum
568 634 713 665 Petrum
735 631 805 664 kal.
828 630 1055 672 Decembris,
1077 641 1171 663 anno
1193 629 1333 674 quinto.

474 727 568 758 suppl.
584 726 666 750 Nicol.
680 727 710 754 V,
727 730 756 748 n‘>
770 727 824 753 439,
842 725 889 748 fol.
905 724 972 748 29612.
990 738 1020 742 -—
1039 724 1098 747 Jam
1115 732 1156 747 an.
1174 724 1234 746 1449
1249 723 1366 746 Donatus
1387 722 1418 745 de
1442 723 1522 745 Puteo
1542 722 1568 745 in
1589 722 1662 745 curio
1684 722 1757 747 Rom.
1776 722 1847 752 apud
1862 721 2000 745 Nicolaum
2016 721 2037 744 V
2052 720 2111 751 suit,
2132 720 2245 752 indeque

377 771 494 803 portavit
509 771 612 794 litteras
628 779 713 802 papae
730 771 761 794 de
779 778 843 801 pace
861 769 987 793 ecclesiae
1005 769 1038 792 ud
1053 768 1259 792 Universitatem
1275 768 1398 795 directas,
1414 770 1440 790 et
1454 766 1516 790 Maii
1532 767 1560 790 15
1576 766 1742 790 Universitns
1756 767 1855 790 Donato
1871 766 1972 798 gratias
1986 765 2041 797 egit
2056 767 2193 795 (Auctar.,
2209 765 2243 794 11,

376 825 404 848 p.
417 818 470 845 762,
485 817 498 839 2
513 824 580 847 sqq.;
597 816 657 839 Lib.
672 822 787 845 procur.
801 819 862 839 nat.
876 814 984 844 Gallica,
1000 814 1044 836 sol.
1059 813 1135 843 101b).
1152 813 1224 836 Tunc
1236 812 1359 843 provisor
1374 820 1385 835 «
1397 811 1508 842 collegii
1520 811 1682 834 Ytalicorum
1694 819 1705 834 r
1721 811 1777 840 tuit,
1794 819 1843 842 pro
1856 819 1916 842 quo,
1931 810 2037 834 omnino
2053 810 2243 842 depauperata,

376 869 462 893 papae
477 860 639 892 supplicavit
653 863 678 883 ct
697 859 784 883 Martii
799 861 814 882 9
829 858 951 882 obtinuit.
971 858 1029 881 Vid.
1046 857 1187 889 epistolam
1202 857 1302 881 Nicolai
1321 857 1340 879 V
1355 865 1398 888 ap.
1416 857 1544 886 DENffLE,
1560 856 1601 880 La
1615 856 1769 881 de'solation
1788 857 1833 880 des
1851 856 1947 887 e'qlises
1961 863 1996 881 en
2010 857 2128 885 France,
2146 859 2176 878 n⁰
2187 856 2242 879 974.

470 941 495 966 1.
512 942 560 965 Ms.
575 949 581 964 ε
599 951 612 963 «
627 940 756 964 sufficeret
769 949 792 963 ι.
805 952 834 957 -
850 938 874 964 2.
891 939 939 962 Ms.
959 946 964 961 z
980 948 992 960 ε(
1008 946 1066 962 esse
1079 948 1101 963 υ,

376 1104 520 1141 2680.
548 1112 723 1138 Universitas
747 1114 922 1145 congregata
943 1110 1001 1144 fuit
1020 1109 1060 1135 ad
1082 1109 1247 1136 audiendas
1267 1109 1487 1144 informationes
1509 1110 1607 1143 factas
1629 1117 1682 1144 per
1705 1108 1877 1144 archiepisc.
1902 1107 2119 1142 Rotomagens.⁴
2143 1110 2242 1133 contra

463 1164 535 1196 frat.
546 1161 607 1188 Joli.
621 1160 845 1194 Bartholomaei,
865 1161 894 1186 O.
908 1160 989 1195 Min.‚
1005 1160 1156 1185 occasione
1168 1159 1359 1195 quarumdam
1376 1158 1604 1195 propositionum
1615 1157 1856 1194 praedicatarum
1869 1166 1921 1193 per
1934 1157 2053 1183 eundem
2064 1156 2244 1192 Rotomagi²;

464 1211 615 1246 audiitque
632 1210 724 1246 ipsam
740 1211 862 1244 fratrem
882 1208 1080 1235 declarantem
1104 1208 1173 1234 illas
1193 1208 1407 1244 propositiones
1422 1209 1516 1242 faisse
1532 1217 1587 1244 per
1608 1207 1760 1233 ecclesiam
1776 1207 1901 1242 decisas,
1920 1210 1955 1241 et,
1977 1216 2039 1232 cum
2054 1210 2168 1232 starent
2181 1215 2243 1232 cum

461 1259 592 1294 generali
613 1263 722 1285 statuto
747 1259 849 1285 Omnis
871 1258 1026 1292 utriusque
1050 1266 1140 1292 sexus,
1166 1266 1313 1293 nunqnam
1335 1266 1366 1283 se
1391 1257 1512 1283 voluisse
1538 1257 1674 1291 derogari
1698 1256 1868 1282 auctoritati
1891 1255 2099 1292 praelatorum,
2126 1259 2243 1281 curato-

463 1318 533 1343 rum,
553 1313 604 1335 etc.
622 1309 709 1334 Natio
726 1308 867 1334 Franciae
883 1307 1023 1333 conclusit
1038 1307 1115 1342 qaod
1129 1307 1224 1332 dictus
1237 1308 1332 1341 frater
1346 1310 1503 1343 propterea
1519 1306 1685 1332 nullatenus
1704 1309 1768 1332 erat
1782 1305 1982 1342 impediendus
1997 1305 2038 1331 ad
2053 1305 2200 1331 licentiam
2215 1304 2244 1330 in

464 1358 617 1393 theologia,
634 1361 772 1394 reputans
786 1356 1008 1391 informationes
1024 1360 1175 1392 suspectas
1190 1360 1329 1392 tanquam
1345 1355 1460 1382 tardius
1472 1357 1570 1390 factas
1586 1359 1614 1382 et
1628 1364 1646 1381 a
1660 1355 1861 1390 familiaribus
1877 1358 2055 1381 emanantes.

1554 1445 1627 1475 1451,
1641 1444 1788 1471 Decembris
1802 1445 1827 1474 4,
1842 1445 1957 1471 Parisiis.

466 1535 524 1560 Lib.
541 1541 658 1566 procur.
675 1539 736 1559 nat.
754 1534 854 1559 Gallic.
875 1533 901 1557 in
916 1534 995 1558 Arch.
1014 1533 1093 1557 Univ.
1109 1533 1204 1563 Paris„
1220 1534 1284 1564 Reg.
1301 1534 1324 1564 1,
1349 1533 1394 1557 sol.
1411 1533 1477 1557 1431‘.
1494 1533 1571 1563 BUL.,
1585 1533 1615 1562 V,
1631 1534 1685 1557 559.
1698 1547 1726 1551 —
1745 1533 1946 1557 Conclusionem
1961 1533 2075 1556 similem
2095 1532 2157 1556 fecit
2171 1532 2242 1556 natio

375 1580 520 1609 Picardica,
544 1580 596 1603 nisi
619 1580 688 1611 quod
710 1588 765 1602 rem
786 1579 888 1603 remisit
908 1579 941 1602 ad
964 1580 1015 1602 foc.
1032 1579 1113 1602 theol.
1129 1582 1154 1602 et
1173 1579 1339 1602 decretorum
1355 1587 1366 1601 a
1378 1578 1546 1610 presentibus
1562 1586 1632 1609 mag.
1647 1578 1760 1602 Roberto
1781 1578 1812 1602 de
1831 1578 1931 1608 Lundn,
1943 1578 2004 1601 Joh.
2015 1577 2120 1607 Berthe,
2136 1577 2244 1601 Nicolao

375 1627 453 1657 Ruys‚
467 1625 612 1656 Reginaldo
628 1624 694 1654 Cati,
712 1624 815 1647 Andr-ea
830 1623 969 1654 Wusselin,
992 1623 1073 1647 Guill.
1099 1624 1298 1655 Houppelunde,
1314 1623 1374 1647 Joh.
1391 1623 1463 1646 Cinis
1479 1625 1506 1647 et
1528 1623 1733 1654 quamplurimis
1749 1623 1818 1652 uliis,
1835 1626 1901 1646 teste
1917 1617 1995 1654 signo
2016 1621 2218 1654 [procuratoris]
2235 1629 2242 1646 t

372 1671 400 1694 P.
422 1671 516 1693 1)ΛοοΥ
537 1678 558 1693 ».
584 1670 671 1699 (Bou,
690 1670 720 1698 V,
735 1670 793 1699 5593
811 1668 996 1698 D'Anoewrmi,
1014 1668 1082 1693 Coll.
1096 1669 1169 1700 jud.‚
1188 1669 1221 1698 Π,
1237 1677 1264 1700 p.
1281 1668 1347 1698 251.)
1361 1668 1396 1692 De
1409 1668 1501 1692 eodem
1516 1668 1605 1700 agitur
1620 1668 1699 1692 etiam
1715 1668 1741 1691 in
1756 1668 1833 1692 Libr.
1845 1675 1962 1699 procur.
1978 1671 2040 1692 nat.
2053 1667 2244 1692 Alemanniae

373 1715 406 1738 ad
422 1714 544 1738 Decemb.
559 1715 574 1737 4
590 1715 727 1744 (Auctar.,
744 1714 777 1743 11,
791 1722 818 1744 p.
835 1714 890 1743 866,
906 1714 936 1736 43
950 1715 1029 1745 sqq.).

467 1785 495 1820 1.¹
508 1796 567 1818 Jam
586 1803 674 1818 mense
695 1794 828 1826 Septemb.
850 1794 1026 1824 Universitus,
1049 1794 1098 1817 hoc
1119 1794 1269 1825 petentibus
1293 1794 1444 1818 oratoribus
1467 1794 1500 1818 ab
1521 1794 1568 1818 illo
1591 1794 1802 1826 archiepiscopo,
1820 1794 1960 1825 Radulpho
1982 1793 2122 1823 Rousselli,
2141 1793 2242 1824 missis,

373 1831 572 1872 archiepiscopo
588 1848 615 1863 se
628 1839 756 1871 adjunxit,
773 1849 786 1861 «
799 1840 831 1862 ad
847 1839 1043 1870 procedendum
1058 1842 1150 1862 eontra
1163 1839 1293 1870 quosdam
1306 1839 1445 1870 religiosos
1462 1839 1525 1863 Ord.
1542 1839 1614 1868 Min„
1630 1840 1773 1862 secundum
1789 1840 1901 1862 formum
1916 1838 2093 1862 conclusionis
2109 1838 2242 1863 facultatis

374 1886 455 1909 theol.
469 1893 481 1908 ›>
500 1886 638 1915 (Auctaoz,
653 1885 686 1916 11,
698 1893 725 1915 p.
737 1885 792 1913 864,
804 1884 831 1907 11
849 1884 929 1915 sqq.).
942 1884 1035 1907 Octob.
1044 1885 1058 1907 6
1071 1883 1289 1915 archiepiscopus
1303 1884 1477 1908 Universitati
1492 1884 1610 1915 scripsit,
1623 1884 1776 1915 cordigeros
1792 1884 1823 1907 de
1838 1884 1984 1915 Rotomago
1999 1883 2164 1912 manuteneri
2176 1883 2243 1907 velle

375 1939 466 1953 casum
488 1939 499 1953 (ι
517 1930 548 1953 de
567 1929 728 1961 predicando
744 1937 792 1960 per
807 1929 927 1959 singulas
949 1928 1089 1960 parochias
1111 1928 1167 1952 sine
1189 1929 1295 1952 licentia
1317 1929 1403 1952 curati
1425 1937 1472 1952 nec
1494 1929 1574 1952 etiam
1594 1928 1788 1960 archiepiscopi
1804 1937 1815 1951 n
1834 1928 1900 1958 (Lib.
1918 1935 2036 1959 procur.
2052 1932 2112 1953 nat.
2131 1928 2241 1957 Gallie„

375 1975 420 2000 sol,
438 1974 513 2004 142b).
530 1974 634 1998 Gratias
651 1974 729 1997 etiam
744 1973 807 2005 egit,
822 1973 883 2005 quia
896 1973 1079 2002 cancellarius,
1094 1973 1223 1997 Robertus
1239 1974 1357 2003 Ciboule,
1372 1974 1396 1997 ei
1409 1974 1518 2005 scripsit
1531 1983 1542 1997 a
1556 1974 1588 1997 de
1603 1973 1738 1997 evellendo
1754 1977 1780 1997 et
1794 1973 1950 2005 extirpando
1963 1974 2088 2005 figmento
2103 1973 2130 1996 in
2142 1973 2242 1996 'ducatu

374 2019 550 2043 Norinanniue
563 2027 575 2042 »
593 2020 731 2048 (Auctar.,
748 2019 781 2047 11,
797 2027 824 2049 p.
838 2019 892 2047 865,
909 2020 932 2047 5,
949 2018 977 2041 13
993 2019 1071 2049 sqq.).
1093 2019 1141 2041 An.
1159 2018 1228 2048 1452,
1245 2018 1329 2050 April.
1347 2019 1370 2049 1,
1393 2019 1479 2042 adhuc
1499 2018 1715 2050 archiepiscopus
1739 2018 1840 2042 litteras
1862 2018 2130 2042 reeommendatorias
2145 2017 2242 2041 habere

375 2064 460 2088 voluit
481 2064 514 2087 ad
535 2064 607 2087 card.
627 2064 744 2094 legatum
765 2073 778 2085 «
799 2063 826 2086 in
841 2071 921 2086 causa
940 2062 1009 2086 inter
1026 2062 1115 2094 ipsum
1132 2066 1158 2086 et
1172 2063 1286 2086 Minores
1305 2071 1316 2086 1)
1340 2065 1479 2093 (Auctar.,
1494 2064 1526 2094 11,
1542 2072 1569 2095 p.
1583 2065 1638 2093 879,
1652 2064 1701 2093 42).
1715 2077 1745 2081 -
1760 2062 1785 2088 2.
1801 2064 1872 2086 Inter
1887 2063 1939 2086 alia
1954 2062 2127 2094 praedicavit,
2145 2071 2157 2086 α
2173 2063 2243 2094 quod

375 2108 529 2140 parochiani
544 2111 653 2139 possent
667 2108 750 2132 libere
763 2116 790 2131 se
805 2107 1015 2131 Mendicuntibus
1030 2116 1078 2139 per
1090 2107 1240 2131 ordinarios
1256 2108 1382 2131 admissis
1395 2108 1515 2132 confiteri
1530 2108 1630 2140 ubsque
1642 2111 1795 2132 curatorum
1807 2108 1914 2131 licentia
1973 2116 2020 2132 nec
2034 2107 2121 2139 prima
2134 2111 2243 2139 peccata

376 2153 585 2177 Mendicantibus
602 2154 723 2176 consessu
738 2152 804 2184 ipsis
818 2152 916 2176 curatis
930 2152 1026 2176 iterum
1042 2152 1161 2176 confiteri
1178 2160 1189 2176 »
1206 2153 1274 2183 (Lib.
1287 2159 1404 2184 procur.
1422 2157 1482 2178 nat.
1497 2153 1612 2178 Picard.
1628 2161 1672 2184 ap.
1689 2153 1764 2182 Bur„
1779 2153 1808 2182 V,
1825 2154 1892 2184 559).

380 2317 504 2354 2681
516 2345 523 2353 .
547 2325 683 2351 Facultas
699 2325 805 2351 artium
819 2324 964 2351 deliberat
979 2325 1014 2351 de
1029 2325 1170 2351 abusibus
1183 2329 1211 2352 et
1226 2327 1430 2360 reformatione
1444 2326 1584 2361 facienda
1599 2326 1754 2361 facultatis
1770 2326 1886 2355 artium,

1540 2415 1608 2445 1451,
1624 2415 1772 2442 Decembris
1787 2416 1823 2446 15,
1839 2415 1954 2442 Parisiis.

469 2501 534 2533 Die
555 2506 617 2534 xva
642 2501 779 2534 mensis
806 2501 1020 2534 Decembris
1045 2499 1139 2535 anno
1169 2504 1315 2541 Domini
1338 2504 1533 2538 millesimo
1561 2506 1650 2537 11110
1674 2504 1982 2549 quinquagesimo
2010 2503 2127 2549 primo
2155 2514 2242 2536 con-

381 2575 529 2613 gregata
554 2568 621 2600 suit
641 2568 790 2601 facultas
812 2568 941 2601 artium
968 2570 1175 2603 veneranda
1200 2571 1296 2616 apud
1322 2572 1492 2605 Sanctum
1517 2572 1701 2605 Julianum
1729 2573 1929 2617 Pauperem
1958 2582 2071 2616 super
2097 2570 2242 2603 duobus

381 2633 720 2667 articulis.'1³ri1nus
740 2635 807 2667 suit
829 2635 872 2668 ad
893 2635 1114 2669 audiendum
1140 2637 1260 2682 aliqua
1283 2639 1523 2684 proponenda
1548 2651 1614 2684 per
1638 2639 1825 2672 dominum
1851 2638 2108 2672 cancellarium
2133 2638 2242 2670 Beate

382 2702 510 2733 Marie¹
543 2702 799 2734 concernentia
825 2708 955 2734 statum
981 2703 1161 2737 facultatis
1186 2705 1316 2738 artium
1343 2706 1563 2751 supradicte.
1591 2706 1781 2740 Secundus
1806 2706 1874 2739 fuit
1900 2705 2104 2739 communis
2131 2716 2244 2749 super

383 2768 716 2812 supplicacionibus
745 2775 780 2801 et
806 2769 965 2813 injuriis.
994 2770 1050 2802 Ad
1083 2783 1187 2816 quain
1219 2773 1549 2818 congregacionem
1573 2774 1690 2807 vocati
1716 2774 1866 2806 suerunt
1895 2780 1930 2806 et
1960 2777 2244 2818 comparuerunt

381 2834 483 2866 multi
517 2835 680 2879 magistri
713 2835 757 2867 de
788 2836 947 2880 singulis
980 2837 1211 2872 facultatibus
1247 2840 1505 2885 superioribus
1540 2841 1768 2886 singularum
1804 2841 1997 2874 nacionum
2033 2839 2077 2872 ad
2109 2850 2242 2872 consu-

382 2901 541 2934 lendum.

2482 2949 2502 3226 „esssfflrssfflhiffl
2483 2902 2502 2942 'aa'
