2502 3418
267 331 364 368 1444]
616 346 662 367 ΑΒ
697 346 800 368 auno
836 344 1125 367 MCCCLxxxxw
1155 344 1287 373 usQUE
1323 345 1370 367 AD
1405 346 1543 368 ANNUM
1579 347 1782 370 mccccmt.
2069 339 2133 373 649

1007 454 1090 487 Pax
1121 454 1155 487 U
1155 454 1287 488 niversi
1290 454 1387 487 tatis.

356 553 443 585 ltem
467 559 501 585 et.
517 553 684 597 quoniam
707 553 743 584 in
766 551 1011 596 tranquilitate
1033 557 1068 584 et
1089 563 1175 596 pace
1197 551 1342 596 propria
1364 553 1593 586 Universitas
1609 553 1687 597 ipsa
1708 553 1807 598 viget
1828 560 1863 586 et
1883 562 2133 593 conservatur,

265 618 365 663 regia
394 630 537 663 semper
565 619 755 652 clementia
784 619 1003 663 disponente
1037 625 1072 651 et
1103 625 1253 663 paterno
1281 619 1403 652 favore
1432 619 1540 652 filiam
1569 626 1700 652 tantam
1729 620 1968 664 amplexante,
1993 622 2130 665 justum

265 691 448 726 censetur,
472 692 509 718 ut
528 686 605 730 ipsa
621 687 693 730 jam
722 685 861 718 turbata
883 685 1111 719 Universitas
1132 685 1176 718 ad
1197 685 1337 730 regium
1361 692 1624 730 paternumque
1646 693 1806 719 recurrat
1828 686 2013 720 auxilium.

355 753 441 784 [tem
466 759 500 784 et
520 751 730 796 hujusmodi
752 751 971 785 turbationis
997 764 1142 785 causam
1168 764 1247 785 cum
1277 752 1375 785 omni
1403 752 1604 786 humilitate
1634 760 1668 786 et
1695 753 1934 786 amaritudine
1963 761 2134 798 poterunt

265 818 336 863 ipsi
363 825 527 851 oratores
556 818 740 851 declarare
767 825 802 851 et
829 825 948 851 cetera
978 819 1203 852 conferentia
1230 819 1420 852 advertere
1454 826 1489 852 et
1518 820 1735 864 exprimere,
1770 826 1878 864 prout
1912 820 1949 852 in
1977 820 2134 854 instruc-

266 884 427 918 tionibus
445 885 643 918 novissime
662 885 754 918 datis
771 885 916 918 duobus
932 885 1207 919 venerabilibus
1226 886 1429 931 magistris⁷
1447 886 1490 918 ad
1508 887 1643 931 regiam
1662 887 1886 931 majestatem
1907 887 2133 920 transmissis

267 950 440 984 latissime
462 952 682 985 continetur.
705 953 783 994 Que
804 952 1090 985 instructiones⁸
1117 952 1276 996 sigillate
1304 952 1540 997 presentibus
1568 953 1775 986 oratoribus
1803 965 1868 998 pro
1897 965 1959 987 sua
1988 966 2133 987 rursum

265 1018 505 1051 instructione
528 1019 682 1052 traddite
705 1025 802 1060 sunt,
825 1031 864 1052 ac
885 1019 916 1052 si
939 1019 997 1052 hic
1022 1019 1246 1052 haberentur
1271 1019 1408 1052 inserte
1434 1026 1469 1052 et
1495 1020 1538 1052 de
1559 1019 1672 1053 verbo
1702 1020 1745 1053 ad
1767 1020 1916 1053 verbum
1944 1032 2133 1065 expresse,

265 1091 304 1118 ut
323 1085 393 1130 ipsi
417 1092 580 1118 oratores
606 1092 797 1130 presentes
823 1086 884 1118 illa
910 1093 1120 1131 procurent,
1143 1093 1266 1131 petant
1289 1093 1323 1118 et
1350 1086 1539 1131 perficiant
1566 1099 1631 1131 pro
1653 1087 1805 1128 viribus,
1829 1099 1899 1132 que
1927 1099 1991 1132 per
2018 1087 2136 1121 dictos

266 1151 495 1185 venerabiles
517 1153 712 1197 magistros
734 1165 806 1185 non
827 1153 976 1186 fuerunt
996 1153 1175 1198 completa
1197 1159 1231 1185 et
1252 1153 1422 1197 perfecta,
1446 1154 1555 1198 petita
1576 1153 1633 1186 vel
1655 1153 1814 1187 obtenta.

356 1219 444 1251 Item
467 1226 499 1251 et
522 1220 690 1263 quoniam
721 1219 806 1252 dicti
826 1219 1058 1253 venerabiles
1089 1220 1253 1264 magistri
1282 1232 1299 1252 a
1328 1220 1428 1264 regia
1451 1220 1647 1253 serenitate
1678 1220 1945 1265 benignissime
1974 1222 2136 1266 suscepti

266 1291 364 1326 sunt,
400 1291 435 1318 et
472 1285 567 1318 inter
602 1286 710 1330 petita
746 1286 900 1331 quedam
935 1286 1037 1319 utilia
1070 1293 1315 1331 reportarunt,
1351 1286 1452 1331 regie
1487 1286 1698 1319 celsitudini
1736 1288 1933 1332 gratiarum
1969 1288 2138 1321 dicentur

266 1352 444 1394 actiones,
466 1352 570 1385 etiam
594 1353 677 1397 quia
698 1352 802 1385 alteri
824 1353 1003 1386 dictorum
1025 1353 1298 1398 magistrorum,
1322 1359 1427 1397 prout
1448 1353 1527 1398 ipse
1551 1353 1684 1394 retulit,
1708 1354 1786 1398 ipsa
1813 1354 1912 1399 regia
1938 1354 2137 1387 liberalitas

266 1429 441 1451 sommam
463 1420 629 1452 centum⁹
653 1426 839 1452 scutorum
862 1420 1011 1453 donavit
1030 1420 1253 1464 gratissime.

357 1486 445 1518 Item
472 1492 505 1518 et
535 1486 617 1530 quia
644 1499 716 1519 non
745 1493 801 1519 est
828 1487 1052 1520 satisfactum
1081 1486 1282 1519 humilibus
1311 1486 1474 1531 ejusdem
1505 1487 1761 1520 Universitatis
1794 1488 1989 1532 requestis,
2018 1500 2137 1533 neque

267 1552 378 1584 sentit
403 1552 482 1597 ipsa
511 1553 738 1586 Universitas
768 1565 913 1586 suarum
947 1554 1137 1586 attrocium
1170 1554 1384 1597 injuriarum
1418 1553 1572 1597 aliquam
1604 1554 1884 1598 reparationem,
1915 1555 1980 1587 sed
2015 1555 2137 1599 potius

266 1619 533 1663 agravationem
559 1626 593 1652 et
614 1632 778 1665 magnam
800 1632 1040 1665 processuum
1064 1620 1329 1653 involutionem
1353 1631 1417 1664 per
1438 1620 1591 1664 quedam
1620 1627 1788 1653 contenta
1813 1620 2025 1660 litterarum,
2049 1633 2138 1666 quas

266 1685 337 1730 ipsi
357 1685 588 1719 venerabiles
610 1687 775 1731 magistri
796 1687 1008 1727 attulerunt,
1031 1687 1169 1720 idcirco
1192 1687 1380 1731 querendo
1403 1698 1473 1731 que
1494 1686 1537 1718 ad
1560 1698 1682 1731 pacem
1709 1693 1805 1726 sunt,
1830 1688 1959 1720 iterum
1988 1688 2137 1721 Univer-

267 1752 354 1785 sitas
377 1752 500 1785 eadem
524 1753 724 1786 remedium
746 1754 874 1787 iterato
896 1754 1059 1787 decrevit
1079 1753 1266 1786 humiliter
1286 1753 1568 1798 implorandum.

356 1820 444 1851 Item
466 1826 501 1852 et
527 1831 637 1864 super
660 1820 727 1853 hoc
749 1821 819 1865 ipsi
848 1827 1011 1854 oratores
1032 1820 1188 1853 habeant
1209 1820 1405 1861 declarare,
1430 1820 1613 1864 quomodo
1641 1820 1868 1852 Universitas
1890 1827 2014 1853 contra
2038 1821 2137 1866 regis

267 1885 461 1919 officiarios
484 1886 596 1919 nichil
618 1887 782 1931 querelle
803 1887 892 1928 vult,
916 1887 1032 1921 voluit
1052 1899 1171 1932 neque
1192 1887 1304 1920 vellet
1328 1887 1521 1925 intentare,
1546 1886 1611 1919 sed
1634 1886 1751 1919 solum
1773 1893 1897 1919 contra
1920 1899 2136 1920 excessuum

267 1959 537 1997 perpetratores
558 1954 766 1999 singulares
786 1954 823 1986 in
845 1966 950 1987 suum
972 1961 1079 1999 caput
1099 1961 1133 1986 et
1154 1960 1345 1994 rectorem,
1369 1953 1406 1985 in
1428 1965 1515 1986 suos
1539 1953 1732 1985 officiarios
1754 1960 1788 1986 et
1809 1953 2001 1998 alumpnos
2022 1954 2136 1999 palam

266 2020 557 2062 commissorum,
586 2021 622 2053 in
649 2033 798 2054 enorme
825 2021 1035 2054 scandalum
1065 2021 1279 2061 eorundem,
1301 2020 1481 2053 lesionem
1502 2026 1609 2064 atque
1631 2021 1822 2064 jacturam,
1846 2020 1987 2053 scilicet
2012 2028 2136 2054 contra

266 2087 307 2118 N.
337 2093 371 2119 et
398 2088 473 2119 T.¹o
501 2099 662 2133 suosque
690 2088 900 2133 complices.
932 2090 975 2121 Et
1002 2087 1263 2121 nichilominus
1288 2087 1367 2131 ipsa
1394 2087 1514 2119 littera
1535 2087 1658 2131 regios
1689 2087 1895 2129 officiarios,
1918 2099 2000 2132 ymo
2022 2094 2057 2120 et
2083 2088 2135 2121 sic

268 2153 408 2197 regium
431 2161 701 2198 procuratorem
723 2162 860 2200 partem
881 2155 1068 2188 formalem
1086 2155 1263 2188 adversus
1285 2154 1566 2187 Universitatem
1589 2154 1812 2186 constituere
1833 2154 1988 2196 videtur,
2012 2162 2136 2188 contra

267 2219 362 2252 dicte
391 2221 646 2255 Universitatis
675 2229 832 2255 mentem
863 2229 896 2255 et
924 2222 1178 2255 intentionem.
1207 2221 1315 2254 Absit
1339 2221 1449 2261 enim,
1476 2221 1574 2265 quod
1602 2227 1727 2253 contra
1753 2221 1939 2253 dominum
1969 2228 2133 2254 nostrum

267 2298 390 2331 regem
411 2294 471 2319 aut
491 2299 597 2320 suum
619 2296 891 2333 procuratorem
918 2289 995 2334 ipsa
1024 2289 1253 2322 Universitas
1282 2288 1379 2320 litem
1403 2287 1532 2319 debeat
1559 2299 1677 2331 neque
1707 2287 1795 2320 velit
1815 2287 2006 2328 intentare,
2030 2290 2135 2333 cujus

265 2352 535 2397 adjunctionem
557 2362 592 2388 et
612 2355 803 2388 tuitionem
826 2356 905 2401 ipsa
926 2355 1087 2401 postulat
1105 2355 1293 2388 humiliter
1314 2361 1349 2387 et
1369 2355 1559 2387 instanter.

356 2421 444 2453 Item
464 2428 499 2454 et
518 2423 752 2466 apperiantur
768 2429 887 2456 cetera
909 2435 952 2455 ex
972 2423 1050 2468 ipsa
1071 2422 1190 2455 littera
1207 2422 1296 2454 oriri
1318 2428 1437 2466 parata
1454 2421 1489 2453 in
1511 2421 1635 2453 eadem
1652 2420 1896 2453 Universitate
1918 2421 2133 2463 turbamina,

267 2486 549 2531 inquietationes
580 2495 614 2521 et
639 2489 778 2534 prolixe
809 2501 1050 2535 processuum
1078 2489 1347 2521 ordinariorum
1378 2487 1638 2527 involutiones,
1667 2486 1859 2520 difficultas
1885 2489 2134 2533 congregandi

267 2553 303 2585 in
325 2565 435 2586 unum
457 2561 612 2599 quatuor
629 2555 795 2601 dispares
811 2556 970 2600 judices,
996 2568 1088 2601 quos
1110 2555 1339 2588 Universitas
1357 2566 1444 2587 suos
1466 2566 1539 2586 non
1561 2565 1642 2586 esse
1659 2553 1805 2598 judices
1829 2554 2031 2599 profitetur,
2054 2567 2132 2588 cum

266 2619 342 2652 sola
360 2621 459 2665 regia
481 2622 649 2666 majestas
673 2623 943 2667 presentialiter
969 2623 1026 2655 sui
1048 2622 1214 2667 corporis
1240 2633 1368 2654 causas
1394 2620 1500 2653 solita
1525 2620 1572 2653 sit
1598 2627 1749 2653 tractare
1777 2627 1943 2665 tanquam
1971 2633 2036 2655 sue
2062 2622 2135 2655 filie

268 2687 509 2732 primogenite
538 2695 573 2721 et
597 2696 786 2734 perpetue,
815 2690 910 2722 inter
935 2701 1028 2734 quos
1054 2689 1159 2722 etiam
1182 2688 1330 2733 judices
1358 2694 1552 2732 pretensos
1580 2698 1675 2719 unus
1702 2699 1745 2719 ex
1776 2687 2014 2732 generalibus
2044 2689 2135 2722 assi-

266 2760 410 2798 gnatur,
433 2754 517 2788 licet
542 2756 620 2800 ipsa
646 2757 889 2798 Universitas,
917 2757 979 2789 diu
1004 2763 1072 2797 est,
1100 2755 1309 2800 appellavit,
1333 2766 1377 2786 ne
1404 2754 1486 2798 quis
1512 2753 1739 2799 generalium
1767 2754 1810 2786 de
1835 2755 1912 2787 suis
1938 2764 2135 2800 cognoscat

266 2821 432 2865 agendis.
463 2823 536 2855 Hec
568 2823 664 2855 enim
692 2824 813 2856 omnia
842 2824 1017 2868 frangunt
1046 2829 1082 2855 et
1112 2822 1272 2867 graviter
1305 2820 1496 2854 offendunt
1522 2821 1618 2864 jura,
1651 2820 1855 2865 privilegia,
1885 2820 2072 2855 libertates
2104 2830 2135 2856 et

266 2899 369 2928 usus,
391 2900 472 2933 ymo
496 2890 814 2935 transquillitatem
836 2897 871 2923 et
891 2890 1050 2935 quietem
1075 2888 1334 2922 Universitatis
1357 2887 1536 2932 ejusdem.

389 2949 454 2966 *Η*
473 2947 568 2971 Chare.
594 2948 672 2972 Univ.
691 2948 786 2973 Paris.
805 2949 847 2972 lv.
1985 2947 2014 2970 82
