<?xml version="1.0" encoding="UTF-8"?>
<!DOCTYPE html PUBLIC "-//W3C//DTD XHTML 1.0 Transitional//EN"
    "http://www.w3.org/TR/xhtml1/DTD/xhtml1-transitional.dtd">
<html xmlns="http://www.w3.org/1999/xhtml" xml:lang="en" lang="en">
 <head>
  <title>
</title>
<meta http-equiv="Content-Type" content="text/html;charset=utf-8" />
  <meta name='ocr-system' content='tesseract 3.04.00' />
  <meta name='ocr-capabilities' content='ocr_page ocr_carea ocr_par ocr_line ocrx_word'/>
</head>
<body>
  <div class='ocr_page' id='page_1' title='image "./chartulariumuniv04univuoft_0186.png"; bbox 0 0 2502 3418; ppageno 0'>
   <div class='ocr_carea' id='block_1_1' title="bbox 412 310 2272 346">
    <p class='ocr_par' dir='ltr' id='par_1_1' title="bbox 412 310 2272 346">
     <span class='ocr_line' id='line_1_1' title="bbox 412 310 2272 346; baseline 0.002 -3"><span class='ocrx_word' id='word_1_1' title='bbox 412 312 473 343; x_wconf 79' lang='lat'>142</span> <span class='ocrx_word' id='word_1_2' title='bbox 987 323 1304 344; x_wconf 64' lang='lat' dir='ltr'><strong>CHARTULAMUM</strong></span> <span class='ocrx_word' id='word_1_3' title='bbox 1339 323 1527 344; x_wconf 68' lang='lat' dir='ltr'>UNivmxs.</span> <span class='ocrx_word' id='word_1_4' title='bbox 1566 323 1692 343; x_wconf 55' lang='lat' dir='ltr'>lunis.</span> <span class='ocrx_word' id='word_1_5' title='bbox 2173 310 2272 346; x_wconf 75' lang='lat'>[1406</span> 
     </span>
    </p>
   </div>
   <div class='ocr_carea' id='block_1_2' title="bbox 414 447 2166 493">
    <p class='ocr_par' dir='ltr' id='par_1_2' title="bbox 414 447 2166 493">
     <span class='ocr_line' id='line_1_2' title="bbox 414 447 2166 493; baseline -0.001 -10"><span class='ocrx_word' id='word_1_6' title='bbox 414 447 554 483; x_wconf 78' lang='lat'>1833.</span> <span class='ocrx_word' id='word_1_7' title='bbox 578 457 626 482; x_wconf 88' lang='lat' dir='ltr'>Lis</span> <span class='ocrx_word' id='word_1_8' title='bbox 641 457 871 483; x_wconf 74' lang='lat' dir='ltr'>autlzenticumnc</span> <span class='ocrx_word' id='word_1_9' title='bbox 886 457 925 482; x_wconf 87' lang='lat' dir='ltr'>sit</span> <span class='ocrx_word' id='word_1_10' title='bbox 940 461 1026 493; x_wconf 82' lang='lat' dir='ltr'>caput</span> <span class='ocrx_word' id='word_1_11' title='bbox 1041 457 1171 492; x_wconf 85' lang='lat' dir='ltr'><em>Dionysii</em></span> <span class='ocrx_word' id='word_1_12' title='bbox 1183 461 1265 482; x_wconf 75' lang='lat' dir='ltr'>mart.</span> <span class='ocrx_word' id='word_1_13' title='bbox 1284 457 1312 482; x_wconf 85' lang='lat' dir='ltr'>in</span> <span class='ocrx_word' id='word_1_14' title='bbox 1329 457 1450 482; x_wconf 80' lang='lat' dir='ltr'>ecclesia</span> <span class='ocrx_word' id='word_1_15' title='bbox 1464 457 1560 482; x_wconf 83' lang='lat' dir='ltr'>Paris.</span> <span class='ocrx_word' id='word_1_16' title='bbox 1577 456 1616 481; x_wconf 84' lang='lat' dir='ltr'>ad</span> <span class='ocrx_word' id='word_1_17' title='bbox 1631 456 1800 490; x_wconf 78' lang='lat' dir='ltr'><em>facultatem</em></span> <span class='ocrx_word' id='word_1_18' title='bbox 1817 456 1900 482; x_wconf 76' lang='lat' dir='ltr'>theol.</span> <span class='ocrx_word' id='word_1_19' title='bbox 1917 457 2011 481; x_wconf 82' lang='lat' dir='ltr'>Paris.</span> <span class='ocrx_word' id='word_1_20' title='bbox 2029 456 2166 491; x_wconf 75' lang='lat' dir='ltr'><em>defertur.</em></span> 
     </span>
    </p>
   </div>
   <div class='ocr_carea' id='block_1_3' title="bbox 1606 548 1985 576">
    <p class='ocr_par' dir='ltr' id='par_1_3' title="bbox 1606 548 1985 576">
     <span class='ocr_line' id='line_1_3' title="bbox 1606 548 1985 576; baseline 0.003 -3"><span class='ocrx_word' id='word_1_21' title='bbox 1606 548 1684 575; x_wconf 77' lang='lat'>7406.</span> <span class='ocrx_word' id='word_1_22' title='bbox 1701 548 1815 574; x_wconf 83' lang='lat' dir='ltr'>Decemb.</span> <span class='ocrx_word' id='word_1_23' title='bbox 1831 549 1855 576; x_wconf 87' lang='lat'>5,</span> <span class='ocrx_word' id='word_1_24' title='bbox 1872 548 1985 574; x_wconf 73' lang='lat' dir='ltr'>Parisiis.</span> 
     </span>
    </p>
   </div>
   <div class='ocr_carea' id='block_1_4' title="bbox 408 635 2273 813">
    <p class='ocr_par' dir='ltr' id='par_1_4' title="bbox 408 635 2273 813">
     <span class='ocr_line' id='line_1_4' title="bbox 499 635 2273 680; baseline 0.001 -13"><span class='ocrx_word' id='word_1_25' title='bbox 499 636 550 667; x_wconf 88' lang='lat' dir='ltr'>De</span> <span class='ocrx_word' id='word_1_26' title='bbox 571 636 662 668; x_wconf 84' lang='lat' dir='ltr'>facto</span> <span class='ocrx_word' id='word_1_27' title='bbox 684 636 811 680; x_wconf 87' lang='lat' dir='ltr'>capitis</span> <span class='ocrx_word' id='word_1_28' title='bbox 834 636 868 669; x_wconf 81' lang='lat' dir='ltr'>S.</span> <span class='ocrx_word' id='word_1_29' title='bbox 887 636 1056 675; x_wconf 71' lang='lat' dir='ltr'>Dionisii7</span> <span class='ocrx_word' id='word_1_30' title='bbox 1079 636 1162 680; x_wconf 84' lang='lat' dir='ltr'>quia</span> <span class='ocrx_word' id='word_1_31' title='bbox 1183 636 1333 668; x_wconf 85' lang='lat' dir='ltr'>relatum</span> <span class='ocrx_word' id='word_1_32' title='bbox 1356 636 1423 668; x_wconf 84' lang='lat' dir='ltr'>suit</span> <span class='ocrx_word' id='word_1_33' title='bbox 1443 635 1540 680; x_wconf 88' lang='lat' dir='ltr'>quod</span> <span class='ocrx_word' id='word_1_34' title='bbox 1566 635 1661 667; x_wconf 88' lang='lat' dir='ltr'>dom.</span> <span class='ocrx_word' id='word_1_35' title='bbox 1692 635 1803 668; x_wconf 88' lang='lat' dir='ltr'>abbas</span> <span class='ocrx_word' id='word_1_36' title='bbox 1835 636 1868 668; x_wconf 90' lang='lat' dir='ltr'>S.</span> <span class='ocrx_word' id='word_1_37' title='bbox 1897 635 2063 680; x_wconf 80' lang='lat' dir='ltr'>Dyonisii</span> <span class='ocrx_word' id='word_1_38' title='bbox 2093 647 2132 668; x_wconf 89' lang='lat' dir='ltr'>se</span> <span class='ocrx_word' id='word_1_39' title='bbox 2163 637 2273 669; x_wconf 78' lang='lat' dir='ltr'><strong>refert</strong></span> 
     </span>
     <span class='ocr_line' id='line_1_5' title="bbox 408 701 2271 747; baseline 0.001 -13"><span class='ocrx_word' id='word_1_40' title='bbox 408 713 519 746; x_wconf 88' lang='lat' dir='ltr'>super</span> <span class='ocrx_word' id='word_1_41' title='bbox 549 702 691 743; x_wconf 69' lang='lat' dir='ltr'>debato,</span> <span class='ocrx_word' id='word_1_42' title='bbox 724 709 806 743; x_wconf 61' lang='lat' dir='ltr'>etc.7</span> <span class='ocrx_word' id='word_1_43' title='bbox 837 702 996 734; x_wconf 77' lang='lat' dir='ltr'>facultati</span> <span class='ocrx_word' id='word_1_44' title='bbox 1028 702 1226 747; x_wconf 51' lang='lat' dir='ltr'>theologie.</span> <span class='ocrx_word' id='word_1_45' title='bbox 1254 702 1372 746; x_wconf 81' lang='lat' dir='ltr'>placet</span> <span class='ocrx_word' id='word_1_46' title='bbox 1402 702 1560 735; x_wconf 85' lang='lat' dir='ltr'>dominis</span> <span class='ocrx_word' id='word_1_47' title='bbox 1593 702 1789 742; x_wconf 85' lang='lat' dir='ltr'>[canonicis</span> <span class='ocrx_word' id='word_1_48' title='bbox 1819 701 1907 734; x_wconf 87' lang='lat' dir='ltr'>eccl.</span> <span class='ocrx_word' id='word_1_49' title='bbox 1935 702 2062 742; x_wconf 69' lang='lat' dir='ltr'>Paris]</span> <span class='ocrx_word' id='word_1_50' title='bbox 2089 703 2200 735; x_wconf 87' lang='lat' dir='ltr'>eciam</span> <span class='ocrx_word' id='word_1_51' title='bbox 2232 715 2271 736; x_wconf 89' lang='lat' dir='ltr'>se</span> 
     </span>
     <span class='ocr_line' id='line_1_6' title="bbox 410 768 2270 813; baseline 0.001 -12"><span class='ocrx_word' id='word_1_52' title='bbox 410 769 545 801; x_wconf 87' lang='lat' dir='ltr'>referre</span> <span class='ocrx_word' id='word_1_53' title='bbox 580 768 673 801; x_wconf 79' lang='lat' dir='ltr'>dicte</span> <span class='ocrx_word' id='word_1_54' title='bbox 707 769 865 801; x_wconf 81' lang='lat' dir='ltr'>facultati</span> <span class='ocrx_word' id='word_1_55' title='bbox 899 769 936 801; x_wconf 89' lang='lat' dir='ltr'>in</span> <span class='ocrx_word' id='word_1_56' title='bbox 970 781 1054 801; x_wconf 88' lang='lat' dir='ltr'>casu</span> <span class='ocrx_word' id='word_1_57' title='bbox 1091 769 1284 813; x_wconf 74' lang='lat' dir='ltr'>premisso,</span> <span class='ocrx_word' id='word_1_58' title='bbox 1315 768 1476 813; x_wconf 86' lang='lat' dir='ltr'>alioquin</span> <span class='ocrx_word' id='word_1_59' title='bbox 1511 769 1726 813; x_wconf 79' lang='lat' dir='ltr'>impetretur</span> <span class='ocrx_word' id='word_1_60' title='bbox 1755 769 1938 802; x_wconf 84' lang='lat' dir='ltr'>audientia</span> <span class='ocrx_word' id='word_1_61' title='bbox 1973 768 2117 813; x_wconf 84' lang='lat' dir='ltr'>publica</span> <span class='ocrx_word' id='word_1_62' title='bbox 2151 781 2270 803; x_wconf 86' lang='lat' dir='ltr'>coram</span> 
     </span>
    </p>
   </div>
   <div class='ocr_carea' id='block_1_5' title="bbox 408 835 1391 880">
    <p class='ocr_par' dir='ltr' id='par_1_5' title="bbox 408 835 1391 880">
     <span class='ocr_line' id='line_1_7' title="bbox 408 835 1391 880; baseline 0.001 -13"><span class='ocrx_word' id='word_1_63' title='bbox 408 835 566 868; x_wconf 87' lang='lat' dir='ltr'>dominis</span> <span class='ocrx_word' id='word_1_64' title='bbox 588 847 688 880; x_wconf 71' lang='lat' dir='ltr'>rege,</span> <span class='ocrx_word' id='word_1_65' title='bbox 706 835 861 868; x_wconf 90' lang='lat' dir='ltr'>ducibus</span> <span class='ocrx_word' id='word_1_66' title='bbox 887 842 922 868; x_wconf 85' lang='lat' dir='ltr'>et</span> <span class='ocrx_word' id='word_1_67' title='bbox 946 835 1026 868; x_wconf 86' lang='lat' dir='ltr'>aliis</span> <span class='ocrx_word' id='word_1_68' title='bbox 1047 835 1091 868; x_wconf 87' lang='lat' dir='ltr'>de</span> <span class='ocrx_word' id='word_1_69' title='bbox 1113 836 1291 880; x_wconf 85' lang='lat' dir='ltr'>sanguine</span> <span class='ocrx_word' id='word_1_70' title='bbox 1312 848 1391 868; x_wconf 91' lang='lat' dir='ltr'>suo.</span> 
     </span>
    </p>
   </div>
   <div class='ocr_carea' id='block_1_6' title="bbox 404 932 2271 1145">
    <p class='ocr_par' dir='ltr' id='par_1_6' title="bbox 404 932 2271 1145">
     <span class='ocr_line' id='line_1_8' title="bbox 499 932 2271 967; baseline 0.002 -12"><span class='ocrx_word' id='word_1_71' title='bbox 499 932 575 955; x_wconf 81' lang='lat' dir='ltr'>Arch.</span> <span class='ocrx_word' id='word_1_72' title='bbox 591 936 644 955; x_wconf 80' lang='lat' dir='ltr'>nat.</span> <span class='ocrx_word' id='word_1_73' title='bbox 659 932 752 960; x_wconf 67' lang='lat' dir='ltr'>Paris..</span> <span class='ocrx_word' id='word_1_74' title='bbox 770 933 808 955; x_wconf 93' lang='lat' dir='ltr'>LL</span> <span class='ocrx_word' id='word_1_75' title='bbox 826 933 888 962; x_wconf 73' lang='lat'><strong>1090,</strong></span> <span class='ocrx_word' id='word_1_76' title='bbox 900 941 926 963; x_wconf 88' lang='lat' dir='ltr'>p.</span> <span class='ocrx_word' id='word_1_77' title='bbox 943 933 997 955; x_wconf 61' lang='lat'>614.</span> <span class='ocrx_word' id='word_1_78' title='bbox 1011 947 1041 950; x_wconf 97' lang='lat'><strong>—</strong></span> <span class='ocrx_word' id='word_1_79' title='bbox 1054 934 1100 956; x_wconf 78' lang='lat' dir='ltr'>An.</span> <span class='ocrx_word' id='word_1_80' title='bbox 1116 933 1217 965; x_wconf 73' lang='lat' dir='ltr'>eodem,</span> <span class='ocrx_word' id='word_1_81' title='bbox 1231 933 1357 956; x_wconf 74' lang='lat' dir='ltr'>Novemb.</span> <span class='ocrx_word' id='word_1_82' title='bbox 1374 934 1411 960; x_wconf 75' lang='lat'>20,</span> <span class='ocrx_word' id='word_1_83' title='bbox 1426 933 1567 964; x_wconf 72' lang='lat' dir='ltr'>episcopus</span> <span class='ocrx_word' id='word_1_84' title='bbox 1581 933 1664 956; x_wconf 76' lang='lat' dir='ltr'>Paris.</span> <span class='ocrx_word' id='word_1_85' title='bbox 1679 934 1710 956; x_wconf 82' lang='lat' dir='ltr'>de</span> <span class='ocrx_word' id='word_1_86' title='bbox 1722 942 1733 956; x_wconf 89' lang='lat'>«</span> <span class='ocrx_word' id='word_1_87' title='bbox 1748 942 1843 965; x_wconf 78' lang='lat' dir='ltr'>magna</span> <span class='ocrx_word' id='word_1_88' title='bbox 1859 934 1983 965; x_wconf 80' lang='lat' dir='ltr'>porcione</span> <span class='ocrx_word' id='word_1_89' title='bbox 1998 935 2094 966; x_wconf 73' lang='lat' dir='ltr'>capitis</span> <span class='ocrx_word' id='word_1_90' title='bbox 2108 936 2136 958; x_wconf 90' lang='lat' dir='ltr'>B.</span> <span class='ocrx_word' id='word_1_91' title='bbox 2154 935 2271 967; x_wconf 71' lang='lat' dir='ltr'>Dionysii</span> 
     </span>
     <span class='ocr_line' id='line_1_9' title="bbox 406 976 2271 1010; baseline 0.003 -12"><span class='ocrx_word' id='word_1_92' title='bbox 406 976 529 1007; x_wconf 75' lang='lat' dir='ltr'>martyris</span> <span class='ocrx_word' id='word_1_93' title='bbox 545 984 556 998; x_wconf 85' lang='grc'>))</span> <span class='ocrx_word' id='word_1_94' title='bbox 573 985 631 999; x_wconf 86' lang='lat' dir='ltr'>cum</span> <span class='ocrx_word' id='word_1_95' title='bbox 648 977 707 999; x_wconf 81' lang='lat' dir='ltr'>aliis</span> <span class='ocrx_word' id='word_1_96' title='bbox 724 976 843 1007; x_wconf 81' lang='lat' dir='ltr'>reliquiis</span> <span class='ocrx_word' id='word_1_97' title='bbox 864 977 890 999; x_wconf 90' lang='lat' dir='ltr'>in</span> <span class='ocrx_word' id='word_1_98' title='bbox 909 977 972 1000; x_wconf 82' lang='lat' dir='ltr'>eccl.</span> <span class='ocrx_word' id='word_1_99' title='bbox 992 977 1076 1000; x_wconf 84' lang='lat' dir='ltr'>Paris.</span> <span class='ocrx_word' id='word_1_100' title='bbox 1098 980 1252 1000; x_wconf 80' lang='lat' dir='ltr'>conservata</span> <span class='ocrx_word' id='word_1_101' title='bbox 1268 977 1376 1008; x_wconf 81' lang='lat' dir='ltr'>scripsit</span> <span class='ocrx_word' id='word_1_102' title='bbox 1398 977 1537 1008; x_wconf 77' lang='lat' dir='ltr'>epistolam</span> <span class='ocrx_word' id='word_1_103' title='bbox 1558 978 1590 1000; x_wconf 80' lang='lat' dir='ltr'>ad</span> <span class='ocrx_word' id='word_1_104' title='bbox 1612 986 1673 1000; x_wconf 85' lang='lat' dir='ltr'>snos</span> <span class='ocrx_word' id='word_1_105' title='bbox 1690 978 1810 1001; x_wconf 81' lang='lat' dir='ltr'>subditos</span> <span class='ocrx_word' id='word_1_106' title='bbox 1830 978 1915 1008; x_wconf 82' lang='lat' dir='ltr'>(ibid.‚</span> <span class='ocrx_word' id='word_1_107' title='bbox 1930 987 1957 1010; x_wconf 92' lang='lat' dir='ltr'>p.</span> <span class='ocrx_word' id='word_1_108' title='bbox 1974 980 2038 1009; x_wconf 84' lang='lat'><strong>911),</strong></span> <span class='ocrx_word' id='word_1_109' title='bbox 2052 983 2078 1003; x_wconf 83' lang='lat' dir='ltr'>et</span> <span class='ocrx_word' id='word_1_110' title='bbox 2097 980 2271 1003; x_wconf 77' lang='lat' dir='ltr'>cancellarius</span> 
     </span>
     <span class='ocr_line' id='line_1_10' title="bbox 404 1020 2270 1056; baseline 0.003 -13"><span class='ocrx_word' id='word_1_111' title='bbox 404 1020 463 1043; x_wconf 87' lang='lat' dir='ltr'>Joh.</span> <span class='ocrx_word' id='word_1_112' title='bbox 481 1029 492 1043; x_wconf 84' lang='lat'>«</span> <span class='ocrx_word' id='word_1_113' title='bbox 508 1021 539 1043; x_wconf 87' lang='lat' dir='ltr'>de</span> <span class='ocrx_word' id='word_1_114' title='bbox 554 1022 684 1044; x_wconf 82' lang='lat' dir='ltr'>Jarsonno</span> <span class='ocrx_word' id='word_1_115' title='bbox 704 1029 714 1043; x_wconf 86' lang='lat'>)›</span> <span class='ocrx_word' id='word_1_116' title='bbox 731 1021 809 1052; x_wconf 81' lang='lat' dir='ltr'>paulo</span> <span class='ocrx_word' id='word_1_117' title='bbox 825 1024 884 1044; x_wconf 79' lang='lat' dir='ltr'>ante</span> <span class='ocrx_word' id='word_1_118' title='bbox 899 1021 925 1044; x_wconf 87' lang='lat' dir='ltr'>in</span> <span class='ocrx_word' id='word_1_119' title='bbox 941 1022 1108 1052; x_wconf 79' lang='lat' dir='ltr'>processione</span> <span class='ocrx_word' id='word_1_120' title='bbox 1128 1022 1245 1052; x_wconf 84' lang='lat' dir='ltr'>generali</span> <span class='ocrx_word' id='word_1_121' title='bbox 1266 1022 1335 1052; x_wconf 83' lang='lat' dir='ltr'>apud</span> <span class='ocrx_word' id='word_1_122' title='bbox 1357 1022 1383 1045; x_wconf 83' lang='lat' dir='ltr'>S.</span> <span class='ocrx_word' id='word_1_123' title='bbox 1405 1022 1574 1045; x_wconf 84' lang='lat' dir='ltr'>Katherinam</span> <span class='ocrx_word' id='word_1_124' title='bbox 1596 1030 1744 1045; x_wconf 85' lang='lat' dir='ltr'>sermonem</span> <span class='ocrx_word' id='word_1_125' title='bbox 1766 1023 1868 1047; x_wconf 73' lang='lat' dir='ltr'>habuit.</span> <span class='ocrx_word' id='word_1_126' title='bbox 1891 1023 2018 1054; x_wconf 81' lang='lat' dir='ltr'>Religiosi</span> <span class='ocrx_word' id='word_1_127' title='bbox 2038 1025 2066 1047; x_wconf 88' lang='lat' dir='ltr'>S.</span> <span class='ocrx_word' id='word_1_128' title='bbox 2082 1024 2199 1056; x_wconf 80' lang='lat' dir='ltr'>Dionysii</span> <span class='ocrx_word' id='word_1_129' title='bbox 2215 1025 2270 1056; x_wconf 82' lang='lat' dir='ltr'>jam</span> 
     </span>
     <span class='ocr_line' id='line_1_11' title="bbox 405 1064 2271 1099; baseline 0.003 -12"><span class='ocrx_word' id='word_1_130' title='bbox 405 1064 496 1088; x_wconf 90' lang='lat' dir='ltr'>Octob.</span> <span class='ocrx_word' id='word_1_131' title='bbox 515 1065 636 1088; x_wconf 78' lang='lat' dir='ltr'>dicebant</span> <span class='ocrx_word' id='word_1_132' title='bbox 660 1074 687 1088; x_wconf 83' lang='lat' dir='ltr'>se</span> <span class='ocrx_word' id='word_1_133' title='bbox 711 1065 808 1088; x_wconf 84' lang='lat' dir='ltr'>hahere</span> <span class='ocrx_word' id='word_1_134' title='bbox 831 1065 964 1096; x_wconf 84' lang='lat' dir='ltr'>integrum</span> <span class='ocrx_word' id='word_1_135' title='bbox 979 1069 1059 1097; x_wconf 82' lang='lat' dir='ltr'>caput</span> <span class='ocrx_word' id='word_1_136' title='bbox 1079 1067 1105 1089; x_wconf 92' lang='lat' dir='ltr'>S.</span> <span class='ocrx_word' id='word_1_137' title='bbox 1122 1066 1248 1097; x_wconf 81' lang='lat' dir='ltr'>Dionysii,</span> <span class='ocrx_word' id='word_1_138' title='bbox 1266 1066 1331 1089; x_wconf 90' lang='lat' dir='ltr'>nihil</span> <span class='ocrx_word' id='word_1_139' title='bbox 1347 1075 1408 1089; x_wconf 89' lang='lat' dir='ltr'>vero</span> <span class='ocrx_word' id='word_1_140' title='bbox 1424 1066 1562 1089; x_wconf 81' lang='lat' dir='ltr'>ecclesiam</span> <span class='ocrx_word' id='word_1_141' title='bbox 1580 1067 1664 1090; x_wconf 81' lang='lat' dir='ltr'>Paris.</span> <span class='ocrx_word' id='word_1_142' title='bbox 1678 1070 1703 1090; x_wconf 88' lang='lat' dir='ltr'>et</span> <span class='ocrx_word' id='word_1_143' title='bbox 1718 1067 1840 1091; x_wconf 82' lang='lat' dir='ltr'>dixerunt</span> <span class='ocrx_word' id='word_1_144' title='bbox 1859 1068 1986 1091; x_wconf 84' lang='lat' dir='ltr'>maximas</span> <span class='ocrx_word' id='word_1_145' title='bbox 2002 1068 2113 1099; x_wconf 78' lang='lat' dir='ltr'>injurias</span> <span class='ocrx_word' id='word_1_146' title='bbox 2129 1069 2271 1096; x_wconf 77' lang='lat' dir='ltr'>canonicis,</span> 
     </span>
     <span class='ocr_line' id='line_1_12' title="bbox 404 1109 2271 1145; baseline 0.003 -14"><span class='ocrx_word' id='word_1_147' title='bbox 404 1109 448 1140; x_wconf 89' lang='lat' dir='ltr'>qui</span> <span class='ocrx_word' id='word_1_148' title='bbox 463 1109 670 1140; x_wconf 77' lang='lat' dir='ltr'>praetendebant</span> <span class='ocrx_word' id='word_1_149' title='bbox 684 1109 710 1132; x_wconf 92' lang='lat' dir='ltr'>in</span> <span class='ocrx_word' id='word_1_150' title='bbox 723 1110 786 1132; x_wconf 87' lang='lat' dir='ltr'>eccl.</span> <span class='ocrx_word' id='word_1_151' title='bbox 805 1110 890 1133; x_wconf 84' lang='lat' dir='ltr'>Paris.</span> <span class='ocrx_word' id='word_1_152' title='bbox 906 1110 1057 1134; x_wconf 84' lang='lat' dir='ltr'>conservari</span> <span class='ocrx_word' id='word_1_153' title='bbox 1073 1111 1251 1134; x_wconf 74' lang='lat' dir='ltr'>summitatem</span> <span class='ocrx_word' id='word_1_154' title='bbox 1268 1111 1331 1133; x_wconf 79' lang='lat' dir='ltr'>dicti</span> <span class='ocrx_word' id='word_1_155' title='bbox 1346 1111 1450 1141; x_wconf 79' lang='lat' dir='ltr'>capitis,</span> <span class='ocrx_word' id='word_1_156' title='bbox 1466 1114 1576 1142; x_wconf 86' lang='lat' dir='ltr'>propter</span> <span class='ocrx_word' id='word_1_157' title='bbox 1592 1111 1661 1142; x_wconf 89' lang='lat' dir='ltr'>quod</span> <span class='ocrx_word' id='word_1_158' title='bbox 1681 1120 1696 1134; x_wconf 90' lang='lat' dir='ltr'>a</span> <span class='ocrx_word' id='word_1_159' title='bbox 1715 1111 1884 1143; x_wconf 80' lang='lat' dir='ltr'>Dionysianis</span> <span class='ocrx_word' id='word_1_160' title='bbox 1909 1121 1920 1135; x_wconf 78' lang='lat' dir='ltr'>t(</span> <span class='ocrx_word' id='word_1_161' title='bbox 1942 1112 2098 1136; x_wconf 76' lang='lat' dir='ltr'>idololatrae</span> <span class='ocrx_word' id='word_1_162' title='bbox 2117 1121 2128 1136; x_wconf 71' lang='lat' dir='ltr'>&gt;J</span> <span class='ocrx_word' id='word_1_163' title='bbox 2152 1114 2271 1145; x_wconf 79' lang='lat' dir='ltr'>appella-</span> 
     </span>
    </p>
   </div>
   <div class='ocr_carea' id='block_1_7' title="bbox 402 1153 2270 1188">
    <p class='ocr_par' dir='ltr' id='par_1_7' title="bbox 402 1153 2270 1188">
     <span class='ocr_line' id='line_1_13' title="bbox 402 1153 2270 1188; baseline 0.003 -12"><span class='ocrx_word' id='word_1_164' title='bbox 402 1153 508 1176; x_wconf 85' lang='lat' dir='ltr'>bantur.</span> <span class='ocrx_word' id='word_1_165' title='bbox 523 1153 646 1176; x_wconf 78' lang='lat' dir='ltr'>Canonici</span> <span class='ocrx_word' id='word_1_166' title='bbox 662 1154 698 1176; x_wconf 90' lang='lat' dir='ltr'>eis</span> <span class='ocrx_word' id='word_1_167' title='bbox 715 1154 884 1177; x_wconf 77' lang='lat' dir='ltr'>minabantur</span> <span class='ocrx_word' id='word_1_168' title='bbox 899 1158 927 1178; x_wconf 84' lang='lat' dir='ltr'>ut</span> <span class='ocrx_word' id='word_1_169' title='bbox 944 1158 1101 1186; x_wconf 73' lang='lat' dir='ltr'>caperentur</span> <span class='ocrx_word' id='word_1_170' title='bbox 1116 1158 1141 1178; x_wconf 86' lang='lat' dir='ltr'>et</span> <span class='ocrx_word' id='word_1_171' title='bbox 1155 1155 1383 1178; x_wconf 82' lang='lat' dir='ltr'>incarcerarentur</span> <span class='ocrx_word' id='word_1_172' title='bbox 1397 1157 1432 1186; x_wconf 88' lang='lat' dir='ltr'>(p.</span> <span class='ocrx_word' id='word_1_173' title='bbox 1448 1156 1512 1184; x_wconf 80' lang='lat'>590).</span> <span class='ocrx_word' id='word_1_174' title='bbox 1530 1156 1564 1179; x_wconf 92' lang='lat' dir='ltr'>De</span> <span class='ocrx_word' id='word_1_175' title='bbox 1580 1156 1621 1178; x_wconf 77' lang='lat' dir='ltr'>his</span> <span class='ocrx_word' id='word_1_176' title='bbox 1635 1156 1758 1179; x_wconf 86' lang='lat' dir='ltr'>omnibus</span> <span class='ocrx_word' id='word_1_177' title='bbox 1775 1160 1800 1180; x_wconf 86' lang='lat' dir='ltr'>et</span> <span class='ocrx_word' id='word_1_178' title='bbox 1814 1157 1845 1180; x_wconf 89' lang='lat' dir='ltr'>de</span> <span class='ocrx_word' id='word_1_179' title='bbox 1861 1160 1915 1180; x_wconf 80' lang='lat' dir='ltr'>toto</span> <span class='ocrx_word' id='word_1_180' title='bbox 1928 1166 2055 1188; x_wconf 85' lang='lat' dir='ltr'>processu</span> <span class='ocrx_word' id='word_1_181' title='bbox 2069 1158 2123 1181; x_wconf 82' lang='lat' dir='ltr'>vid.</span> <span class='ocrx_word' id='word_1_182' title='bbox 2140 1159 2167 1182; x_wconf 88' lang='lat' dir='ltr'>F.</span> <span class='ocrx_word' id='word_1_183' title='bbox 2185 1159 2270 1182; x_wconf 74' lang='lat' dir='ltr'>DEIJA-</span> 
     </span>
    </p>
   </div>
   <div class='ocr_carea' id='block_1_8' title="bbox 403 1198 1333 1230">
    <p class='ocr_par' dir='ltr' id='par_1_8' title="bbox 403 1198 1333 1230">
     <span class='ocr_line' id='line_1_14' title="bbox 403 1198 1333 1230; baseline 0.002 -10"><span class='ocrx_word' id='word_1_184' title='bbox 403 1205 501 1226; x_wconf 64' lang='lat' dir='ltr'>nomm,</span> <span class='ocrx_word' id='word_1_185' title='bbox 517 1198 542 1220; x_wconf 85' lang='lat' dir='ltr'>in</span> <span class='ocrx_word' id='word_1_186' title='bbox 559 1198 640 1222; x_wconf 70' lang='grc' dir='ltr'><strong>Μόνη.</strong></span> <span class='ocrx_word' id='word_1_187' title='bbox 658 1200 691 1222; x_wconf 81' lang='lat' dir='ltr'>de</span> <span class='ocrx_word' id='word_1_188' title='bbox 704 1199 732 1222; x_wconf 87' lang='lat' dir='ltr'>ta</span> <span class='ocrx_word' id='word_1_189' title='bbox 746 1205 800 1223; x_wconf 82' lang='lat' dir='ltr'>soc.</span> <span class='ocrx_word' id='word_1_190' title='bbox 814 1200 845 1223; x_wconf 87' lang='lat' dir='ltr'>de</span> <span class='ocrx_word' id='word_1_191' title='bbox 860 1200 943 1224; x_wconf 80' lang='lat' dir='ltr'>t‘hist.</span> <span class='ocrx_word' id='word_1_192' title='bbox 959 1201 992 1223; x_wconf 80' lang='lat' dir='ltr'>de</span> <span class='ocrx_word' id='word_1_193' title='bbox 1008 1200 1101 1229; x_wconf 79' lang='lat' dir='ltr'>Paris,</span> <span class='ocrx_word' id='word_1_194' title='bbox 1119 1200 1160 1228; x_wconf 74' lang='lat' dir='ltr'>XI,</span> <span class='ocrx_word' id='word_1_195' title='bbox 1177 1208 1202 1230; x_wconf 89' lang='lat' dir='ltr'>p.</span> <span class='ocrx_word' id='word_1_196' title='bbox 1221 1201 1333 1223; x_wconf 71' lang='lat'>297-409.</span> 
     </span>
    </p>
   </div>
   <div class='ocr_carea' id='block_1_9' title="bbox 408 1364 1910 1451">
    <p class='ocr_par' dir='ltr' id='par_1_9' title="bbox 408 1364 1910 1451">
     <span class='ocr_line' id='line_1_15' title="bbox 408 1364 1108 1410; baseline 0.003 -10"><span class='ocrx_word' id='word_1_197' title='bbox 408 1364 546 1401; x_wconf 82' lang='grc'><strong>1834.</strong></span> <span class='ocrx_word' id='word_1_198' title='bbox 570 1375 723 1400; x_wconf 80' lang='lat' dir='ltr'>Licentiati</span> <span class='ocrx_word' id='word_1_199' title='bbox 736 1376 764 1401; x_wconf 82' lang='lat' dir='ltr'>in</span> <span class='ocrx_word' id='word_1_200' title='bbox 779 1375 922 1409; x_wconf 79' lang='lat' dir='ltr'>facultate</span> <span class='ocrx_word' id='word_1_201' title='bbox 938 1375 1108 1410; x_wconf 76' lang='lat' dir='ltr'>theologiae.</span> 
     </span>
     <span class='ocr_line' id='line_1_16' title="bbox 1649 1421 1910 1451; baseline 0.008 -5"><span class='ocrx_word' id='word_1_202' title='bbox 1649 1421 1690 1446; x_wconf 77' lang='grc' dir='ltr'>Λη,</span> <span class='ocrx_word' id='word_1_203' title='bbox 1707 1421 1784 1451; x_wconf 76' lang='lat'><strong><em>7406,</em></strong></span> <span class='ocrx_word' id='word_1_204' title='bbox 1799 1422 1910 1448; x_wconf 73' lang='lat' dir='ltr'>Parisiis.</span> 
     </span>
    </p>
   </div>
   <div class='ocr_carea' id='block_1_10' title="bbox 490 1506 1986 1635">
    <p class='ocr_par' dir='ltr' id='par_1_10' title="bbox 490 1506 1986 1635">
     <span class='ocr_line' id='line_1_17' title="bbox 491 1506 1986 1543; baseline 0.003 -12"><span class='ocrx_word' id='word_1_205' title='bbox 491 1506 588 1531; x_wconf 84' lang='lat' dir='ltr'>Frater</span> <span class='ocrx_word' id='word_1_206' title='bbox 600 1506 734 1532; x_wconf 87' lang='lat' dir='ltr'>Albertus</span> <span class='ocrx_word' id='word_1_207' title='bbox 748 1506 875 1536; x_wconf 76' lang='lat' dir='ltr'>Roberti.</span> <span class='ocrx_word' id='word_1_208' title='bbox 893 1507 974 1533; x_wconf 82' lang='lat' dir='ltr'>Pred.</span> <span class='ocrx_word' id='word_1_209' title='bbox 1438 1508 1482 1533; x_wconf 84' lang='lat' dir='ltr'>Fr.</span> <span class='ocrx_word' id='word_1_210' title='bbox 1500 1508 1674 1534; x_wconf 87' lang='lat' dir='ltr'>Guillelmus</span> <span class='ocrx_word' id='word_1_211' title='bbox 1690 1509 1852 1543; x_wconf 82' lang='lat' dir='ltr'>Squire11i2.</span> <span class='ocrx_word' id='word_1_212' title='bbox 1867 1510 1986 1536; x_wconf 66' lang='lat' dir='ltr'>Carmta.</span> 
     </span>
     <span class='ocr_line' id='line_1_18' title="bbox 490 1552 1878 1591; baseline 0.004 -14"><span class='ocrx_word' id='word_1_213' title='bbox 490 1552 562 1585; x_wconf 84' lang='lat' dir='ltr'>Mag.</span> <span class='ocrx_word' id='word_1_214' title='bbox 580 1553 754 1579; x_wconf 86' lang='lat' dir='ltr'>Guillelmus</span> <span class='ocrx_word' id='word_1_215' title='bbox 768 1553 804 1579; x_wconf 83' lang='lat' dir='ltr'>de</span> <span class='ocrx_word' id='word_1_216' title='bbox 817 1553 922 1583; x_wconf 82' lang='lat' dir='ltr'>Cella⁴‚</span> <span class='ocrx_word' id='word_1_217' title='bbox 936 1554 971 1579; x_wconf 91' lang='lat' dir='ltr'>al.</span> <span class='ocrx_word' id='word_1_218' title='bbox 987 1554 1022 1580; x_wconf 90' lang='lat' dir='ltr'>de</span> <span class='ocrx_word' id='word_1_219' title='bbox 1038 1555 1064 1579; x_wconf 84' lang='lat' dir='ltr'>la</span> <span class='ocrx_word' id='word_1_220' title='bbox 1077 1554 1162 1580; x_wconf 83' lang='lat' dir='ltr'>Celle.</span> <span class='ocrx_word' id='word_1_221' title='bbox 1439 1556 1483 1580; x_wconf 91' lang='lat' dir='ltr'>Fr.</span> <span class='ocrx_word' id='word_1_222' title='bbox 1501 1556 1673 1589; x_wconf 85' lang='lat' dir='ltr'>Radulphus</span> <span class='ocrx_word' id='word_1_223' title='bbox 1688 1557 1878 1591; x_wconf 36' lang='lat' dir='ltr'>Marescallyt</span> 
     </span>
     <span class='ocr_line' id='line_1_19' title="bbox 492 1599 1776 1635; baseline 0.004 -10"><span class='ocrx_word' id='word_1_224' title='bbox 492 1599 536 1624; x_wconf 91' lang='lat' dir='ltr'>Fr.</span> <span class='ocrx_word' id='word_1_225' title='bbox 553 1600 676 1626; x_wconf 83' lang='lat' dir='ltr'>Jacobus</span> <span class='ocrx_word' id='word_1_226' title='bbox 689 1600 724 1626; x_wconf 85' lang='lat' dir='ltr'>de</span> <span class='ocrx_word' id='word_1_227' title='bbox 740 1601 871 1630; x_wconf 79' lang='lat' dir='ltr'>Liffodio.</span> <span class='ocrx_word' id='word_1_228' title='bbox 888 1601 962 1634; x_wconf 83' lang='lat' dir='ltr'>Aug.</span> <span class='ocrx_word' id='word_1_229' title='bbox 1440 1603 1513 1635; x_wconf 84' lang='lat' dir='ltr'>Mag.</span> <span class='ocrx_word' id='word_1_230' title='bbox 1530 1603 1655 1629; x_wconf 86' lang='lat' dir='ltr'>Thomas</span> <span class='ocrx_word' id='word_1_231' title='bbox 1669 1603 1776 1630; x_wconf 53' lang='lat' dir='ltr'>Hobefi.</span> 
     </span>
    </p>
   </div>
   <div class='ocr_carea' id='block_1_11' title="bbox 492 1649 907 1681">
    <p class='ocr_par' dir='ltr' id='par_1_11' title="bbox 492 1649 907 1681">
     <span class='ocr_line' id='line_1_20' title="bbox 492 1649 907 1681; baseline 0.002 -8"><span class='ocrx_word' id='word_1_232' title='bbox 492 1649 564 1681; x_wconf 84' lang='lat' dir='ltr'>Mag.</span> <span class='ocrx_word' id='word_1_233' title='bbox 579 1649 715 1674; x_wconf 83' lang='lat' dir='ltr'>Martialis</span> <span class='ocrx_word' id='word_1_234' title='bbox 729 1649 764 1675; x_wconf 87' lang='lat' dir='ltr'>de</span> <span class='ocrx_word' id='word_1_235' title='bbox 777 1650 907 1675; x_wconf 83' lang='lat' dir='ltr'>Morinia.</span> 
     </span>
    </p>
   </div>
   <div class='ocr_carea' id='block_1_12' title="bbox 402 1737 2270 1857">
    <p class='ocr_par' dir='ltr' id='par_1_12' title="bbox 402 1737 2270 1857">
     <span class='ocr_line' id='line_1_21' title="bbox 496 1737 2270 1772; baseline 0.005 -13"><span class='ocrx_word' id='word_1_236' title='bbox 496 1737 564 1760; x_wconf 87' lang='lat' dir='ltr'>Bibl.</span> <span class='ocrx_word' id='word_1_237' title='bbox 580 1740 633 1760; x_wconf 81' lang='lat' dir='ltr'>nat.</span> <span class='ocrx_word' id='word_1_238' title='bbox 650 1737 744 1766; x_wconf 62' lang='lat' dir='ltr'>Paris,</span> <span class='ocrx_word' id='word_1_239' title='bbox 762 1746 810 1760; x_wconf 86' lang='lat' dir='ltr'>ms.</span> <span class='ocrx_word' id='word_1_240' title='bbox 825 1738 871 1760; x_wconf 79' lang='lat' dir='ltr'>lat.</span> <span class='ocrx_word' id='word_1_241' title='bbox 883 1739 965 1767; x_wconf 55' lang='grc'>56573,</span> <span class='ocrx_word' id='word_1_242' title='bbox 982 1738 1027 1761; x_wconf 81' lang='lat' dir='ltr'>sol.</span> <span class='ocrx_word' id='word_1_243' title='bbox 1042 1738 1080 1761; x_wconf 81' lang='grc'><strong>13.</strong></span> <span class='ocrx_word' id='word_1_244' title='bbox 1090 1752 1120 1756; x_wconf 94' lang='lat'>—-</span> <span class='ocrx_word' id='word_1_245' title='bbox 1133 1739 1207 1762; x_wconf 78' lang='lat' dir='ltr'>Certe</span> <span class='ocrx_word' id='word_1_246' title='bbox 1221 1739 1253 1762; x_wconf 74' lang='lat' dir='ltr'>nd</span> <span class='ocrx_word' id='word_1_247' title='bbox 1268 1748 1311 1762; x_wconf 80' lang='lat' dir='ltr'>nn.</span> <span class='ocrx_word' id='word_1_248' title='bbox 1329 1740 1389 1762; x_wconf 71' lang='lat'>1406</span> <span class='ocrx_word' id='word_1_249' title='bbox 1404 1740 1546 1771; x_wconf 81' lang='lat' dir='ltr'>pertinent,</span> <span class='ocrx_word' id='word_1_250' title='bbox 1563 1749 1613 1764; x_wconf 86' lang='lat' dir='ltr'>non</span> <span class='ocrx_word' id='word_1_251' title='bbox 1628 1742 1661 1764; x_wconf 87' lang='lat' dir='ltr'>ad</span> <span class='ocrx_word' id='word_1_252' title='bbox 1677 1750 1720 1765; x_wconf 88' lang='lat' dir='ltr'>an.</span> <span class='ocrx_word' id='word_1_253' title='bbox 1733 1742 1793 1765; x_wconf 71' lang='lat'>1407</span> <span class='ocrx_word' id='word_1_254' title='bbox 1808 1745 1868 1765; x_wconf 79' lang='lat' dir='ltr'>ante</span> <span class='ocrx_word' id='word_1_255' title='bbox 1882 1742 1990 1772; x_wconf 70' lang='lat' dir='ltr'>Pascha,</span> <span class='ocrx_word' id='word_1_256' title='bbox 2004 1751 2048 1766; x_wconf 84' lang='lat' dir='ltr'>sen</span> <span class='ocrx_word' id='word_1_257' title='bbox 2066 1751 2107 1766; x_wconf 80' lang='lat' dir='ltr'>an.</span> <span class='ocrx_word' id='word_1_258' title='bbox 2122 1743 2184 1766; x_wconf 80' lang='lat'>1406</span> <span class='ocrx_word' id='word_1_259' title='bbox 2198 1752 2270 1768; x_wconf 78' lang='lat' dir='ltr'>more</span> 
     </span>
     <span class='ocr_line' id='line_1_22' title="bbox 402 1781 2270 1818; baseline 0.005 -15"><span class='ocrx_word' id='word_1_260' title='bbox 402 1781 541 1812; x_wconf 71' lang='lat' dir='ltr'>gallicano,</span> <span class='ocrx_word' id='word_1_261' title='bbox 560 1790 620 1804; x_wconf 84' lang='lat' dir='ltr'>nam</span> <span class='ocrx_word' id='word_1_262' title='bbox 636 1782 662 1804; x_wconf 90' lang='lat' dir='ltr'>in</span> <span class='ocrx_word' id='word_1_263' title='bbox 678 1782 852 1805; x_wconf 84' lang='lat' dir='ltr'>instrumento</span> <span class='ocrx_word' id='word_1_264' title='bbox 869 1791 911 1806; x_wconf 83' lang='lat' dir='ltr'>an.</span> <span class='ocrx_word' id='word_1_265' title='bbox 933 1783 1001 1808; x_wconf 78' lang='lat'>1407.</span> <span class='ocrx_word' id='word_1_266' title='bbox 1017 1783 1137 1806; x_wconf 81' lang='lat' dir='ltr'>Januarii</span> <span class='ocrx_word' id='word_1_267' title='bbox 1156 1784 1193 1812; x_wconf 70' lang='lat'>22,</span> <span class='ocrx_word' id='word_1_268' title='bbox 1209 1784 1339 1807; x_wconf 80' lang='lat' dir='ltr'>Martialis</span> <span class='ocrx_word' id='word_1_269' title='bbox 1355 1785 1386 1807; x_wconf 81' lang='lat' dir='ltr'>de</span> <span class='ocrx_word' id='word_1_270' title='bbox 1405 1793 1416 1807; x_wconf 90' lang='lat'>«</span> <span class='ocrx_word' id='word_1_271' title='bbox 1431 1785 1561 1816; x_wconf 83' lang='lat' dir='ltr'>Morignia</span> <span class='ocrx_word' id='word_1_272' title='bbox 1578 1794 1588 1808; x_wconf 86' lang='lat'>»</span> <span class='ocrx_word' id='word_1_273' title='bbox 1601 1787 1656 1817; x_wconf 79' lang='lat' dir='ltr'>jam</span> <span class='ocrx_word' id='word_1_274' title='bbox 1672 1795 1694 1809; x_wconf 81' lang='lat' dir='ltr'>s.</span> <span class='ocrx_word' id='word_1_275' title='bbox 1710 1786 1789 1810; x_wconf 86' lang='lat' dir='ltr'>theol.</span> <span class='ocrx_word' id='word_1_276' title='bbox 1806 1788 1944 1818; x_wconf 80' lang='lat' dir='ltr'>professor</span> <span class='ocrx_word' id='word_1_277' title='bbox 1958 1787 2110 1811; x_wconf 80' lang='lat' dir='ltr'>nominatur</span> <span class='ocrx_word' id='word_1_278' title='bbox 2131 1788 2270 1818; x_wconf 76' lang='lat' dir='ltr'>(Ordonn.</span> 
     </span>
     <span class='ocr_line' id='line_1_23' title="bbox 402 1826 705 1857; baseline 0.003 -8"><span class='ocrx_word' id='word_1_279' title='bbox 402 1827 447 1850; x_wconf 79' lang='lat' dir='ltr'>des</span> <span class='ocrx_word' id='word_1_280' title='bbox 461 1826 526 1856; x_wconf 74' lang='lat' dir='ltr'>reis,</span> <span class='ocrx_word' id='word_1_281' title='bbox 539 1826 580 1854; x_wconf 85' lang='lat' dir='ltr'>lx,</span> <span class='ocrx_word' id='word_1_282' title='bbox 596 1835 624 1857; x_wconf 87' lang='lat' dir='ltr'>p.</span> <span class='ocrx_word' id='word_1_283' title='bbox 640 1827 705 1856; x_wconf 82' lang='lat'>194).</span> 
     </span>
    </p>
   </div>
   <div class='ocr_carea' id='block_1_13' title="bbox 401 1910 2268 2082">
    <p class='ocr_par' dir='ltr' id='par_1_13' title="bbox 401 1910 2268 2082">
     <span class='ocr_line' id='line_1_24' title="bbox 493 1910 2268 1947; baseline 0.004 -13"><span class='ocrx_word' id='word_1_284' title='bbox 493 1910 517 1934; x_wconf 79' lang='lat'>1.</span> <span class='ocrx_word' id='word_1_285' title='bbox 536 1911 586 1933; x_wconf 88' lang='lat' dir='ltr'>Seu</span> <span class='ocrx_word' id='word_1_286' title='bbox 601 1920 613 1931; x_wconf 86' lang='lat'>«</span> <span class='ocrx_word' id='word_1_287' title='bbox 631 1911 700 1933; x_wconf 81' lang='lat' dir='ltr'>Sella</span> <span class='ocrx_word' id='word_1_288' title='bbox 716 1920 738 1933; x_wconf 74' lang='lat' dir='ltr'>n.</span> <span class='ocrx_word' id='word_1_289' title='bbox 752 1911 810 1934; x_wconf 83' lang='lat' dir='ltr'>Vid.</span> <span class='ocrx_word' id='word_1_290' title='bbox 826 1911 859 1934; x_wconf 81' lang='lat' dir='ltr'>ad</span> <span class='ocrx_word' id='word_1_291' title='bbox 875 1920 916 1935; x_wconf 86' lang='lat' dir='ltr'>an.</span> <span class='ocrx_word' id='word_1_292' title='bbox 933 1911 1001 1940; x_wconf 66' lang='lat'>1425.</span> <span class='ocrx_word' id='word_1_293' title='bbox 1019 1913 1152 1944; x_wconf 82' lang='lat' dir='ltr'>Septemb.</span> <span class='ocrx_word' id='word_1_294' title='bbox 1166 1927 1193 1930; x_wconf 97' lang='lat'><strong>—</strong></span> <span class='ocrx_word' id='word_1_295' title='bbox 1206 1912 1230 1937; x_wconf 90' lang='lat'>2.</span> <span class='ocrx_word' id='word_1_296' title='bbox 1246 1914 1294 1936; x_wconf 92' lang='lat' dir='ltr'>Ms.</span> <span class='ocrx_word' id='word_1_297' title='bbox 1309 1922 1313 1936; x_wconf 77' lang='lat'>1</span> <span class='ocrx_word' id='word_1_298' title='bbox 1333 1923 1343 1936; x_wconf 86' lang='lat'>«</span> <span class='ocrx_word' id='word_1_299' title='bbox 1356 1914 1475 1945; x_wconf 79' lang='lat' dir='ltr'>Quirelly</span> <span class='ocrx_word' id='word_1_300' title='bbox 1492 1923 1514 1938; x_wconf 86' lang='lat'>».</span> <span class='ocrx_word' id='word_1_301' title='bbox 1531 1915 1559 1938; x_wconf 85' lang='lat' dir='ltr'>In</span> <span class='ocrx_word' id='word_1_302' title='bbox 1575 1923 1701 1945; x_wconf 88' lang='lat' dir='ltr'>processu</span> <span class='ocrx_word' id='word_1_303' title='bbox 1715 1919 1806 1939; x_wconf 83' lang='lat' dir='ltr'>contra</span> <span class='ocrx_word' id='word_1_304' title='bbox 1821 1916 1952 1947; x_wconf 85' lang='lat' dir='ltr'>proposit.</span> <span class='ocrx_word' id='word_1_305' title='bbox 1968 1917 2032 1940; x_wconf 81' lang='lat' dir='ltr'>Jean</span> <span class='ocrx_word' id='word_1_306' title='bbox 2049 1917 2117 1940; x_wconf 85' lang='lat' dir='ltr'>Petit</span> <span class='ocrx_word' id='word_1_307' title='bbox 2131 1925 2173 1941; x_wconf 80' lang='lat' dir='ltr'>an.</span> <span class='ocrx_word' id='word_1_308' title='bbox 2188 1918 2248 1940; x_wconf 78' lang='lat'><strong>1414</strong></span> <span class='ocrx_word' id='word_1_309' title='bbox 2263 1925 2268 1941; x_wconf 75' lang='grc' dir='ltr'>ε</span> 
     </span>
     <span class='ocr_line' id='line_1_25' title="bbox 403 1954 2267 1993; baseline 0.005 -17"><span class='ocrx_word' id='word_1_310' title='bbox 403 1963 413 1976; x_wconf 87' lang='lat'>«</span> <span class='ocrx_word' id='word_1_311' title='bbox 431 1954 559 1985; x_wconf 83' lang='lat' dir='ltr'>Squiuelli</span> <span class='ocrx_word' id='word_1_312' title='bbox 576 1963 586 1978; x_wconf 87' lang='grc'>))</span> <span class='ocrx_word' id='word_1_313' title='bbox 603 1959 628 1978; x_wconf 83' lang='lat' dir='ltr'>et</span> <span class='ocrx_word' id='word_1_314' title='bbox 645 1964 655 1978; x_wconf 85' lang='lat'>«</span> <span class='ocrx_word' id='word_1_315' title='bbox 673 1955 796 1986; x_wconf 87' lang='lat' dir='ltr'>Squirelli</span> <span class='ocrx_word' id='word_1_316' title='bbox 813 1964 834 1979; x_wconf 75' lang='lat'>1).</span> <span class='ocrx_word' id='word_1_317' title='bbox 856 1970 886 1973; x_wconf 97' lang='lat'><strong>—</strong></span> <span class='ocrx_word' id='word_1_318' title='bbox 908 1956 933 1981; x_wconf 85' lang='grc'>3.</span> <span class='ocrx_word' id='word_1_319' title='bbox 954 1957 981 1979; x_wconf 90' lang='lat' dir='ltr'>In</span> <span class='ocrx_word' id='word_1_320' title='bbox 998 1965 1082 1988; x_wconf 78' lang='lat' dir='ltr'>marg.</span> <span class='ocrx_word' id='word_1_321' title='bbox 1104 1958 1164 1981; x_wconf 84' lang='lat' dir='ltr'>add.</span> <span class='ocrx_word' id='word_1_322' title='bbox 1186 1966 1190 1980; x_wconf 83' lang='lat' dir='ltr'>z</span> <span class='ocrx_word' id='word_1_323' title='bbox 1214 1966 1224 1981; x_wconf 84' lang='lat'>(‹</span> <span class='ocrx_word' id='word_1_324' title='bbox 1242 1958 1416 1982; x_wconf 78' lang='lat' dir='ltr'>cancellarius</span> <span class='ocrx_word' id='word_1_325' title='bbox 1433 1960 1458 1982; x_wconf 88' lang='lat' dir='ltr'>S.</span> <span class='ocrx_word' id='word_1_326' title='bbox 1476 1959 1632 1989; x_wconf 73' lang='lat' dir='ltr'>Genovefae,</span> <span class='ocrx_word' id='word_1_327' title='bbox 1653 1963 1745 1991; x_wconf 81' lang='lat' dir='ltr'>postea</span> <span class='ocrx_word' id='word_1_328' title='bbox 1765 1960 1847 1983; x_wconf 81' lang='lat' dir='ltr'>abbas</span> <span class='ocrx_word' id='word_1_329' title='bbox 1870 1969 1951 1992; x_wconf 87' lang='lat' dir='ltr'>usque</span> <span class='ocrx_word' id='word_1_330' title='bbox 1974 1962 2007 1984; x_wconf 79' lang='lat' dir='ltr'>ad</span> <span class='ocrx_word' id='word_1_331' title='bbox 2029 1970 2071 1984; x_wconf 82' lang='lat' dir='ltr'>an.</span> <span class='ocrx_word' id='word_1_332' title='bbox 2089 1962 2150 1985; x_wconf 78' lang='lat'><strong>1426</strong></span> <span class='ocrx_word' id='word_1_333' title='bbox 2164 1961 2267 1993; x_wconf 80' lang='lat' dir='ltr'>[canon.</span> 
     </span>
     <span class='ocr_line' id='line_1_26' title="bbox 401 1998 2268 2036; baseline 0.005 -15"><span class='ocrx_word' id='word_1_334' title='bbox 401 2007 456 2029; x_wconf 79' lang='lat' dir='ltr'>reg.</span> <span class='ocrx_word' id='word_1_335' title='bbox 475 1998 512 2031; x_wconf 84' lang='lat' dir='ltr'>S.]</span> <span class='ocrx_word' id='word_1_336' title='bbox 530 2000 595 2030; x_wconf 86' lang='lat' dir='ltr'>Aug.</span> <span class='ocrx_word' id='word_1_337' title='bbox 614 2008 636 2023; x_wconf 88' lang='grc'>)).</span> <span class='ocrx_word' id='word_1_338' title='bbox 658 2001 693 2023; x_wconf 86' lang='lat' dir='ltr'>De</span> <span class='ocrx_word' id='word_1_339' title='bbox 713 2000 770 2031; x_wconf 85' lang='lat' dir='ltr'>ipso</span> <span class='ocrx_word' id='word_1_340' title='bbox 790 2000 844 2031; x_wconf 84' lang='lat' dir='ltr'>jam</span> <span class='ocrx_word' id='word_1_341' title='bbox 861 2009 942 2031; x_wconf 86' lang='lat' dir='ltr'>supra</span> <span class='ocrx_word' id='word_1_342' title='bbox 956 2010 983 2032; x_wconf 88' lang='lat' dir='ltr'>p.</span> <span class='ocrx_word' id='word_1_343' title='bbox 1000 2002 1037 2029; x_wconf 74' lang='lat'>72,</span> <span class='ocrx_word' id='word_1_344' title='bbox 1055 2005 1108 2025; x_wconf 89' lang='lat' dir='ltr'>not.</span> <span class='ocrx_word' id='word_1_345' title='bbox 1125 2003 1147 2025; x_wconf 78' lang='lat'>2.</span> <span class='ocrx_word' id='word_1_346' title='bbox 1161 2016 1191 2020; x_wconf 93' lang='lat'>—-</span> <span class='ocrx_word' id='word_1_347' title='bbox 1205 2003 1230 2028; x_wconf 72' lang='grc'>4.</span> <span class='ocrx_word' id='word_1_348' title='bbox 1248 2004 1282 2026; x_wconf 87' lang='lat' dir='ltr'>Ut</span> <span class='ocrx_word' id='word_1_349' title='bbox 1297 2012 1378 2034; x_wconf 83' lang='lat' dir='ltr'>supra</span> <span class='ocrx_word' id='word_1_350' title='bbox 1393 2012 1420 2035; x_wconf 86' lang='lat' dir='ltr'>p.</span> <span class='ocrx_word' id='word_1_351' title='bbox 1439 2005 1482 2032; x_wconf 78' lang='lat'>98;</span> <span class='ocrx_word' id='word_1_352' title='bbox 1501 2013 1512 2027; x_wconf 90' lang='lat'>«</span> <span class='ocrx_word' id='word_1_353' title='bbox 1529 2004 1620 2027; x_wconf 83' lang='lat' dir='ltr'>Hobbe</span> <span class='ocrx_word' id='word_1_354' title='bbox 1641 2013 1651 2027; x_wconf 88' lang='lat'>»</span> <span class='ocrx_word' id='word_1_355' title='bbox 1668 2005 1694 2027; x_wconf 91' lang='lat' dir='ltr'>in</span> <span class='ocrx_word' id='word_1_356' title='bbox 1710 2005 1787 2029; x_wconf 87' lang='lat' dir='ltr'>Arch.</span> <span class='ocrx_word' id='word_1_357' title='bbox 1803 2009 1856 2029; x_wconf 80' lang='lat' dir='ltr'>nat.</span> <span class='ocrx_word' id='word_1_358' title='bbox 1871 2006 1966 2034; x_wconf 71' lang='lat' dir='ltr'>Paris..</span> <span class='ocrx_word' id='word_1_359' title='bbox 1988 2007 2034 2029; x_wconf 59' lang='grc' dir='ltr'>ΧΗ</span> <span class='ocrx_word' id='word_1_360' title='bbox 2049 2008 2087 2035; x_wconf 75' lang='lat'>59,</span> <span class='ocrx_word' id='word_1_361' title='bbox 2106 2007 2150 2030; x_wconf 83' lang='lat' dir='ltr'>sol.</span> <span class='ocrx_word' id='word_1_362' title='bbox 2167 2008 2221 2036; x_wconf 84' lang='lat'>382,</span> <span class='ocrx_word' id='word_1_363' title='bbox 2235 2007 2268 2030; x_wconf 80' lang='lat' dir='ltr'>nd</span> 
     </span>
     <span class='ocr_line' id='line_1_27' title="bbox 401 2044 2266 2082; baseline 0.005 -17"><span class='ocrx_word' id='word_1_364' title='bbox 401 2051 442 2066; x_wconf 80' lang='lat' dir='ltr'>nn.</span> <span class='ocrx_word' id='word_1_365' title='bbox 459 2044 528 2072; x_wconf 72' lang='lat'><strong>1412,</strong></span> <span class='ocrx_word' id='word_1_366' title='bbox 550 2044 670 2067; x_wconf 86' lang='lat' dir='ltr'>Decemh.</span> <span class='ocrx_word' id='word_1_367' title='bbox 692 2046 730 2074; x_wconf 75' lang='lat'>29,</span> <span class='ocrx_word' id='word_1_368' title='bbox 756 2046 860 2076; x_wconf 75' lang='lat' dir='ltr'>quando</span> <span class='ocrx_word' id='word_1_369' title='bbox 880 2054 938 2068; x_wconf 88' lang='lat' dir='ltr'>cum</span> <span class='ocrx_word' id='word_1_370' title='bbox 962 2046 1082 2069; x_wconf 81' lang='lat' dir='ltr'>Johanne</span> <span class='ocrx_word' id='word_1_371' title='bbox 1098 2047 1235 2078; x_wconf 76' lang='lat' dir='ltr'>Tiphaine,</span> <span class='ocrx_word' id='word_1_372' title='bbox 1252 2056 1323 2079; x_wconf 82' lang='lat' dir='ltr'>mag.</span> <span class='ocrx_word' id='word_1_373' title='bbox 1346 2052 1406 2077; x_wconf 61' lang='lat' dir='ltr'>art„</span> <span class='ocrx_word' id='word_1_374' title='bbox 1432 2049 1556 2080; x_wconf 77' lang='lat' dir='ltr'>litigabat</span> <span class='ocrx_word' id='word_1_375' title='bbox 1580 2050 1611 2072; x_wconf 90' lang='lat' dir='ltr'>de</span> <span class='ocrx_word' id='word_1_376' title='bbox 1636 2050 1744 2080; x_wconf 80' lang='lat' dir='ltr'>paroch.</span> <span class='ocrx_word' id='word_1_377' title='bbox 1766 2050 1876 2074; x_wconf 81' lang='lat' dir='ltr'>ecclesia</span> <span class='ocrx_word' id='word_1_378' title='bbox 1901 2051 1927 2074; x_wconf 89' lang='lat' dir='ltr'>S.</span> <span class='ocrx_word' id='word_1_379' title='bbox 1952 2051 2022 2075; x_wconf 83' lang='lat' dir='ltr'>Clari</span> <span class='ocrx_word' id='word_1_380' title='bbox 2047 2052 2078 2074; x_wconf 90' lang='lat' dir='ltr'>de</span> <span class='ocrx_word' id='word_1_381' title='bbox 2104 2052 2266 2082; x_wconf 79' lang='lat' dir='ltr'>Herouvilln,</span> 
     </span>
    </p>
   </div>
   <div class='ocr_carea' id='block_1_14' title="bbox 400 2087 1520 2124">
    <p class='ocr_par' dir='ltr' id='par_1_14' title="bbox 400 2087 1520 2124">
     <span class='ocr_line' id='line_1_28' title="bbox 400 2087 1520 2124; baseline 0.006 -14"><span class='ocrx_word' id='word_1_382' title='bbox 400 2087 534 2118; x_wconf 79' lang='lat' dir='ltr'>Bajocens.</span> <span class='ocrx_word' id='word_1_383' title='bbox 551 2089 643 2118; x_wconf 64' lang='lat' dir='ltr'>dioec„</span> <span class='ocrx_word' id='word_1_384' title='bbox 658 2097 723 2120; x_wconf 76' lang='lat' dir='ltr'>qnae</span> <span class='ocrx_word' id='word_1_385' title='bbox 739 2098 753 2112; x_wconf 80' lang='lat' dir='ltr'>a</span> <span class='ocrx_word' id='word_1_386' title='bbox 768 2090 841 2113; x_wconf 86' lang='lat' dir='ltr'>curia</span> <span class='ocrx_word' id='word_1_387' title='bbox 854 2091 1013 2121; x_wconf 79' lang='lat' dir='ltr'>parlamenti</span> <span class='ocrx_word' id='word_1_388' title='bbox 1030 2091 1144 2114; x_wconf 81' lang='lat' dir='ltr'>Johanni</span> <span class='ocrx_word' id='word_1_389' title='bbox 1160 2092 1289 2123; x_wconf 83' lang='lat' dir='ltr'>Tiphaine</span> <span class='ocrx_word' id='word_1_390' title='bbox 1304 2093 1456 2124; x_wconf 80' lang='lat' dir='ltr'>adjudicata</span> <span class='ocrx_word' id='word_1_391' title='bbox 1472 2097 1520 2117; x_wconf 84' lang='lat' dir='ltr'>est.</span> 
     </span>
    </p>
   </div>
   <div class='ocr_carea' id='block_1_15' title="bbox 403 2254 2265 2404">
    <p class='ocr_par' dir='ltr' id='par_1_15' title="bbox 403 2254 2265 2404">
     <span class='ocr_line' id='line_1_29' title="bbox 403 2254 2265 2307; baseline 0.005 -17"><span class='ocrx_word' id='word_1_392' title='bbox 403 2254 541 2291; x_wconf 80' lang='lat'>1835.</span> <span class='ocrx_word' id='word_1_393' title='bbox 569 2265 686 2290; x_wconf 84' lang='lat' dir='ltr'>Carolus</span> <span class='ocrx_word' id='word_1_394' title='bbox 712 2267 749 2291; x_wconf 86' lang='lat' dir='ltr'>Vl</span> <span class='ocrx_word' id='word_1_395' title='bbox 768 2269 866 2291; x_wconf 84' lang='lat' dir='ltr'>contra</span> <span class='ocrx_word' id='word_1_396' title='bbox 887 2275 990 2292; x_wconf 77' lang='lat' dir='ltr'>morem</span> <span class='ocrx_word' id='word_1_397' title='bbox 1007 2268 1197 2293; x_wconf 81' lang='lat' dir='ltr'>Romanorum</span> <span class='ocrx_word' id='word_1_398' title='bbox 1214 2270 1383 2304; x_wconf 78' lang='lat' dir='ltr'>pontificum</span> <span class='ocrx_word' id='word_1_399' title='bbox 1399 2270 1540 2296; x_wconf 77' lang='lat' dir='ltr'>invehitur</span> <span class='ocrx_word' id='word_1_400' title='bbox 1555 2271 1715 2306; x_wconf 74' lang='lat' dir='ltr'>statuitque</span> <span class='ocrx_word' id='word_1_401' title='bbox 1729 2275 1759 2296; x_wconf 83' lang='lat' dir='ltr'>ut</span> <span class='ocrx_word' id='word_1_402' title='bbox 1781 2271 1910 2297; x_wconf 84' lang='lat' dir='ltr'>ecclesiis</span> <span class='ocrx_word' id='word_1_403' title='bbox 1931 2272 2158 2307; x_wconf 65' lang='lat' dir='ltr'>cathedralibus,</span> <span class='ocrx_word' id='word_1_404' title='bbox 2175 2273 2265 2299; x_wconf 83' lang='lat' dir='ltr'>colle-</span> 
     </span>
     <span class='ocr_line' id='line_1_30' title="bbox 484 2314 2265 2358; baseline 0.006 -20"><span class='ocrx_word' id='word_1_405' title='bbox 484 2314 582 2347; x_wconf 74' lang='lat' dir='ltr'>giatis⁷</span> <span class='ocrx_word' id='word_1_406' title='bbox 607 2315 840 2340; x_wconf 77' lang='lat' dir='ltr'>conventualibus</span> <span class='ocrx_word' id='word_1_407' title='bbox 864 2315 988 2350; x_wconf 82' lang='lat' dir='ltr'>aliisque</span> <span class='ocrx_word' id='word_1_408' title='bbox 1013 2316 1138 2342; x_wconf 77' lang='lat' dir='ltr'>electivis</span> <span class='ocrx_word' id='word_1_409' title='bbox 1159 2326 1211 2353; x_wconf 80' lang='lat' dir='ltr'>per</span> <span class='ocrx_word' id='word_1_410' title='bbox 1233 2318 1406 2353; x_wconf 75' lang='lat' dir='ltr'>electionem,</span> <span class='ocrx_word' id='word_1_411' title='bbox 1426 2324 1488 2353; x_wconf 67' lang='lat' dir='ltr'>eta,</span> <span class='ocrx_word' id='word_1_412' title='bbox 1509 2321 1630 2345; x_wconf 84' lang='lat' dir='ltr'>caeteris</span> <span class='ocrx_word' id='word_1_413' title='bbox 1652 2320 1800 2354; x_wconf 82' lang='lat' dir='ltr'>beneficiis</span> <span class='ocrx_word' id='word_1_414' title='bbox 1817 2329 1870 2356; x_wconf 77' lang='lat' dir='ltr'>pet·</span> <span class='ocrx_word' id='word_1_415' title='bbox 1885 2322 2148 2357; x_wconf 78' lang='lat' dir='ltr'>praesentationem</span> <span class='ocrx_word' id='word_1_416' title='bbox 2170 2323 2265 2358; x_wconf 73' lang='lat' dir='ltr'>provi-</span> 
     </span>
     <span class='ocr_line' id='line_1_31' title="bbox 485 2362 1551 2404; baseline 0.008 -17"><span class='ocrx_word' id='word_1_417' title='bbox 485 2362 596 2396; x_wconf 79' lang='lat' dir='ltr'>deatur,</span> <span class='ocrx_word' id='word_1_418' title='bbox 615 2364 796 2389; x_wconf 81' lang='lat' dir='ltr'>cessantibus</span> <span class='ocrx_word' id='word_1_419' title='bbox 809 2365 920 2390; x_wconf 84' lang='lat' dir='ltr'>omnino</span> <span class='ocrx_word' id='word_1_420' title='bbox 937 2366 1178 2391; x_wconf 66' lang='lat' dir='ltr'>reservationibus</span> <span class='ocrx_word' id='word_1_421' title='bbox 1194 2371 1220 2392; x_wconf 85' lang='lat' dir='ltr'>ct</span> <span class='ocrx_word' id='word_1_422' title='bbox 1234 2368 1339 2402; x_wconf 77' lang='lat' dir='ltr'>gratiis</span> <span class='ocrx_word' id='word_1_423' title='bbox 1354 2369 1551 2404; x_wconf 68' lang='lat' dir='ltr'>eoepectativis.</span> 
     </span>
    </p>
   </div>
   <div class='ocr_carea' id='block_1_16' title="bbox 1572 2445 1978 2476">
    <p class='ocr_par' dir='ltr' id='par_1_16' title="bbox 1572 2445 1978 2476">
     <span class='ocr_line' id='line_1_32' title="bbox 1572 2445 1978 2476; baseline 0.005 -5"><span class='ocrx_word' id='word_1_424' title='bbox 1572 2446 1646 2475; x_wconf 82' lang='grc'><strong>1407,</strong></span> <span class='ocrx_word' id='word_1_425' title='bbox 1663 2445 1794 2472; x_wconf 75' lang='lat' dir='ltr'>Februarii</span> <span class='ocrx_word' id='word_1_426' title='bbox 1811 2447 1847 2476; x_wconf 87' lang='grc'>18,</span> <span class='ocrx_word' id='word_1_427' title='bbox 1864 2447 1978 2473; x_wconf 75' lang='lat' dir='ltr'>Parisiis.</span> 
     </span>
    </p>
   </div>
   <div class='ocr_carea' id='block_1_17' title="bbox 397 2528 2263 2847">
    <p class='ocr_par' dir='ltr' id='par_1_17' title="bbox 397 2528 2263 2847">
     <span class='ocr_line' id='line_1_33' title="bbox 486 2528 2263 2580; baseline 0.005 -21"><span class='ocrx_word' id='word_1_428' title='bbox 486 2528 653 2569; x_wconf 73' lang='lat' dir='ltr'>Karolus,</span> <span class='ocrx_word' id='word_1_429' title='bbox 749 2529 930 2562; x_wconf 86' lang='lat' dir='ltr'>universis</span> <span class='ocrx_word' id='word_1_430' title='bbox 960 2537 1148 2574; x_wconf 84' lang='lat' dir='ltr'>presentes</span> <span class='ocrx_word' id='word_1_431' title='bbox 1179 2531 1316 2565; x_wconf 81' lang='lat' dir='ltr'>litteras</span> <span class='ocrx_word' id='word_1_432' title='bbox 1347 2533 1581 2578; x_wconf 67' lang='lat' dir='ltr'>inspecturis,</span> <span class='ocrx_word' id='word_1_433' title='bbox 1612 2533 1776 2566; x_wconf 85' lang='lat' dir='ltr'>salutem.</span> <span class='ocrx_word' id='word_1_434' title='bbox 1811 2536 1942 2567; x_wconf 82' lang='lat' dir='ltr'>Notum</span> <span class='ocrx_word' id='word_1_435' title='bbox 1971 2535 2136 2577; x_wconf 78' lang='lat' dir='ltr'>facimus,</span> <span class='ocrx_word' id='word_1_436' title='bbox 2165 2535 2263 2580; x_wconf 90' lang='lat' dir='ltr'>quod</span> 
     </span>
     <span class='ocr_line' id='line_1_34' title="bbox 398 2594 2259 2647; baseline 0.006 -23"><span class='ocrx_word' id='word_1_437' title='bbox 398 2605 476 2625; x_wconf 86' lang='lat' dir='ltr'>cum</span> <span class='ocrx_word' id='word_1_438' title='bbox 504 2606 617 2638; x_wconf 87' lang='lat' dir='ltr'>nuper</span> <span class='ocrx_word' id='word_1_439' title='bbox 642 2594 678 2626; x_wconf 90' lang='lat' dir='ltr'>in</span> <span class='ocrx_word' id='word_1_440' title='bbox 706 2596 894 2639; x_wconf 82' lang='lat' dir='ltr'>presencia</span> <span class='ocrx_word' id='word_1_441' title='bbox 917 2596 1119 2641; x_wconf 86' lang='lat' dir='ltr'>principum</span> <span class='ocrx_word' id='word_1_442' title='bbox 1145 2605 1269 2631; x_wconf 84' lang='lat' dir='ltr'>nostre</span> <span class='ocrx_word' id='word_1_443' title='bbox 1295 2600 1478 2644; x_wconf 70' lang='lat' dir='ltr'>prosapie,</span> <span class='ocrx_word' id='word_1_444' title='bbox 1501 2600 1674 2633; x_wconf 87' lang='lat' dir='ltr'>videlicet</span> <span class='ocrx_word' id='word_1_445' title='bbox 1698 2602 1797 2646; x_wconf 80' lang='lat' dir='ltr'>regis</span> <span class='ocrx_word' id='word_1_446' title='bbox 1829 2601 1951 2634; x_wconf 89' lang='lat' dir='ltr'>Sicilie</span> <span class='ocrx_word' id='word_1_447' title='bbox 1982 2601 2259 2647; x_wconf 74' lang='lat' dir='ltr'>consanguinei,</span> 
     </span>
     <span class='ocr_line' id='line_1_35' title="bbox 398 2660 2261 2709; baseline 0.006 -18"><span class='ocrx_word' id='word_1_448' title='bbox 398 2660 534 2692; x_wconf 74' lang='lat' dir='ltr'>Biturie</span> <span class='ocrx_word' id='word_1_449' title='bbox 555 2661 683 2705; x_wconf 80' lang='lat' dir='ltr'>patrui⁷</span> <span class='ocrx_word' id='word_1_450' title='bbox 702 2662 914 2706; x_wconf 84' lang='lat' dir='ltr'>Burgundie</span> <span class='ocrx_word' id='word_1_451' title='bbox 935 2665 1213 2709; x_wconf 75' lang='lat' dir='ltr'>consanguinei,</span> <span class='ocrx_word' id='word_1_452' title='bbox 1232 2672 1266 2698; x_wconf 87' lang='lat' dir='ltr'>et</span> <span class='ocrx_word' id='word_1_453' title='bbox 1287 2666 1462 2699; x_wconf 88' lang='lat' dir='ltr'>Borbonii</span> <span class='ocrx_word' id='word_1_454' title='bbox 1482 2667 1664 2709; x_wconf 79' lang='lat' dir='ltr'>avunculi,</span> <span class='ocrx_word' id='word_1_455' title='bbox 1682 2669 1825 2701; x_wconf 80' lang='lat' dir='ltr'>comitis</span> <span class='ocrx_word' id='word_1_456' title='bbox 1846 2669 2085 2702; x_wconf 86' lang='lat' dir='ltr'>Nivernensis</span> <span class='ocrx_word' id='word_1_457' title='bbox 2108 2681 2261 2702; x_wconf 85' lang='lat' dir='ltr'>consan-</span> 
     </span>
     <span class='ocr_line' id='line_1_36' title="bbox 397 2727 2262 2781; baseline 0.005 -23"><span class='ocrx_word' id='word_1_458' title='bbox 397 2727 533 2770; x_wconf 68' lang='lat' dir='ltr'>guinei,</span> <span class='ocrx_word' id='word_1_459' title='bbox 557 2734 589 2760; x_wconf 82' lang='lat' dir='ltr'>et</span> <span class='ocrx_word' id='word_1_460' title='bbox 609 2728 758 2760; x_wconf 87' lang='lat' dir='ltr'>aliorum</span> <span class='ocrx_word' id='word_1_461' title='bbox 784 2741 972 2773; x_wconf 88' lang='lat' dir='ltr'>procerum</span> <span class='ocrx_word' id='word_1_462' title='bbox 994 2731 1098 2775; x_wconf 81' lang='lat' dir='ltr'>regni</span> <span class='ocrx_word' id='word_1_463' title='bbox 1121 2733 1236 2764; x_wconf 79' lang='lat' dir='ltr'>nostri</span> <span class='ocrx_word' id='word_1_464' title='bbox 1258 2733 1423 2777; x_wconf 70' lang='lat' dir='ltr'>predicti,</span> <span class='ocrx_word' id='word_1_465' title='bbox 1514 2734 1551 2766; x_wconf 90' lang='lat' dir='ltr'>in</span> <span class='ocrx_word' id='word_1_466' title='bbox 1572 2735 1727 2767; x_wconf 88' lang='lat' dir='ltr'>concilio</span> <span class='ocrx_word' id='word_1_467' title='bbox 1750 2735 1985 2780; x_wconf 71' lang='lat' dir='ltr'>prelatorum,</span> <span class='ocrx_word' id='word_1_468' title='bbox 2001 2741 2080 2777; x_wconf 63' lang='lat' dir='ltr'>etc..</span> <span class='ocrx_word' id='word_1_469' title='bbox 2098 2736 2203 2781; x_wconf 86' lang='lat' dir='ltr'>regni</span> <span class='ocrx_word' id='word_1_470' title='bbox 2226 2742 2262 2768; x_wconf 87' lang='lat' dir='ltr'>et</span> 
     </span>
     <span class='ocr_line' id='line_1_37' title="bbox 397 2793 2258 2847; baseline 0.006 -22"><span class='ocrx_word' id='word_1_471' title='bbox 397 2793 625 2837; x_wconf 76' lang='lat' dir='ltr'>dalphinalus</span> <span class='ocrx_word' id='word_1_472' title='bbox 651 2795 873 2828; x_wconf 81' lang='lat' dir='ltr'>Viennensis</span> <span class='ocrx_word' id='word_1_473' title='bbox 900 2796 998 2841; x_wconf 82' lang='lat' dir='ltr'>ipsas</span> <span class='ocrx_word' id='word_1_474' title='bbox 1029 2798 1203 2831; x_wconf 84' lang='lat' dir='ltr'>ecclesias</span> <span class='ocrx_word' id='word_1_475' title='bbox 1236 2801 1565 2844; x_wconf 80' lang='lat' dir='ltr'>representantium</span> <span class='ocrx_word' id='word_1_476' title='bbox 1676 2802 1712 2834; x_wconf 93' lang='lat' dir='ltr'>in</span> <span class='ocrx_word' id='word_1_477' title='bbox 1740 2802 1819 2835; x_wconf 84' lang='lat' dir='ltr'>aula</span> <span class='ocrx_word' id='word_1_478' title='bbox 1849 2802 1917 2835; x_wconf 81' lang='lat' dir='ltr'>alta</span> <span class='ocrx_word' id='word_1_479' title='bbox 1946 2814 2055 2847; x_wconf 85' lang='lat' dir='ltr'>supra</span> <span class='ocrx_word' id='word_1_480' title='bbox 2086 2803 2258 2835; x_wconf 82' lang='lat' dir='ltr'>Secanam</span> 
     </span>
    </p>
   </div>
   <div class='ocr_carea' id='block_1_18' title="bbox 397 2860 2258 2915">
    <p class='ocr_par' dir='ltr' id='par_1_18' title="bbox 397 2860 2258 2915">
     <span class='ocr_line' id='line_1_38' title="bbox 397 2860 2258 2915; baseline 0.006 -24"><span class='ocrx_word' id='word_1_481' title='bbox 397 2860 525 2892; x_wconf 84' lang='lat' dir='ltr'>domus</span> <span class='ocrx_word' id='word_1_482' title='bbox 547 2872 609 2893; x_wconf 84' lang='lat' dir='ltr'>seu</span> <span class='ocrx_word' id='word_1_483' title='bbox 632 2861 758 2905; x_wconf 77' lang='lat' dir='ltr'>palacii</span> <span class='ocrx_word' id='word_1_484' title='bbox 782 2863 916 2907; x_wconf 81' lang='lat' dir='ltr'>regalis</span> <span class='ocrx_word' id='word_1_485' title='bbox 938 2865 1097 2897; x_wconf 74' lang='lat' dir='ltr'>Parisios</span> <span class='ocrx_word' id='word_1_486' title='bbox 1121 2874 1357 2911; x_wconf 67' lang='lat' dir='ltr'>congregatQ</span> <span class='ocrx_word' id='word_1_487' title='bbox 1379 2868 1498 2912; x_wconf 86' lang='lat' dir='ltr'>aliqua</span> <span class='ocrx_word' id='word_1_488' title='bbox 1525 2869 1681 2902; x_wconf 83' lang='lat' dir='ltr'>fuissent</span> <span class='ocrx_word' id='word_1_489' title='bbox 1702 2870 1888 2915; x_wconf 88' lang='lat' dir='ltr'>proposita</span> <span class='ocrx_word' id='word_1_490' title='bbox 1910 2876 1945 2902; x_wconf 88' lang='lat' dir='ltr'>et</span> <span class='ocrx_word' id='word_1_491' title='bbox 1965 2870 2128 2914; x_wconf 82' lang='lat' dir='ltr'>exposita</span> <span class='ocrx_word' id='word_1_492' title='bbox 2156 2869 2258 2902; x_wconf 87' lang='lat' dir='ltr'>lucu-</span> 
     </span>
    </p>
   </div>
  </div>
 </body>
</html>
