2502 3418
393 320 460 352 682
976 329 1292 352 enema-«nmmum
1326 329 1516 351 culveris.
1552 329 1681 351 mais.
2160 314 2261 353 [1448

399 469 543 506 2634.
567 478 704 504 Facultas
718 478 879 513 theologiae
893 479 990 506 Paris.
1006 482 1143 515 quantum
1159 478 1199 504 ad
1219 478 1391 514 Sanguinem
1410 479 1516 505 Christi
1530 478 1671 515 Rupellae
1687 482 1882 504 conservatum
1898 477 2008 514 definit,
2028 487 2083 504 non
2102 485 2262 514 repugnare

487 527 602 563 aliquid
615 528 650 554 de
667 528 812 563 Sanguine
830 528 935 554 Christi
947 532 1072 565 tempore
1085 528 1234 565 passionis
1250 528 1335 564 effusi
1350 528 1533 555 remansisse.

1646 591 1719 621 7448,
1734 591 1794 617 nasi
1806 591 1851 621 28,
1865 591 1979 618 ΡανίεῘῘε.

490 681 530 712 ln
551 680 698 712 nomine
720 680 878 713 Domini.
901 681 970 712 Per
989 679 1057 713 hoc
1079 691 1232 724 presens
1254 678 1438 724 publicum
1466 679 1746 712 instrumentum
1773 679 1914 712 cunctis
1936 685 2052 724 pateat
2077 679 2265 712 evidenter

400 753 431 780 et
451 747 495 780 sit
513 753 651 788 notum,
670 747 767 792 quod
784 759 877 779 anno
894 747 1059 791 ejusdem
1076 746 1221 779 Domini
1239 746 1432 779 millesimo
1450 746 1811 791 quadringentesimo
1829 746 2107 791 quadragesimo
2124 752 2263 787 octavo,

400 814 600 847 indictione
622 814 827 854 undecima,
848 814 986 846 mensis
1006 825 1093 847 vero
1115 813 1199 846 Maii
1221 813 1279 845 die
1300 813 1424 857 xxviij,
1442 813 1674 858 pontificatus
1691 813 1911 846 sanctissimi
1932 813 1969 846 in
1990 813 2136 847 Christo
2154 812 2265 858 patris

401 888 435 914 et
456 881 593 914 domini
610 881 740 923 nostri,
763 881 900 914 domini
918 880 1057 913 Nicolai
1074 881 1194 913 divina
1212 880 1439 926 providentia
1461 892 1551 926 pape
1572 880 1689 925 quinti
1709 892 1804 914 anno
1826 881 2002 923 secundo,
2020 892 2139 914 coram
2156 892 2266 914 vene-

402 948 505 982 rabili
531 955 567 981 et
590 949 854 993 circumspecto
876 948 953 981 viro
981 948 1128 980 domino
1154 948 1291 980 decano
1318 947 1541 981 venerabilis
1566 947 1745 981 facultatis
1770 947 1968 993 theologie,
1996 948 2074 993 ipsa
2098 947 2265 980 facultate

401 1015 613 1049 solemniter
637 1015 731 1060 apud
760 1015 795 1048 S.
823 1014 1067 1047 Mathurinum
1091 1021 1325 1060 congregata,
1355 1015 1558 1060 comparuit
1584 1014 1805 1048 venerabilis
1833 1021 1868 1048 et
1898 1015 2186 1060 circumspectus
2210 1014 2267 1047 vir

401 1095 493 1128 mag.
516 1082 699 1115 Johannes
722 1082 962 1123 Bretonnelli,
980 1094 1053 1115 sac.
1075 1081 1261 1127 theologie
1283 1082 1484 1127 professor,
1503 1082 1591 1115 Ord.
1614 1082 1694 1115 frat.
1717 1082 1864 1123 Minor.,
1883 1082 2011 1115 dicens
2032 1088 2068 1115 et
2088 1082 2265 1123 reserens,

401 1156 508 1195 prout
532 1149 664 1194 aliquis
688 1149 861 1182 retulerat
886 1149 1003 1182 eidem
1031 1149 1204 1190 facultati,
1229 1149 1326 1194 quod
1352 1156 1428 1182 orta
1454 1156 1530 1182 erat
1555 1149 1696 1183 noviter
1721 1149 1904 1182 discordia
1930 1161 1995 1182 seu
2022 1148 2205 1182 dissensio
2231 1134 2268 1182 in

400 1218 538 1250 famoso
561 1217 695 1262 oppido
718 1216 884 1262 Rupelle,
907 1218 1133 1250 Xantonens.
1158 1217 1269 1256 dioe.,
1291 1217 1387 1250 inter
1406 1217 1602 1250 nonnullas
1623 1228 1799 1263 personas
1826 1216 2092 1250 ecclesiasticas
2114 1222 2149 1250 et
2169 1228 2269 1249 secu-

400 1285 494 1318 lares
516 1296 589 1317 non
619 1284 761 1316 modice
789 1284 1014 1317 auctoritatis
1040 1296 1152 1329 super
1178 1285 1327 1317 materia
1355 1284 1551 1329 Sanguinis
1581 1284 1720 1318 Christi
1744 1296 1809 1330 pro
1838 1282 2270 1330 redemptione.humani

394 1351 548 1401 generis
570 1351 709 1392 ess'usi',
732 1350 916 1396 aliquibus
938 1351 1146 1385 dicentibus
1173 1358 1208 1384 et
1232 1351 1497 1393 asserentibus,
1519 1351 1615 1397 quod
1645 1351 1815 1386 Christus
1839 1351 1877 1384 in
1905 1350 2176 1384 resurrectione
2205 1362 2270 1384 sua

402 1431 474 1452 non
497 1425 609 1452 totum
633 1419 849 1463 sanguinem
872 1430 976 1451 suum
1000 1419 1259 1464 resumpserit3
1282 1418 1363 1452 aliis
1384 1425 1502 1452 autem
1524 1419 1732 1464 oppositum
1754 1418 2018 1452 asserentibus..
2040 1419 2092 1452 De
2109 1425 2143 1452 et
2159 1430 2271 1464 super

402 1486 536 1532 quibus
565 1486 659 1519 dieta
686 1485 837 1519 facultas
866 1485 1080 1519 solemniter
1107 1493 1328 1531 congregata
1355 1486 1451 1532 apud
1479 1487 1655 1532 prefatum
1685 1486 1720 1519 S.
1748 1485 1994 1519 Mathurinum
2024 1485 2083 1519 die
2109 1485 2271 1519 secunda

402 1554 539 1587 mensis
559 1553 644 1586 Maii
669 1553 753 1586 anni
780 1553 945 1598 predicti,
968 1553 1011 1586 ad
1040 1553 1236 1586 sedandam
1262 1553 1473 1598 hujusmodi
1498 1553 1769 1587 dissensionem
1795 1560 1831 1586 et
1854 1553 2012 1586 animum
2038 1552 2270 1586 titubantium

402 1620 532 1654 melius
561 1620 818 1662 edificandum,
845 1620 1031 1666 deputavit
1056 1620 1287 1654 venerabiles
1309 1628 1344 1654 et
1372 1621 1660 1666 circumspectos
1684 1621 1784 1655 viros
1812 1620 1982 1654 dominos
2011 1627 2046 1653 et
2074 1620 2270 1665 magistros

400 1688 602 1722 Johannem
629 1687 801 1729 Beroudi,
825 1687 1065 1721 Guillermum
1094 1688 1259 1729 Evrardi,
1286 1689 1432 1721 Petrum
1462 1688 1506 1721 de
1531 1688 1740 1727 Vaucello²,
1768 1687 1982 1721 Michaelem
2009 1687 2053 1720 de
2084 1686 2205 1732 Epila⁸
2231 1698 2271 1720 ac

402 1755 644 1789 Guillermum
662 1754 1044 1796 devalle-Ru11011is*,
1063 1767 1164 1788 sacre
1181 1755 1367 1800 theologie
1385 1756 1629 1801 professores,
1647 1762 1727 1788 actu
1744 1755 1905 1788 Parisius
1931 1755 1968 1788 in
1989 1754 2083 1787 dicta
2104 1753 2272 1787 facultate

402 1829 586 1868 regentes,
605 1822 667 1855 ad⁵
687 1822 983 1868 perscrutandam
1000 1823 1186 1856 veritatem
1203 1822 1429 1868 hujusmodi,
1445 1823 1581 1868 etquid
1598 1823 1768 1856 doctores
1782 1823 1819 1855 in
1835 1822 1900 1855 hac
1921 1822 2069 1855 materia
2091 1828 2269 1855 tenerent.

401 1890 561 1923 Tandem
581 1890 675 1923 dicta
697 1889 864 1923 facultate
936 1889 1150 1923 solemniter
1172 1890 1267 1935 apud
1289 1890 1423 1923 dictum
1442 1891 1477 1924 S.
1494 1890 1739 1923 Mathurinum
1764 1896 1959 1923 convocata
1979 1895 2014 1922 et
2035 1895 2269 1934 congregata,

401 1957 573 1991 videlicet
593 1969 688 1990 anno
706 1957 869 2002 predicto
887 1957 944 1989 die
959 1957 1066 2002 xxviij
1088 1958 1287 2002 supradicti
1305 1958 1443 1991 mensis
1461 1958 1559 1999 Maii,
1575 1958 1637 2002 qui
1658 1957 1804 2003 quidem
1822 1957 1993 1990 doctores
2009 1955 2171 1989 unanimi
2188 1967 2273 1989 con-

404 2037 515 2058 sensu
531 2037 632 2057 suam
651 2024 769 2057 eidem
790 2024 948 2058 facultati
970 2036 1080 2070 super
1101 2024 1312 2070 hujusmodi
1334 2025 1481 2058 materia
1501 2025 1667 2058 fecerunt
1687 2024 1913 2058 relationem.
1936 2024 2013 2067 Qua
2034 2023 2167 2065 audita,
2190 2035 2274 2057 nec-

404 2104 477 2124 non
501 2091 705 2124 rationibus
727 2098 762 2124 et
782 2091 927 2124 motivis
945 2103 1009 2136 per
1026 2091 1143 2124 dictos
1160 2091 1329 2124 dominos
1351 2092 1544 2137 deputatos
1566 2098 1601 2124 et
1621 2103 1744 2124 eorum
1764 2090 1933 2136 singulos
1954 2090 2072 2132 tactis,
2094 2096 2178 2136 post
2197 2101 2274 2123 ma-

405 2165 520 2192 turam
537 2158 838 2191 deliberationem
862 2159 996 2204 prefata
1017 2158 1168 2191 facultas
1185 2171 1285 2192 suam
1300 2159 1385 2192 fecit
1401 2158 1675 2192 conclusionem
1698 2165 1733 2191 et
1753 2157 1947 2199 conclusit,
1961 2164 2069 2203 prout
2084 2157 2272 2202 sequitur:

492 2272 554 2298 Non
571 2273 719 2306 repugnat
733 2271 834 2306 pietati
849 2271 983 2298 fidelium
997 2271 1123 2301 credere,
1140 2271 1221 2305 quod
1235 2271 1347 2306 aliquid
1361 2272 1398 2298 de
1415 2272 1562 2306 Sanguine
1577 2271 1683 2298 Christi
1698 2272 1790 2298 effuso
1802 2272 1935 2306 tempore
1950 2270 2091 2297 Passionis
2102 2270 2275 2298 remanserIt

404 2322 434 2348 in
451 2321 558 2348 terriss'.

495 2419 547 2451 De
569 2425 604 2450 et
625 2430 737 2463 super
757 2417 891 2463 quibus
913 2418 1104 2463 premissis
1125 2418 1295 2451 omnibus
1317 2425 1352 2451 et
1372 2418 1530 2464 singulis
1551 2419 1712 2464 prefatus
1731 2418 1905 2464 magister
1918 2417 2103 2451 Johannes
2121 2418 2274 2451 Breton-

407 2485 495 2518 nelli
516 2485 621 2530 petiit
636 2498 654 2518 a
672 2497 728 2518 me
751 2485 890 2518 notario
913 2484 1060 2530 publico
1082 2485 1314 2531 infrascripto
1336 2485 1406 2519 sibi
1427 2485 1506 2519 fieri
1527 2485 1712 2531 publicum
1733 2486 2030 2527 instrumentum,
2048 2496 2114 2518 seu
2131 2483 2275 2530 publica

408 2552 662 2593 instrumenta,
685 2564 796 2585 unum
819 2559 879 2585 aut
899 2552 1014 2597 plura.

496 2619 583 2652 Acta
611 2620 759 2652 suerunt
785 2619 852 2652 hec
882 2619 1043 2653 Parisius
1073 2620 1167 2665 apud
1200 2620 1334 2654 dictum
1364 2621 1399 2654 S.
1431 2620 1689 2662 Mathurinum,
1718 2619 1790 2654 sub
1821 2632 1928 2662 anno,
1959 2619 2174 2661 indictione,
2200 2618 2272 2661 die,

410 2697 534 2719 mense
565 2693 599 2719 et
629 2686 841 2731 pontificatu
870 2687 1060 2732 predictis,
1087 2687 1321 2732 presentibus
1342 2688 1387 2721 ad
1411 2687 1477 2721 hec
1506 2687 1779 2721 venerabilibus
1810 2694 1846 2720 et
1878 2686 2154 2732 circumspectis
2185 2685 2274 2719 viris

410 2752 568 2785 dominis
590 2759 625 2785 et
647 2753 844 2797 magistris,
874 2753 1050 2787 Michaele
1070 2754 1231 2799 Anglici,
1251 2754 1417 2789 Johanne
1439 2754 1557 2797 Fabri,
1584 2754 1787 2788 Guillermo
1813 2755 1953 2787 Heuse⁷
1980 2752 2202 2786 et'Johanne
2228 2752 2273 2785 de

410 2819 523 2860 Oliva,
553 2831 654 2851 sacre
683 2819 868 2864 theologie
894 2821 1181 2865 professoribus,
1204 2821 1361 2855 testibus
1382 2822 1426 2855 ad
1456 2822 1634 2867 premissa
1660 2821 1798 2855 vocatis
1826 2820 2034 2866 specialiter
2061 2826 2095 2852 et
2122 2819 2271 2864 rogatis.

499 2887 541 2918 Et
561 2897 628 2929 ego
647 2887 862 2919 Laurentius
884 2887 1071 2930 Poutrelli,
1092 2888 1283 2934 presbyter
1299 2895 1444 2922 curatus
1462 2888 1616 2922 ecclesie
1633 2887 1851 2934 parochialis
1868 2887 1912 2921 de
1929 2886 2136 2927 Anouvilla,
2153 2890 2217 2919 etc.

530 2944 568 2966 86.
