2502 3418
967 323 1291 346 CHARTULARIUM
1326 324 1519 346 UNlVEnS.
1556 323 1688 345 PARls.

390 444 447 467 1951
489 443 636 469 1411-1412
672 443 736 466 Nov.
750 443 787 472 11,
804 443 869 474 Aug.

389 502 449 524 1955

389 650 449 672 1956

391 753 448 775 1957

387 811 448 834 1958

387 913 448 936 1959

387 1016 447 1038 1960

386 1123 442 1145 1961

386 1185 445 1208 ‘loo-2

385 1292 445 1315 1963

385 1399 445 1422 196st

386 1506 446 1529 1965

386 1568 446 1591 1966

388 1676 447 1698 1967

388 1738 448 1760 1968

388 1801 448 1823 1969

386 1908 446 1930 1970

388 2014 445 2037 1971

389 2121 449 2144 1972

392 2361 452 2384 1973

393 2512 451 2534 1974

394 2707 453 2730 1975

394 2813 454 2835 1976

529 501 593 527 1⁴12

738 501 808 524 Julio

700 649 811 680 Augusti
826 650 839 671 '4

743 752 840 774 —20

489 810 635 836 1412-1420
675 811 738 833 Post
752 810 864 840 August.

521 913 587 939 1412

482 1912 631 1937 1412-1413

525 2014 590 2039 1413

518 2934 558 2956 95.

664 912 826 944 Septembris
845 912 873 934 15

732 1029 757 1032 —-
844 1014 870 1036 21

674 1121 830 1145 Novembris
846 1122 860 1144 6

697 1184 842 1207 Novembre

670 1291 820 1314 Decembris
836 1291 865 1314 13

667 1398 734 1422 Circ.
750 1398 795 1421 fin.
811 1398 871 1421 Dec.

679 1506 740 1529 Post
756 1506 832 1529 Mart.
845 1506 858 1529 7

688 1568 824 1591 Februarii
839 1569 853 1591 9

740 1689 769 1692 —
825 1675 853 1698 13

741 1752 769 1754 —
827 1738 853 1761 l7

690 1800 854 1824 Feb1·.-Murt.

675 1907 823 1930 Dea-Mart.
839 1907 867 1929 13

706 2014 793 2037 Martii
810 2014 838 2037 13

737 2122 838 2144 -23

709 2362 807 2393 Aprilis
824 2362 835 2385 1

730 2815 790 2838 Maii
807 2816 817 2838 1

905 443 999 467 Gravis
1020 443 1117 475 injuria
1133 443 1255 475 Philippo
1272 444 1303 467 de
1321 444 1414 472 Monte,
1432 444 1475 469 lic.
1492 444 1584 467 medic.
1599 452 1629 467 ac
1647 443 1763 467 studenti
1778 443 1885 471 decret„
1900 443 1967 465 faeta
1979 457 2166 464 ........
2211 440 2257 463 239

905 502 1070 525 Universitas
1091 502 1196 525 domino
1217 502 1248 525 de
1270 502 1366 533 Heilly,
1391 502 1502 526 ducibus
1529 502 1698 533 Burgundiae
1718 505 1743 525 et
1764 501 1919 533 Aquitaniae
1943 503 1967 523 et
1992 498 2102 522 Antonio
2122 498 2167 522 des

936 547 1042 570 Essarts
1062 547 1154 570 scribit
1174 547 1204 570 de
1219 547 1289 570 tristi
1308 550 1378 570 statu
1393 547 1483 578 regni:
1499 550 1628 570 tractatus
1646 547 1739 570 melior
1754 546 1800 570 fint
1814 549 1839 569 et
1856 544 2003 569 adversarii
2018 544 2088 575 regis
2105 543 2167 566 sub-

932 591 1060 623 jugentur
1063 605 2166 616 ............................................
2212 587 2258 610 239

905 650 1069 673 Universitas
1099 649 1155 680 regi
1180 650 1305 673 Franciae
1329 650 1441 679 nuntiat,
1471 657 1498 673 se
1527 650 1560 673 ad
1584 653 1740 673 conventum
1765 649 1916 681 principum
1944 647 2166 672 Autissiodorens.

935 695 964 717 12
979 695 1081 725 legatos
1097 694 1209 723 mittere,
1227 694 1270 726 qui
1285 695 1316 717 de
1332 702 1396 725 pace
1411 694 1486 725 regni
1499 695 1639 718 consulant
1642 709 2167 718 .....................
2213 690 2256 714 241

904 752 1069 776 Universitas
1084 752 1177 775 scribit
1192 752 1258 783 regi,
1274 752 1371 783 Anglos
1388 752 1513 775 ducatum
1528 752 1704 776 Normanniae
1719 752 1850 776 invasisse
1854 768 2166 776 .............
2213 749 2258 772 243

905 810 1069 834 Universitas
1086 810 1219 842 supplicat
1234 810 1359 841 episcopo
1373 810 1572 841 Silvanectensi,
1584 814 1613 834 ut
1626 810 1739 834 officium
1758 810 1951 834 conservatoris
1967 809 2167 841 privilegiorum

934 855 1121 878 Universitatis
1138 858 1255 886 acceptet
1259 871 2166 880 ....................................
2213 852 2258 874 245

904 913 945 937 Lis
963 916 1033 936 mota
1048 913 1074 936 in
1088 913 1264 943 rsa-lamento,
1281 913 1314 936 ob
1332 913 1461 945 quaedam
1479 913 1615 942 beneficia,
1632 913 1700 937 inter
1715 913 1858 937 Amadeum
1872 912 2034 936 cardinalem
2049 913 2080 936 de
2095 912 2169 936 Sulu-

934 958 977 981 tiis
993 961 1018 981 et
1034 958 1167 981 Simonem
1183 958 1214 981 de
1230 957 1371 988 Cramuud,
1387 958 1506 989 archiep.
1522 959 1675 982 Remensem
1679 973 2167 982 ....................
2213 955 2259 978 246

903 1016 994 1039 Petrus
1017 1016 1062 1038 des
1079 1016 1194 1044 Essarts,
1214 1016 1384 1047 praepositus
1405 1016 1499 1045 Paris„
1515 1016 1663 1040 Johannem
1683 1016 1714 1039 de
1738 1015 1872 1045 Fontanis,
1894 1024 1965 1047 mag.
1986 1015 2093 1045 artium,
2108 1023 2170 1047 pro-

933 1060 1039 1083 tectioni
1055 1060 1136 1091 regis,
1153 1060 1249 1084 virtute
1265 1061 1468 1092 privilegiorum
1488 1061 1686 1091 Universitatis‚
1705 1060 1843 1084 substituit
1850 1076 2169 1086 .............
2213 1057 2260 1081 246

902 1122 1021 1154 Magistri
1037 1125 1157 1153 regentes
1175 1123 1308 1146 facultatis
1329 1123 1473 1146 medicinae
1493 1131 1535 1148 an.
1556 1124 1690 1146 1412-1413
1694 1139 2168 1148 ...................
2213 1120 2259 1143 247

903 1185 1067 1208 Universitas
1083 1185 1197 1208 Johanni
1213 1186 1293 1209 XXIII
1309 1186 1410 1217 gratias
1427 1186 1482 1217 agit
1499 1186 1531 1209 de
1550 1186 1684 1209 beneficiis
1700 1185 1813 1217 receptis
1829 1189 1854 1209 et
1868 1186 1900 1209 de
1913 1189 2034 1217 promoto
2050 1185 2170 1209 ,Iohanne

933 1230 965 1254 de
981 1230 1140 1261 Rupescissa
1156 1230 1189 1253 ad
1206 1230 1416 1261 patriarchatum
1421 1247 2168 1254 ..............................
2214 1227 2259 1250 248

902 1293 1035 1316 ,lohannes
1058 1293 1140 1316 XXIII
1164 1293 1290 1321 declarat,
1314 1293 1454 1324 supposita
1474 1293 1663 1317 Universitatis
1687 1296 1815 1325 quantum
1837 1293 1870 1317 ad
1894 1293 2021 1317 beneficia
2043 1292 2169 1316 membris

934 1337 1094 1360 Parlamenti
1108 1346 1159 1360 non
1174 1338 1347 1368 praeferenda
1352 1355 2167 1363 .................................
2214 1335 2260 1359 249

903 1400 1069 1423 Universitas
1085 1400 1199 1423 «Iohanni
1220 1401 1299 1424 xxm
1319 1400 1350 1424 de
1369 1400 1463 1424 unione
1478 1401 1612 1429 ecclesiae,
1630 1404 1659 1424 ut
1674 1400 1820 1424 Concilium
1833 1401 1977 1425 Romanum
1995 1403 2130 1432 proroget,
2145 1403 2170 1424 et

931 1444 1033 1476 judices
1051 1445 1121 1468 intra
1138 1453 1227 1468 muros
1242 1445 1385 1469 Parisiens.
1403 1446 1529 1469 concedat
1542 1462 2169 1471 .........................
2214 1444 2260 1467 249

904 1517 916 1528 a
930 1507 1085 1530 duramenta
1101 1507 1210 1531 rectoris
1227 1507 1253 1531 in
1266 1508 1401 1539 presentia
1415 1508 1549 1531 facultatis
1562 1507 1588 1531 in
1605 1516 1653 1531 sua
1668 1507 1833 1531 institutione
1836 1518 2168 1532 ...............
2215 1505 2260 1530 251

905 1570 1060 1593 Benedictus
1077 1570 1208 1598 Gentiani,
1225 1570 1251 1593 in
1272 1570 1390 1593 Statibus
1411 1570 1593 1598 Generalibus,
1610 1570 1745 1602 principes
1765 1571 1799 1594 ad
1819 1570 1987 1594 concordiam
2005 1570 2128 1594 hortatur
2146 1573 2172 1594 et

935 1618 1119 1646 paupertatem
1135 1615 1228 1646 populi
1245 1615 1371 1638 Franciae
1387 1615 1513 1638 describit
1517 1632 2170 1639 ..........................
2216 1614 2261 1638 252

906 1677 1063 1700 Eustachius
1079 1677 1110 1700 de
1124 1677 1226 1709 Pavilly
1242 1677 1387 1701 orationem
1403 1677 1537 1701 Benedicti
1553 1678 1676 1702 Gentiani
1690 1678 1817 1709 reprobat
1828 1695 2170 1701 ..............
2216 1676 2261 1700 252

906 1740 976 1763 Idem
996 1748 1085 1763 coram
1100 1740 1268 1764 Parlamento
1284 1741 1314 1764 de
1330 1741 1498 1764 reformando
1514 1749 1596 1772 regno
1614 1741 1670 1772 agit
1673 1757 2170 1766 ....................
2216 1739 2262 1763 253

907 1802 1070 1826 Universitas
1087 1806 1112 1826 et
1131 1803 1200 1826 cives
1216 1803 1301 1827 Paris,
1321 1803 1492 1827 obtinuerunt
1513 1812 1528 1826 a
1543 1804 1609 1827 duce
1628 1803 1784 1835 Aquitaniae
1804 1814 1817 1825 «
1838 1806 1866 1826 ut
1886 1806 2064 1827 statuerentur
2079 1802 2124 1835 qui
2139 1803 2171 1826 ad

937 1847 1076 1871 utilitatem
1097 1848 1171 1878 regni
1191 1856 1323 1878 excessus,
1343 1856 1408 1880 quos
1428 1848 1604 1879 protulerant,
1622 1850 1798 1871 reformarent
1811 1858 1824 1870 ν
1827 1864 2171 1872 ..............
2216 1842 2262 1866 253

907 1910 1072 1934 Universitas
1087 1910 1120 1933 ad
1136 1910 1283 1934 Johannem
1299 1911 1389 1940 XXIII,
1406 1914 1435 1934 ut
1447 1910 1663 1942 praerogativam
1678 1921 1691 1932 (τ
1708 1910 1793 1942 quinti
1808 1910 1913 1934 articuli
1926 1920 1939 1932 n
1950 1913 2041 1934 contra
2054 1910 2171 1934 aemulos

939 1958 1075 1978 conservet
1079 1971 2170 1980 ...........................................
2216 1949 2261 1972 253

907 2017 1040 2040 Johannes
1057 2017 1137 2040 XXIII
1151 2017 1315 2048 pronuntiat,
1331 2017 1501 2049 privilegium
1521 2028 1534 2039 (ι
1550 2018 1635 2050 quinti
1655 2018 1788 2041 articuli»
1809 2025 1860 2041 non
1881 2018 1967 2040 solum
1987 2017 2105 2046 Gallicis,
2127 2017 2171 2040 sed

938 2062 1059 2085 omnibus
1076 2062 1188 2085 aliarum
1205 2062 1341 2086 nationum
1358 2063 1385 2086 in
1401 2063 1488 2086 studio
1504 2063 1588 2086 Paris.
1604 2062 1789 2094 praesentibus
1804 2062 1930 2094 prodesse
1934 2079 2171 2086 ..........
2217 2056 2263 2080 254

908 2124 972 2147 Cum
995 2125 1135 2156 supposita
1159 2125 1347 2148 Universitatis
1370 2125 1397 2148 in
1420 2126 1508 2149 causis
1530 2125 1718 2149 beneficiorum
1737 2128 1810 2149 extra
1835 2133 1924 2148 muros
1946 2124 2030 2148 Paris.
2055 2127 2080 2148 et
2103 2124 2173 2147 ultra

939 2173 1040 2192 montes
1058 2170 1213 2198 citarentur,
1226 2170 1360 2193 Johannes
1375 2171 1455 2193 XXIII
1473 2170 1557 2194 dictas
1573 2179 1667 2194 causas
1683 2170 1709 2193 in
1725 2171 1798 2193 curia
1816 2170 1848 2193 ad
1864 2159 1980 2201 quintiue
1995 2177 2097 2192 menses
2113 2168 2174 2200 pro'-

939 2214 1052 2245 rogavit.
1068 2214 1246 2237 Nihilominus
1266 2214 1407 2246 supposita
1427 2215 1645 2244 molestabantur,
1664 2218 1690 2238 et
1704 2214 1815 2238 Carolus
1835 2215 1867 2238 VI
1884 2214 2067 2246 praepositum
2089 2213 2174 2237 Paris.

939 2262 1033 2285 monet,
1051 2261 1079 2281 ut
1095 2259 1239 2282 sententiae
1257 2267 1271 2282 a
1283 2258 1418 2290 judicibus
1435 2259 1588 2291 apostolicis
1604 2259 1693 2283 curiae
1710 2260 1841 2283 Romanae
1857 2262 1949 2282 contra
1963 2267 1994 2282 ea
2008 2259 2077 2282 latae
2092 2266 2174 2282 vanae

939 2302 1082 2334 irritaeque
1097 2306 1220 2326 maneant
1223 2320 2174 2329 ......................................
2218 2299 2264 2322 255

908 2365 1041 2388 Johannes
1058 2365 1139 2389 XXIII
1159 2365 1273 2389 Johanni
1292 2366 1413 2397 Gersoni,
1434 2366 1592 2390 cancellario
1617 2366 1711 2395 Paris„
1732 2366 1852 2390 concedit
1875 2374 1958 2397 usque
1979 2366 2012 2389 ad
2034 2365 2174 2389 triennium

941 2410 1091 2433 facultatem
1108 2410 1263 2433 absolvendi
1283 2419 1453 2442 quascunque
1468 2419 1595 2442 personas
1616 2410 1789 2434 scholasticas
1807 2414 1868 2434 actu
1886 2410 1995 2434 Parisiis
2009 2410 2144 2433 studentes
2160 2418 2174 2433 a

939 2454 1139 2486 quibuscunque
1158 2455 1274 2486 peccatis
1293 2458 1318 2478 et
1333 2455 1470 2479 sententiis
1475 2471 2173 2480 ............................
2219 2451 2264 2475 255

907 2516 1040 2540 Johannes
1064 2517 1144 2540 XXIII
1170 2517 1284 2541 Geraldo
1302 2517 1384 2549 episc.
1408 2518 1503 2548 Paris„
1526 2522 1555 2541 ut
1574 2526 1657 2550 usque
1672 2518 1705 2541 ad
1724 2518 1866 2541 triennium
1891 2525 1987 2541 causae
2008 2516 2174 2540 beneficiales

940 2569 1020 2592 super
1034 2561 1128 2592 gratiis
1146 2562 1331 2593 exspectativis
1348 2566 1475 2594 quantum
1491 2563 1524 2586 ad
1544 2563 1659 2586 rotulum
1680 2562 1867 2586 Universitatis
1888 2562 1972 2585 Paris.
1988 2570 2039 2585 non
2060 2561 2086 2584 in
2102 2561 2175 2584 curia

940 2606 1065 2636 Romana⁷
1084 2606 1129 2629 sed
1144 2614 1193 2637 per
1214 2606 1302 2638 ipsum
1321 2607 1487 2636 decidantur,
1504 2610 1530 2631 et
1549 2607 1586 2630 sic
1608 2607 1731 2638 magistri
1749 2610 1822 2630 extra
1842 2615 1931 2630 muros
1947 2606 2032 2630 Paris.
2051 2613 2103 2629 non
2123 2608 2176 2629 tra-

939 2650 1036 2672 hantur
1049 2667 1678 2676 .........................
1685 2645 1687 2648 ¹
1698 2666 2174 2676 ...................
2219 2647 2265 2671 255

908 2712 1047 2735 Antonium
1070 2713 1254 2743 Alamannam,
1275 2714 1440 2738 collectorem
1456 2722 1551 2746 papae,
1567 2722 1580 2738 e
1596 2722 1701 2738 carcere
1718 2714 1885 2737 liberandum
1905 2716 1985 2745 negat
1999 2712 2174 2741 Universum,

939 2756 1053 2779 ,Iohanni
1070 2757 1204 2786 d'Arthan,
1220 2758 1309 2781 abbati
1325 2759 1351 2782 S.
1367 2758 1457 2790 Eligii‚
1473 2759 1597 2790 adjuncta
1601 2773 2174 2782 .......................
2220 2754 2265 2778 256

908 2818 1040 2841 Johannes
1059 2819 1138 2842 XXIII
1156 2820 1309 2851 Alamanno,
1330 2821 1356 2846 S,
1375 2821 1483 2844 Eusebii
1498 2822 1580 2849 eard.,
1597 2821 1685 2852 legato
1701 2821 1732 2844 de
1749 2821 1831 2844 latere
1846 2820 1873 2843 in
1893 2828 1974 2851 regno
1991 2818 2125 2847 Franciae,
2142 2818 2175 2841 ad

939 2862 1080 2886 triennium
1094 2864 1199 2894 plenam
1214 2868 1373 2896 potestatem
1388 2866 1508 2889 concedit
1522 2874 1616 2889 causas
1632 2865 1798 2889 beneficiales
1811 2864 2004 2888 determinandi
2013 2879 2174 2888 .......
2219 2861 2267 2884 256
