2502 3418
271 310 366 346 1405]
616 323 660 343 ΑΒ
695 323 799 344 ΑΝΝΟ
834 323 1119 345 Μαραικκκκιν
1154 324 1284 351 usQi'E
1320 324 1366 344 An
1402 325 1538 346 ANNUM
1573 325 1777 348 macconi.
2071 320 2132 352 135

269 404 480 442 querentem
504 409 575 429 non
597 396 771 437 auditum,
790 408 862 428 non
880 404 1085 430 vocatum...
1108 399 1237 430 Nostra
1255 398 1352 429 curia
1430 398 1474 430 de
1495 410 1677 431 consensu
1700 401 1851 444 predicti
1874 404 2132 446 conquerentis

268 475 374 496 omne
392 463 689 508 impedimentum
708 463 825 496 eidem
843 463 1058 496 cancellario
1076 464 1207 496 virtute
1225 464 1319 496 dicte
1338 465 1565 508 querimonie
1586 466 1789 510 appositum
1808 467 1944 512 absque
1962 470 2131 513 expensis

267 531 399 563 amovit
420 537 454 563 et
474 537 615 563 amovet
634 541 699 575 per
719 537 921 575 presentes.

358 629 435 652 Arch.
453 632 516 657 nat„
534 629 580 652 Χη
593 630 632 658 52,
649 630 693 652 sol.
708 629 759 657 ffb,
776 629 832 652 sine
847 629 972 660 temporis
987 632 1056 659 nota,
1071 629 1116 652 scd
1132 629 1246 660 pertinet
1261 630 1294 652 ad
1310 638 1391 660 supra
1406 633 1524 653 notatum
1540 631 1666 661 temporis
1684 631 1810 661 spatium.

359 714 381 736 1.
400 713 445 736 Hic
461 717 486 736 ct
501 714 570 736 infra
586 713 611 736 in
625 722 674 737 ηις.
690 713 815 736 scribitur
831 723 842 736 «
859 716 1027 745 temptamem
1045 722 1056 737 ι)
1073 717 1098 737 et
1114 722 1124 736 a
1141 722 1257 737 examem
1274 722 1294 737 ».

270 895 410 931 1817.
436 905 579 929 statatum
593 913 645 939 pro
661 903 780 938 collegio
799 906 826 929 S.
843 904 984 930 Bernardi
998 905 1103 934 Paris„
1126 904 1193 930 Ord.
1213 904 1420 938 Cisterciensis,
1439 904 1474 930 de
1491 904 1670 931 baccalareis
1691 906 1815 932 Bibliam
1832 910 1882 932 aut
1900 907 2062 932 *S'ententias
2076 908 2132 933 Iec—

354 953 435 978 turis.

1430 991 1507 1019 1405,
1525 990 1651 1023 septemb.
1669 991 1703 1020 12,
1721 991 1843 1017 cistercii:

352 1077 442 1110 Cum
464 1077 623 1110 studium
647 1078 681 1110 S.
706 1078 881 1110 Bernardi
902 1078 1015 1111 Paris.
1034 1078 1128 1111 inter
1147 1078 1215 1111 alia
1236 1078 1282 1110 sit
1303 1078 1384 1119 ssos,
1408 1078 1519 1110 decus
1542 1085 1576 1111 et
1592 1086 1842 1112 ornamentum
1860 1079 2017 1124 speciale
2039 1080 2127 1113 Ord.

263 1143 368 1185 Cist.,
390 1144 562 1189 generale
583 1144 670 1189 Cap.
694 1145 818 1177 statuit
839 1144 936 1189 quod
958 1144 1182 1177 baccalarius
1204 1144 1356 1178 Bibliam
1381 1151 1440 1177 aut
1462 1145 1667 1178 Sententias
1688 1145 1811 1190 legere
1837 1146 1965 1179 volens
1995 1146 2129 1180 ibidem

262 1217 365 1243 antea
381 1211 626 1255 juramentum
652 1211 815 1244 solemne
837 1218 987 1256 prestet,
1006 1212 1102 1256 quod
1127 1223 1193 1244 nec
1215 1218 1295 1244 ante
1317 1223 1383 1244 nec
1401 1218 1481 1256 post
1503 1212 1671 1256 adeptum
1689 1213 1725 1244 in
1744 1212 1839 1245 dicto
1861 1213 1982 1246 studio
2006 1226 2131 1258 quem-

263 1289 405 1322 cunque
427 1277 576 1322 gradum
596 1290 661 1323 per
677 1289 716 1310 se
732 1278 789 1311 vel
806 1278 897 1311 alios
914 1278 1161 1323 procurabunt
1176 1278 1234 1311 vel
1251 1278 1486 1323 acceptabunt
1510 1278 1646 1323 absque
1664 1279 1809 1312 licentia
1827 1280 1977 1324 speciali
1994 1280 2130 1313 domini

265 1344 516 1385 Cisterciens.,
548 1351 586 1377 ut.
620 1352 901 1389 promoveantur
930 1348 973 1377 ad
1004 1345 1222 1378 abbatiatum
1252 1345 1309 1378 vel
1339 1345 1446 1378 alium
1480 1357 1734 1390 quemcunque
1765 1353 1908 1387 statum,
1940 1354 2128 1392 antequam

265 1411 427 1456 regentie
450 1418 592 1456 tempus
621 1411 886 1456 compleverint
907 1412 942 1444 in
965 1412 1091 1444 eodem
1120 1412 1241 1444 studio
1270 1420 1499 1452 consuetum,
1521 1413 1593 1445 nisi
1615 1419 1733 1445 tamen
1761 1413 1853 1446 intra
1879 1413 2012 1446 dictum
2042 1421 2130 1447 tem—

264 1490 330 1523 pus
352 1478 524 1511 canonice
546 1479 618 1512 sint
639 1478 759 1520 electi,
776 1478 833 1512 vel
855 1485 994 1524 patrum
1018 1479 1187 1512 abbatum
1209 1480 1420 1512 auctoritate
1443 1480 1611 1524 promoti.
1635 1480 1704 1523 Qui
1725 1492 1811 1513 vero
1833 1481 1905 1525 jam
1928 1487 2013 1513 sunt
2033 1481 2130 1513 ordi—

262 1545 334 1578 nati
363 1552 443 1578 actu
470 1545 651 1590 legentes,
676 1552 711 1578 et
730 1546 791 1590 qui
807 1546 880 1590 jam
902 1546 1085 1591 legerunt,
1112 1546 1320 1579 nullatenus
1342 1553 1599 1591 presentemur
1621 1547 1664 1579 ad
1685 1546 1880 1589 licentiam,
1906 1559 1971 1580 nec
1993 1548 2128 1592 aliquid

262 1624 327 1657 pro
357 1612 507 1645 lecturis
535 1612 578 1645 ab
608 1613 746 1646 Ordine
777 1613 966 1658 recipiant,
996 1613 1112 1646 donec
1146 1613 1348 1658 predictum
1375 1614 1621 1658 juramentum
1656 1614 1894 1658 prestiterint.
1927 1615 2128 1648 Baccalarei

261 1685 377 1711 autem
401 1691 585 1720 cursores,
610 1686 800 1724 postquam
823 1691 967 1712 cursum
999 1691 1063 1712 sue
1092 1680 1230 1712 lecture
1255 1680 1531 1725 compleverint,
1558 1681 1627 1713 nisi
1651 1681 1723 1713 sint
1748 1681 1791 1713 ad
1813 1680 2009 1725 legendum
2041 1682 2128 1715 Sen-

262 1746 391 1779 tentias
420 1746 594 1791 deputati,
621 1747 664 1779 ad
695 1747 840 1791 propria
868 1747 1086 1780 monasteria
1116 1747 1183 1780 sub
1214 1748 1599 1780 excommunicationis
1628 1748 1696 1780 late
1724 1748 1904 1781 sententie
1930 1760 2018 1793 pena
2047 1749 2127 1781 red-

261 1819 343 1846 eant
362 1813 454 1846 infra
474 1825 619 1846 annum.

353 1911 435 1942 Capp.
453 1919 541 1942 gener.
559 1911 677 1940 Cisterc.,
693 1912 751 1934 cod.
767 1916 795 1934 n⁰
807 1912 851 1934 544
867 1911 892 1934 in
906 1912 982 1935 Arch.
1000 1915 1060 1936 stat.
1078 1913 1186 1937 Luzern.
1204 1913 1232 1942 (Ι,
1250 1921 1276 1943 p.
1292 1912 1357 1941 1121).
1373 1927 1399 1930 —
1417 1912 1686 1942 MARTizNE-Dummn,
1706 1913 1784 1937 Thes.
1799 1920 1862 1937 nov.
1881 1915 1987 1940 anecd„
2003 1914 2126 1941 1v‚15116.

260 1955 313 1978 Hoc
328 1958 455 1979 statutum
471 1959 563 1986 postea
579 1956 658 1979 etiam
673 1956 774 1987 pluries
790 1959 946 1979 renovatum
962 1960 1010 1980 est.

264 2141 405 2178 1818.
430 2150 592 2176 Inimicitiis
611 2151 784 2177 durantibus
808 2152 881 2178 inter
900 2152 998 2178 ducem
1021 2153 1223 2179 Aurelianens.
1246 2156 1272 2178 et
1288 2152 1387 2178 ducem
1410 2152 1605 2186 Burgundiae,
1629 2156 1655 2177 et
1680 2152 1784 2177 litteris
1805 2152 1886 2177 ducis
1910 2151 2122 2185 Ameliancns„

348 2208 422 2234 qaas
437 2199 527 2234 legati
542 2204 737 2236 portaverant,
759 2202 889 2237 receptis,
912 2205 1004 2227 rector
1022 2202 1220 2228 Universitatis
1241 2202 1336 2227 Paris.
1355 2202 1516 2237 diversique
1537 2201 1666 2227 doctores
1686 2201 1837 2227 sollemnes
1855 2210 1916 2226 cum
1932 2200 2000 2226 aliis
2021 2200 2124 2234 legatis

347 2248 446 2274 ducem
458 2249 659 2275 Aareliancns.
671 2250 817 2276 Meloduni
830 2255 1047 2276 commorantem
1063 2251 1206 2279 adierunt.
1219 2252 1245 2277 ei
1260 2251 1467 2285 significanteS,
1482 2254 1511 2276 ul
1521 2250 1721 2284 reformationi
1734 2251 1814 2283 regni
1831 2250 2005 2275 intenderet⁴
2023 2250 2124 2275 simal—

348 2307 401 2333 que
423 2298 479 2324 sibi
500 2298 599 2324 ducem
622 2299 808 2333 Burgandiae
825 2300 1032 2326 reconciliaret.
1056 2302 1121 2326 Dum
1136 2301 1344 2335 indignationis
1359 2300 1463 2325 ardore
1480 2300 1653 2325 vehementer
1668 2303 1805 2325 aestuans
1822 2299 1969 2334 respondit
1985 2309 1993 2324 ;
2013 2308 2028 2324 «
2047 2300 2124 2324 sicut

347 2356 396 2372 nec
413 2347 441 2372 in
457 2356 527 2373 casa
539 2347 610 2381 fidei
628 2348 667 2373 ad
680 2348 829 2374 consilium
846 2349 950 2374 milites
965 2350 1128 2383 evocat-etis,
1147 2350 1188 2375 sic
1205 2359 1254 2375 nec
1271 2350 1298 2374 in
1315 2349 1431 2374 casibus
1449 2349 1559 2374 bellicis
1576 2349 1685 2374 debetis
1705 2358 1749 2373 ros
1766 2348 1932 2373 immiscere.
1951 2348 2123 2373 Rei-edentes

348 2396 436 2430 igitur
450 2396 591 2422 studendo
608 2397 795 2423 ministerium
812 2402 931 2423 vestrum
947 2398 1042 2424 debite
1058 2398 1234 2434 compleatis,
1253 2398 1386 2433 qnoniam
1404 2399 1458 2423 elsi
1472 2398 1537 2432 filia
1554 2398 1629 2431 regis
1651 2397 1825 2422 Universitas
1843 2401 1961 2429 vocetur,
1981 2401 2073 2422 lamen
2088 2397 2122 2422 de

347 2446 483 2479 regimine
499 2446 579 2480 regni
595 2446 686 2482 ipsam
703 2447 888 2473 intromittere
904 2456 958 2473 non
974 2447 1054 2473 decet
1070 2457 1095 2473 ».
1112 2449 1213 2481 Legati
1227 2448 1339 2481 conscisi
1356 2447 1484 2472 Parisios
1500 2448 1604 2472 reversi
1618 2450 1692 2471 sant.

1529 2536 1603 2565 1405,
1621 2535 1748 2567 Septemb.

351 2622 410 2646 Rei.
424 2624 456 2646 de
469 2622 669 2653 Same-Deum,
684 2623 729 2652 111,
745 2624 803 2653 31'43
821 2625 923 2649 Chron.
940 2626 972 2648 de
987 2625 1159 2650 Monsirelet.
1171 2625 1211 2648 ed.
1225 2625 1441 2653 DOUET-D'ARCQ,
1458 2625 1475 2650 1,
1493 2624 1534 2646 121
1553 2632 1591 2654 sq.
1609 2623 1704 2646 Contra
1722 2622 1885 2645 Universitas
1902 2622 1934 2645 ad
1950 2622 2041 2645 ducem
2058 2623 2121 2645 Bur-

258 2666 372 2697 gundiae
388 2675 476 2690 mense
495 2667 607 2698 Augusti
624 2667 732 2691 Parisiis
746 2669 865 2698 accessit,
878 2669 952 2700 eique
969 2669 1071 2700 gratias
1090 2669 1144 2700 egit
1161 2670 1192 2692 de
1207 2669 1291 2700 ipsius
1308 2677 1396 2692 amore
1409 2672 1434 2692 et
1450 2669 1584 2691 affcctione
1600 2668 1632 2690 ad
1649 2675 1758 2697 regnum
1772 2667 1953 2696 (Ilfflnstrclet,
1964 2675 1991 2698 p.
2005 2667 2048 2690 112
2061 2669 2119 2698 sq.),

351 2751 375 2776 1.
393 2752 428 2774 De
443 2752 598 2775 necessitate
613 2752 691 2783 hujus
705 2753 900 2776 reformationis
916 2754 967 2776 dux
983 2754 1152 2784 Burgundiae
1168 2757 1253 2783 antea,
1267 2761 1354 2776 mense
1368 2755 1494 2784 Augusto,
1510 2753 1535 2775 in
1551 2752 1649 2783 palatIO
1665 2752 1737 2782 regio
1750 2759 1838 2774 ceram
1852 2751 1916 2774 duce
1927 2751 2081 2782 Aquitaniae
2096 2755 2120 2773 et

257 2796 417 2819 consiliariis
433 2797 512 2826 regis,
529 2800 629 2820 rectore
645 2797 830 2820 Universitatis
848 2801 872 2821 et
894 2798 984 2821 multis
1000 2798 1025 2820 in
1051 2801 1161 2828 utroque
1178 2798 1236 2828 jure
1259 2798 1410 2821 doctoribus
1432 2801 1456 2820 et
1476 2797 1620 2828 magistri-⁸2,
1636 2796 1844 2827 propositionem
1860 2804 1907 2827 per
1922 2796 2067 2818 Johanncin
2089 2796 2120 2818 dc

258 2840 343 2863 Nieles
361 2841 428 2870 fecit,
446 2850 512 2872 quae
525 2842 600 2872 quasi
615 2842 812 2865 fundamentum
829 2846 867 2865 est
883 2851 930 2873 pro
944 2843 1062 2874 sequenti
1076 2842 1193 2865 oratione
1210 2842 1337 2865 Johannis
1352 2844 1460 2866 Gcrson.
1476 2842 1532 2864 Vid.
1548 2841 1606 2865 ΗΕΖ.
1623 2842 1655 2864 de
1668 2841 1868 2870 Sainl-Denys,
1888 2841 1931 2869 ΙΗ,
1948 2849 1973 2871 p.
1990 2841 2035 2862 29⁴3
2051 2848 2118 2871 sqq.;

258 2885 428 2914 Monstrelet,
446 2895 472 2917 p.
490 2886 534 2909 114
548 2894 604 2917 sqq.
