2502 3418
392 321 456 352 242
971 331 1291 353 CHARTULARIL'M
1326 331 1518 353 UNlVERS.
1555 331 1684 352 PARls.
2165 318 2264 354 [1412

396 404 589 449 supplions
611 417 681 449 que
698 405 829 438 vuillez
850 406 1037 448 adjouster
1058 407 1117 451 foy
1139 412 1174 438 et
1193 409 1345 438 creance
1367 417 1412 437 en
1432 417 1473 438 ce
1494 416 1564 449 que
1582 411 1827 449 proposeront.
1848 404 1892 436 de
1913 416 1976 449 par
1998 401 2104 445 nous,
2123 411 2157 437 et
2178 405 2265 449 qu'il

393 483 458 505 vos
481 471 594 517 plaise
617 472 660 504 (le
682 472 803 505 bonne
825 475 931 517 grace
953 475 970 505 ἐι
992 473 1046 505 les
1062 473 1163 506 avoir
1179 484 1271 517 pour
1289 471 1576 504 recommandes.
1597 472 1708 503 Notre
1725 477 1799 504 tres
1817 470 1994 503 redoubte
2015 477 2051 503 et
2070 471 2265 503 souverain

396 539 582 584 seigneur,
611 541 714 573 nos¹⁰
741 551 806 573 vos
832 539 1136 573 recommendons
1166 542 1184 572 ὲ
1209 550 1301 571 vous
1328 545 1403 571 tant
1431 537 1682 570 humblement
1709 549 1779 581 que
1809 537 1892 582 plus
1922 549 2076 582 povons,
2106 544 2141 570 et
2173 537 2264 570 Dieu

396 606 521 651 prions
548 607 609 651 qui
633 619 698 639 vos
723 607 834 639 vuille
861 607 1002 639 donnes
1028 608 1136 651 grace
1165 606 1208 638 de
1239 612 1373 638 mestre
1403 604 1483 649 paix
1514 610 1549 636 et
1577 603 1821 648 transquillite
1848 615 1892 636 en
1916 611 2039 637 vostre
2065 603 2262 649 royaulme⁷

395 673 527 706 aussi¹¹
547 685 685 706 comme
708 685 801 706 nous
822 673 855 706 le
877 674 1064 712 desirons3
1087 679 1121 705 et
1138 683 1228 705 vous
1246 672 1348 704 doint
1368 671 1490 703 bonne
1506 670 1563 703 vie
1581 676 1615 702 et
1636 669 1783 714 longne,
1803 682 1846 703 au
1867 670 1941 703 bon
1957 677 1993 703 et
2007 670 2157 716 joyeulx
2178 683 2265 716 gou-

1447 738 1471 754 ¹2

395 747 607 773 vernement
633 741 677 773 de
702 747 824 773 vostre
847 752 1027 785 royaume.
1058 740 1199 784 Eseript
1220 741 1237 771 ἐι
1258 738 1358 771 Paris
1379 742 1436 779 [en
1493 743 1597 770 notre
1618 738 1881 782 congregation
1902 737 2087 783 generale,
2110 750 2202 782 pour
2222 750 2262 771 ce

1132 904 1158 931 2.
1181 905 1235 930 Pro
1250 904 1324 930 duce
1338 903 1520 937 Acquitanie.

485 981 574 1013 Tres
592 980 745 1012 exellant
764 986 796 1012 et
817 986 889 1012 tres
907 979 1084 1012 redoubte
1101 979 1288 1024 seigneur,
1308 990 1374 1011 nos
1392 989 1485 1010 nous
1502 978 1807 1011 recommendons
1823 981 1842 1011 ἐι
1856 990 1948 1011 vous
1965 985 2040 1011 tant
2059 985 2094 1011 et
2110 979 2141 1011 si
2162 977 2261 1011 hum-

394 1045 554 1079 blement
574 1059 643 1091 que
666 1046 747 1091 plus
769 1058 920 1091 povons.
951 1047 993 1078 Et
1018 1058 1083 1079 vos
1104 1045 1218 1091 plaise
1244 1045 1364 1078 savoir
1392 1057 1461 1090 que
1483 1057 1546 1090 par
1567 1044 1600 1077 le
1621 1045 1937 1078 commendement
1962 1045 2007 1078 de
2035 1052 2159 1078 nostre
2188 1052 2262 1093 tres

398 1113 572 1146 redoubto
602 1120 635 1146 et
661 1113 854 1146 souverain
883 1113 1058 1158 seigneur
1081 1113 1113 1145 le
1142 1125 1206 1158 roy
1230 1119 1353 1145 vostre
1375 1116 1462 1157 pere
1484 1118 1518 1145 et
1543 1111 1576 1144 le
1597 1119 1722 1145 nostre
1748 1124 1815 1145 nos
1840 1123 2029 1157 envoyons
2054 1114 2072 1145 ἐι
2099 1113 2262 1146 Aucerre

391 1181 436 1224 xij
460 1192 662 1224 personnes
684 1180 863 1219 notables,
886 1187 967 1220 etc.³
991 1192 1083 1225 pour
1105 1180 1220 1212 aidier
1244 1186 1277 1212 et
1302 1179 1478 1212 consiller
1502 1181 1520 1212 ἐι
1540 1179 1694 1224 parsaire
1715 1179 1746 1212 la
1773 1179 1853 1224 paix
1876 1178 2173 1212 eneommenchie
2199 1191 2262 1224 par

391 1254 512 1279 vostre
534 1247 654 1279 bonne
676 1247 922 1287 ordonnance,
942 1247 1107 1291 lesquelx
1129 1259 1196 1280 nos
1213 1259 1278 1279 vos
1300 1246 1494 1291 supplions
1515 1258 1585 1291 que
1600 1246 1747 1279 vuilliez
1767 1245 1979 1279 esdrechier
1995 1253 2030 1279 et
2049 1246 2149 1279 avoir
2170 1258 2262 1291 pour

393 1314 667 1346 recommendes
689 1321 721 1346 et
743 1314 930 1358 adjouster
950 1315 1008 1359 soy
1030 1316 1047 1346 ἐι
1073 1326 1113 1346 ce
1142 1326 1212 1358 que
1235 1325 1301 1347 vos
1322 1313 1445 1346 diront
1465 1313 1509 1346 de
1535 1325 1598 1358 par
1623 1325 1729 1346 nous.
1752 1314 1862 1346 Notre
1891 1319 1964 1346 tres
1990 1312 2167 1346 redoubte
2189 1313 2261 1346 sei-

387 1393 518 1425 gneur„
541 1380 573 1413 Ie
595 1381 692 1413 Saint
717 1381 871 1426 Esperit,
894 1387 961 1413 etc.

1127 1426 1153 1453 3.
1180 1427 1234 1452 Pro
1249 1427 1323 1452 duce
1338 1426 1518 1460 Burgundie.

478 1503 568 1533 Tres
590 1501 769 1534 excellent
797 1508 831 1534 et
859 1508 932 1533 tres
960 1501 1138 1534 redoubte
1170 1501 1309 1546 prince,
1337 1513 1430 1534 nous
1458 1512 1552 1534 nous
1579 1500 1884 1534 recommendons
1913 1503 1930 1533 ἐι
1953 1512 2044 1533 vous
2067 1507 2141 1533 tant
2168 1506 2203 1533 et
2230 1500 2261 1533 si

391 1568 641 1601 humblement
662 1580 731 1613 que
754 1568 835 1613 plus
858 1580 1009 1613 povons.
1034 1570 1107 1601 Nos
1124 1580 1189 1601 vos
1213 1568 1463 1609 [reJmereions
1484 1568 1549 1601 des
1570 1569 1698 1613 peines
1719 1574 1754 1601 et
1780 1567 1942 1600 travaulx
1962 1579 2032 1612 que
2053 1571 2138 1600 aves
2159 1567 2262 1612 prins

391 1647 481 1680 pour
502 1635 533 1668 la
556 1635 800 1680 transquillite
823 1635 867 1668 de
887 1642 962 1668 cest
985 1635 1169 1680 royaulme
1196 1642 1230 1668 et
1256 1647 1366 1680 aussy
1391 1635 1436 1668 de
1461 1635 1493 1668 Ia
1514 1635 1821 1668 communication
1849 1635 1893 1667 de
1917 1646 1984 1668 vos
2012 1637 2148 1667 secres.
2171 1635 2262 1667 Tres

388 1702 566 1735 excellent
596 1709 630 1735 et
660 1709 733 1735 tres
765 1701 941 1735 redoubte
977 1702 1115 1747 prince,
1149 1714 1216 1734 nos
1247 1702 1404 1735 envoion
1439 1714 1502 1747 par
1533 1702 1566 1734 le
1598 1702 1915 1735 commendement
1949 1701 1993 1734 de
2025 1707 2149 1734 nostre
2184 1704 2258 1734 tres

389 1769 565 1802 redoubte
587 1776 622 1802 et
642 1769 835 1802 souverain
853 1769 1028 1813 seigneur
1046 1769 1077 1801 le
1099 1781 1162 1814 roy
1182 1769 1228 1814 xij
1252 1780 1456 1814 personnes
1473 1768 1653 1810 notables,
1671 1775 1755 1809 etc.7
1773 1771 1790 1801 a
1806 1769 1968 1801 Aucerre
1985 1780 2077 1813 pour
2093 1767 2208 1801 aidier
2225 1774 2260 1801 et

391 1836 565 1868 consiller
585 1838 602 1868 ἐι
624 1836 777 1880 parsaire
798 1835 830 1868 la
852 1836 932 1880 paix
954 1836 1240 1877 encommencie,
1262 1835 1429 1881 Iesqueix
1450 1847 1518 1869 nos
1538 1847 1619 1878 vos,
1640 1842 1708 1868 ete.
1733 1842 1771 1868 ut
1791 1835 1905 1880 prius.

481 1933 595 1957 Minuta
608 1934 724 1957 chartae.
740 1933 765 1956 in
779 1934 856 1957 Arch.
870 1937 923 1956 nat.
940 1934 1024 1961 Puris,
1040 1935 1063 1957 M
1079 1934 1131 1963 65b,
1146 1938 1174 1957 11ο
1188 1935 1218 1957 118
1235 1934 1307 1963 (olim
1321 1935 1350 1958 Α.
1364 1935 1385 1957 3.
1402 1935 1435 1965 z).
1448 1934 1507 1958 Alia
1519 1934 1634 1958 minuta
1647 1942 1706 1956 cum
1719 1933 1832 1965 epistola
1848 1934 1874 1957 1·
1884 1936 1987 1957 tantum
2001 1933 2027 1957 in
2043 1933 2122 1957 Arch.
2135 1933 2257 1957 Univers.

389 1979 484 2004 Paris.,
502 1979 569 2002 thee.
588 1979 608 2006 Ι,
625 1979 653 2001 Α.
667 1979 688 2002 1.
703 1987 721 2009 g
735 1980 757 2007 (e
773 1987 823 2010 qun
844 1979 992 2008 JocRDAm',
1008 1984 1036 2002 n⁰
1054 1979 1134 2009 1060).
1153 1979 1274 2010 Magistri
1292 1979 1441 2002 accuratius
1462 1979 1487 2002 in
1503 1979 1587 2011 priori
1602 1979 1715 2003 minuta
1730 1979 1890 2008 afferuntnr3
1912 1978 1995 2001 altera
2011 1978 2129 2001 abundat
2152 1977 2259 2009 quibus-

388 2023 448 2046 dam
464 2023 551 2046 verbis
565 2031 616 2046 non
630 2023 797 2052 necessariis,
813 2023 943 2054 habetque
958 2023 1037 2046 aliam
1054 2024 1284 2055 orthographiam.
1296 2023 1412 2047 Priorem
1427 2024 1572 2055 sequimur.

484 2068 632 2091 Conventus
644 2067 882 2091 Autissiodorensis
899 2069 965 2099 Aug.
982 2069 1011 2091 22
1023 2069 1171 2092 celebratus
1187 2072 1234 2094 est.
1249 2069 1307 2092 Vid.
1323 2070 1453 2097 Auctar„
1470 2069 1502 2096 Il,
1519 2077 1546 2100 p.
1563 2069 1617 2098 123,
1628 2071 1682 2092 not.
1698 2069 1721 2092 3.

483 2152 506 2177 1.
524 2153 621 2176 Charta
640 2153 760 2176 univers.
778 2161 826 2184 pro
845 2153 1014 2184 sequentibus
1031 2153 1106 2184 ponit
1122 2161 1126 2176 :
1143 2162 1154 2175 (ι
1171 2157 1196 2176 et
1211 2162 1275 2176 vous
1290 2154 1450 2177 remereions
1467 2154 1499 2177 de
1514 2162 1542 2177 ce
1557 2153 1621 2184 qu'il
1636 2161 1701 2176 vous
1717 2161 1732 2176 a
1747 2153 1809 2184 pIeu
1825 2161 1847 2181 »‚
1858 2156 1907 2176 etc.
1923 2166 1950 2169 —
1967 2151 1990 2176 2.
2007 2152 2098 2175 Chart.
2111 2151 2234 2176 Univers.
2251 2158 2258 2175 ε

392 2206 403 2219 «
418 2197 543 2221 Auxoirre
558 2206 579 2225 n,
593 2201 618 2221 et
631 2198 668 2220 sie
682 2198 763 2224 infra:
780 2198 854 2228 prius
871 2206 876 2220 ·.
895 2206 906 2220 «
922 2200 1054 2220 Auxeurre
1070 2206 1092 2226 n,
1110 2206 1121 2220 (ι
1135 2199 1265 2221 Auceurre
1282 2207 1303 2222 u.
1320 2212 1348 2216 —
1359 2198 1382 2223 3.
1399 2199 1505 2222 Petrum
1520 2198 1662 2222 Plaoul.—
1676 2197 1702 2223 4.
1718 2198 1793 2221 Certe
1808 2197 1989 2224 Guiltelmum.
2006 2196 2040 2219 ad
2052 2204 2096 2219 an.
2112 2196 2173 2219 1412
2186 2196 2259 2228 apud

391 2241 531 2271 antxn,
549 2242 626 2266 Thes.
643 2249 706 2266 nov.
723 2243 832 2271 anecd„
846 2242 887 2271 IV⁷
902 2250 928 2272 p.
945 2242 1013 2270 1558,
1033 2242 1152 2265 allatum.
1169 2242 1216 2265 Ab.
1233 2251 1276 2266 an.
1292 2243 1362 2272 1406,
1383 2243 1476 2266 Octob.
1495 2243 1534 2271 19,
1547 2243 1670 2265 defuncto
1686 2235 1781 2272 Parc,x
1794 2241 1842 2265 fuit
1855 2241 1938 2264 abhas
1951 2240 2067 2264 Jacobus
2083 2241 2157 2271 (Reg.
2176 2241 2257 2264 Aven.

392 2286 451 2309 Ben.
468 2287 535 2311 xm.
549 2287 601 2310 vol.
618 2287 703 2313 XLIX,
719 2287 763 2310 sot.
778 2287 827 2315 61),
844 2287 959 2309 omissus
976 2286 1001 2309 in
1019 2287 1092 2310 Gall.
1108 2287 1212 2315 christ„
1226 2287 1290 2315 xw,
1306 2296 1332 2318 p.
1349 2288 1403 2311 534.
1419 2287 1578 2311 Guillelmus
1593 2286 1774 2310 verisimiliter
1792 2294 1860 2309 anno
1876 2285 1995 2317 sequenti
2010 2285 2033 2308 ei
2047 2285 2183 2313 successit,
2198 2292 2258 2308 cum

391 2331 415 2353 in
432 2331 539 2354 Collect.
562 2331 647 2362 Capit.
665 2332 779 2362 general.
797 2331 822 2354 in
843 2331 920 2354 Arch.
937 2334 998 2354 stat.
1019 2332 1177 2355 Luzernens.
1194 2331 1277 2354 abhas
1292 2331 1380 2354 Fontis
1396 2332 1512 2355 Danielis
1528 2332 1560 2354 nd
1577 2340 1619 2355 an.
1636 2332 1696 2355 1407
1713 2335 1820 2354 vocetur
1836 2339 1841 2354 z
1858 2339 1869 2354 a
1883 2339 1954 2361 mag.
1970 2330 2087 2361 theolog.
2102 2338 2126 2357 »ς
2142 2329 2258 2353 Jacobus

390 2383 451 2398 vero
464 2384 514 2398 non
530 2375 578 2398 suit
593 2376 728 2406 magister.
739 2389 771 2393 --
786 2374 811 2400 5.
828 2375 925 2399 Charta
942 2375 1063 2399 Univers.
1079 2383 1084 2398 t
1103 2384 1114 2398 α
1126 2376 1262 2399 Aubeville
1275 2384 1296 2400 ».
1311 2390 1341 2393 —
1352 2376 1376 2400 6.
1389 2377 1407 2399 I.
1421 2385 1443 2400 e.
1458 2377 1484 2399 S.
1501 2376 1624 2399 Maxentii
1638 2376 1797 2405 Pictavens.‚
1814 2375 1859 2399 ubi
1874 2375 1908 2399 ab
1923 2383 1966 2399 an.
1983 2375 2051 2403 1403,
2068 2374 2201 2405 Septemb.
2218 2375 2257 2403 24,

390 2420 480 2443 Petrus
496 2421 613 2450 (Baeton)
625 2420 707 2443 abbas
724 2420 773 2443 suit
784 2421 858 2451 (Reg.
868 2422 947 2443 Aven.
959 2420 1055 2444 Bened.
1066 2420 1135 2450 XIII,
1150 2421 1202 2444 voi.
1219 2421 1306 2450 XXXI,
1324 2421 1367 2444 sol.
1385 2422 1448 2450 516).
1462 2435 1492 2438 -
1502 2420 1525 2446 Ί.
1542 2421 1641 2444 Charta
1656 2421 1779 2444 Univers.
1788 2429 1794 2444 :
1804 2429 1815 2443 «
1828 2420 1986 2451 Geuss'roy...
1998 2427 2097 2451 pouvre
2110 2427 2131 2442 ι.
2143 2418 2258 2442 Geoffroi

391 2464 542 2495 Maupoivre
556 2464 659 2496 primus
676 2465 793 2488 medicus
814 2465 888 2487 ducis
904 2465 1075 2495 Burgundiae
1091 2465 1140 2487 suit
1161 2465 1223 2494 (vid.
1243 2465 1376 2493 CLERVAL‚
1399 2465 1450 2488 Les·
1468 2465 1552 2490 e'colcs
1567 2467 1600 2489 de
1618 2466 1760 2494 Chai-tres,
1776 2474 1804 2496 p.
1823 2466 1889 2494 ¹¹78).
1907 2478 1934 2482 -
1954 2464 1979 2489 8.
1999 2464 2097 2487 Charta
2114 2463 2256 2486 Universa

390 2517 400 2531 «
419 2509 519 2531 Audain
536 2517 557 2532 n.
573 2510 608 2532 De
629 2518 698 2540 mag.
721 2518 731 2532 ‹<
747 2510 828 2532 Adam
844 2510 875 2532 de
895 2509 1026 2540 Cambray
1043 2517 1054 2531 ))
1077 2509 1130 2532 vid.
1152 2510 1261 2533 Tun-rm(
1280 2509 1305 2532 in
1320 2510 1443 2533 Journal
1459 2511 1491 2533 de
1510 2510 1624 2534 Nic-olas
1641 2511 1674 2533 de
1692 2511 1777 2540 Baye,
1801 2510 1832 2538 11,
1850 2518 1876 2541 p.
1895 2510 1950 2538 272,
1968 2512 2021 2533 not..
2036 2508 2060 2532 1.
2075 2521 2103 2526 —
2119 2507 2143 2532 9.
2159 2507 2258 2531 Charta

390 2553 461 2584 prior
476 2554 572 2576 omittit
589 2563 599 2575 (ι
616 2557 641 2577 et
656 2562 814 2585 procurem-s
832 2562 853 2577 1).
874 2567 903 2571 -
921 2553 959 2578 10.
978 2562 989 2576 ((
1013 2554 1065 2577 Nos
1125 2554 1217 2585 prions
1234 2562 1283 2585 que
1299 2562 1310 2576 »
1326 2562 1378 2577 om.
1395 2554 1487 2577 charta
1506 2554 1627 2577 Univers.
1644 2568 1675 2572 —
1689 2553 1730 2579 11.
1750 2555 1800 2577 Pro
1824 2562 1833 2577 ι
1851 2553 1924 2577 aussi
1996 2559 2119 2584 royaume
2138 2560 2148 2575 n
2165 2552 2257 2575 charta

389 2598 460 2628 prior
478 2607 481 2620 1
499 2607 508 2620 α
527 2598 570 2629 qui
586 2607 650 2621 vous
665 2598 701 2621 ait
714 2607 744 2621 en
758 2607 786 2621 sa
800 2598 898 2621 saincte
917 2598 1060 2629 singuliere
1074 2606 1152 2629 grace
1169 2607 1189 2622 n.
1206 2612 1235 2616 -
1251 2598 1293 2623 12.
1309 2599 1369 2621 «En
1428 2598 1541 2622 Maturin
1555 2607 1566 2621 »
1581 2607 1633 2622 om.
1645 2599 1737 2622 charta
1750 2599 1833 2630 prior.

511 2926 549 2949 31.
