<?xml version="1.0" encoding="UTF-8"?>
<!DOCTYPE html PUBLIC "-//W3C//DTD XHTML 1.0 Transitional//EN"
    "http://www.w3.org/TR/xhtml1/DTD/xhtml1-transitional.dtd">
<html xmlns="http://www.w3.org/1999/xhtml" xml:lang="en" lang="en">
 <head>
  <title>
</title>
<meta http-equiv="Content-Type" content="text/html;charset=utf-8" />
  <meta name='ocr-system' content='tesseract 3.04.00' />
  <meta name='ocr-capabilities' content='ocr_page ocr_carea ocr_par ocr_line ocrx_word'/>
</head>
<body>
  <div class='ocr_page' id='page_1' title='image "./chartulariumuniv04univuoft_0026.png"; bbox 0 0 2502 3418; ppageno 0'>
   <div class='ocr_carea' id='block_1_1' title="bbox 375 321 1447 347">
    <p class='ocr_par' dir='ltr' id='par_1_1' title="bbox 375 321 1447 347">
     <span class='ocr_line' id='line_1_1' title="bbox 375 321 1447 347; baseline -0.005 0"><span class='ocrx_word' id='word_1_1' title='bbox 375 326 418 347; x_wconf 88' lang='lat' dir='ltr'>XX</span> <span class='ocrx_word' id='word_1_2' title='bbox 1155 321 1447 344; x_wconf 79' lang='lat' dir='ltr'>INTRODUCTlo.</span> 
     </span>
    </p>
   </div>
   <div class='ocr_carea' id='block_1_2' title="bbox 372 392 2250 1082">
    <p class='ocr_par' dir='ltr' id='par_1_2' title="bbox 372 392 2250 1082">
     <span class='ocr_line' id='line_1_2' title="bbox 375 392 2232 444; baseline -0.004 -9"><span class='ocrx_word' id='word_1_3' title='bbox 375 398 578 435; x_wconf 84' lang='lat' dir='ltr'>infirmitate</span> <span class='ocrx_word' id='word_1_4' title='bbox 596 398 755 434; x_wconf 82' lang='lat' dir='ltr'>Chuffart</span> <span class='ocrx_word' id='word_1_5' title='bbox 777 398 941 434; x_wconf 82' lang='lat' dir='ltr'>detentus</span> <span class='ocrx_word' id='word_1_6' title='bbox 962 397 1068 442; x_wconf 83' lang='lat' dir='ltr'>erat&#39;,</span> <span class='ocrx_word' id='word_1_7' title='bbox 1093 401 1131 432; x_wconf 89' lang='lat' dir='ltr'>ut</span> <span class='ocrx_word' id='word_1_8' title='bbox 1152 397 1228 444; x_wconf 90' lang='lat' dir='ltr'>ipse</span> <span class='ocrx_word' id='word_1_9' title='bbox 1248 396 1345 438; x_wconf 88' lang='lat' dir='ltr'>dicit,</span> <span class='ocrx_word' id='word_1_10' title='bbox 1364 400 1397 431; x_wconf 93' lang='lat' dir='ltr'>et</span> <span class='ocrx_word' id='word_1_11' title='bbox 1418 396 1515 431; x_wconf 89' lang='lat' dir='ltr'>senio</span> <span class='ocrx_word' id='word_1_12' title='bbox 1533 395 1750 438; x_wconf 80' lang='lat' dir='ltr'>confractus,</span> <span class='ocrx_word' id='word_1_13' title='bbox 1768 395 1818 430; x_wconf 91' lang='lat' dir='ltr'>ita</span> <span class='ocrx_word' id='word_1_14' title='bbox 1832 397 1955 429; x_wconf 87' lang='lat' dir='ltr'>utnon</span> <span class='ocrx_word' id='word_1_15' title='bbox 1977 393 2093 428; x_wconf 90' lang='lat' dir='ltr'>solum</span> <span class='ocrx_word' id='word_1_16' title='bbox 2115 392 2232 428; x_wconf 87' lang='lat' dir='ltr'>archi·</span> 
     </span>
     <span class='ocr_line' id='line_1_3' title="bbox 375 464 2231 516; baseline -0.003 -10"><span class='ocrx_word' id='word_1_17' title='bbox 375 470 603 506; x_wconf 87' lang='lat' dir='ltr'>diaconatum</span> <span class='ocrx_word' id='word_1_18' title='bbox 633 469 947 512; x_wconf 86' lang='lat' dir='ltr'>Silvanectensem,</span> <span class='ocrx_word' id='word_1_19' title='bbox 983 469 1038 504; x_wconf 90' lang='lat' dir='ltr'>cui</span> <span class='ocrx_word' id='word_1_20' title='bbox 1065 468 1138 516; x_wconf 91' lang='lat' dir='ltr'>jam</span> <span class='ocrx_word' id='word_1_21' title='bbox 1165 467 1340 503; x_wconf 87' lang='lat' dir='ltr'>deservire</span> <span class='ocrx_word' id='word_1_22' title='bbox 1361 466 1543 514; x_wconf 80' lang='lat' dir='ltr'>nequibat,</span> <span class='ocrx_word' id='word_1_23' title='bbox 1569 465 1799 509; x_wconf 78' lang='lat' dir='ltr'>abdicaverit,</span> <span class='ocrx_word' id='word_1_24' title='bbox 1829 465 1892 501; x_wconf 90' lang='lat' dir='ltr'>sed</span> <span class='ocrx_word' id='word_1_25' title='bbox 1913 464 2022 500; x_wconf 88' lang='lat' dir='ltr'>etiam</span> <span class='ocrx_word' id='word_1_26' title='bbox 2050 464 2086 499; x_wconf 93' lang='lat' dir='ltr'>in</span> <span class='ocrx_word' id='word_1_27' title='bbox 2113 464 2231 500; x_wconf 82' lang='lat' dir='ltr'>animo</span> 
     </span>
     <span class='ocr_line' id='line_1_4' title="bbox 376 535 2230 584; baseline -0.004 -7"><span class='ocrx_word' id='word_1_28' title='bbox 376 541 540 577; x_wconf 87' lang='lat' dir='ltr'>habuerit</span> <span class='ocrx_word' id='word_1_29' title='bbox 556 540 789 576; x_wconf 77' lang='lat' dir='ltr'>cancellariae</span> <span class='ocrx_word' id='word_1_30' title='bbox 811 539 996 574; x_wconf 88' lang='lat' dir='ltr'>Parisiensi</span> <span class='ocrx_word' id='word_1_31' title='bbox 1012 537 1253 582; x_wconf 78' lang='lat' dir='ltr'>renuntiare2,</span> <span class='ocrx_word' id='word_1_32' title='bbox 1272 538 1432 584; x_wconf 88' lang='lat' dir='ltr'>quamvis</span> <span class='ocrx_word' id='word_1_33' title='bbox 1457 541 1592 584; x_wconf 86' lang='lat' dir='ltr'>postea,</span> <span class='ocrx_word' id='word_1_34' title='bbox 1612 536 1760 572; x_wconf 83' lang='lat' dir='ltr'>sortasse</span> <span class='ocrx_word' id='word_1_35' title='bbox 1786 535 1898 571; x_wconf 85' lang='lat' dir='ltr'>salute</span> <span class='ocrx_word' id='word_1_36' title='bbox 1922 535 2128 579; x_wconf 86' lang='lat' dir='ltr'>instaurata,</span> <span class='ocrx_word' id='word_1_37' title='bbox 2153 546 2230 570; x_wconf 87' lang='lat' dir='ltr'>eam</span> 
     </span>
     <span class='ocr_line' id='line_1_5' title="bbox 379 606 2233 657; baseline -0.004 -9"><span class='ocrx_word' id='word_1_38' title='bbox 379 612 574 648; x_wconf 74' lang='lat' dir='ltr'>retinuerit.</span> <span class='ocrx_word' id='word_1_39' title='bbox 601 613 651 646; x_wconf 85' lang='lat' dir='ltr'>Ex</span> <span class='ocrx_word' id='word_1_40' title='bbox 678 614 821 646; x_wconf 87' lang='lat' dir='ltr'>auctore</span> <span class='ocrx_word' id='word_1_41' title='bbox 847 610 961 654; x_wconf 88' lang='lat' dir='ltr'>diarii,</span> <span class='ocrx_word' id='word_1_42' title='bbox 987 610 1046 657; x_wconf 91' lang='lat' dir='ltr'>qui</span> <span class='ocrx_word' id='word_1_43' title='bbox 1070 613 1155 645; x_wconf 90' lang='lat' dir='ltr'>tunc</span> <span class='ocrx_word' id='word_1_44' title='bbox 1175 609 1310 656; x_wconf 83' lang='lat' dir='ltr'>optima</span> <span class='ocrx_word' id='word_1_45' title='bbox 1335 608 1535 644; x_wconf 87' lang='lat' dir='ltr'>valetudine</span> <span class='ocrx_word' id='word_1_46' title='bbox 1559 608 1626 643; x_wconf 85' lang='lat' dir='ltr'>frui</span> <span class='ocrx_word' id='word_1_47' title='bbox 1647 607 1798 650; x_wconf 90' lang='lat' dir='ltr'>videtur,</span> <span class='ocrx_word' id='word_1_48' title='bbox 1820 610 1963 654; x_wconf 89' lang='lat' dir='ltr'>tempus</span> <span class='ocrx_word' id='word_1_49' title='bbox 1986 606 2075 642; x_wconf 83' lang='lat' dir='ltr'>illud</span> <span class='ocrx_word' id='word_1_50' title='bbox 2101 606 2233 642; x_wconf 87' lang='lat' dir='ltr'>descri-</span> 
     </span>
     <span class='ocr_line' id='line_1_6' title="bbox 376 677 2229 728; baseline -0.003 -10"><span class='ocrx_word' id='word_1_51' title='bbox 376 683 482 718; x_wconf 85' lang='lat' dir='ltr'>bente</span> <span class='ocrx_word' id='word_1_52' title='bbox 507 682 597 717; x_wconf 86' lang='lat' dir='ltr'>nihil</span> <span class='ocrx_word' id='word_1_53' title='bbox 613 681 727 717; x_wconf 89' lang='lat' dir='ltr'>simile</span> <span class='ocrx_word' id='word_1_54' title='bbox 742 693 863 717; x_wconf 87' lang='lat' dir='ltr'>eruere</span> <span class='ocrx_word' id='word_1_55' title='bbox 876 680 1004 728; x_wconf 89' lang='lat' dir='ltr'>possis,</span> <span class='ocrx_word' id='word_1_56' title='bbox 1022 681 1133 715; x_wconf 92' lang='lat' dir='ltr'>immo</span> <span class='ocrx_word' id='word_1_57' title='bbox 1146 683 1184 715; x_wconf 91' lang='lat' dir='ltr'>ut</span> <span class='ocrx_word' id='word_1_58' title='bbox 1201 678 1287 715; x_wconf 84' lang='lat' dir='ltr'>alias</span> <span class='ocrx_word' id='word_1_59' title='bbox 1305 679 1470 715; x_wconf 85' lang='lat' dir='ltr'>Carolum</span> <span class='ocrx_word' id='word_1_60' title='bbox 1486 680 1549 714; x_wconf 88' lang='lat' dir='ltr'>V11</span> <span class='ocrx_word' id='word_1_61' title='bbox 1566 679 1713 726; x_wconf 86' lang='lat' dir='ltr'>ejusque</span> <span class='ocrx_word' id='word_1_62' title='bbox 1728 678 1952 714; x_wconf 85' lang='lat' dir='ltr'>consiliarios</span> <span class='ocrx_word' id='word_1_63' title='bbox 1967 677 2229 725; x_wconf 80' lang='lat' dir='ltr'>persequitur³.</span> 
     </span>
     <span class='ocr_line' id='line_1_7' title="bbox 473 747 2233 800; baseline -0.002 -12"><span class='ocrx_word' id='word_1_64' title='bbox 473 753 648 800; x_wconf 90' lang='lat' dir='ltr'>Equidem</span> <span class='ocrx_word' id='word_1_65' title='bbox 662 752 810 787; x_wconf 86' lang='lat' dir='ltr'>minime</span> <span class='ocrx_word' id='word_1_66' title='bbox 827 751 930 788; x_wconf 90' lang='lat' dir='ltr'>nobis</span> <span class='ocrx_word' id='word_1_67' title='bbox 945 751 1126 798; x_wconf 78' lang='lat' dir='ltr'>prodesset</span> <span class='ocrx_word' id='word_1_68' title='bbox 1140 751 1338 787; x_wconf 90' lang='lat' dir='ltr'>Johannem</span> <span class='ocrx_word' id='word_1_69' title='bbox 1357 749 1514 785; x_wconf 87' lang='lat' dir='ltr'>Chuffart</span> <span class='ocrx_word' id='word_1_70' title='bbox 1537 750 1631 785; x_wconf 82' lang='lat' dir='ltr'>dicto</span> <span class='ocrx_word' id='word_1_71' title='bbox 1647 749 1758 785; x_wconf 88' lang='lat' dir='ltr'>diario</span> <span class='ocrx_word' id='word_1_72' title='bbox 1770 748 1912 792; x_wconf 87' lang='lat' dir='ltr'>orhare;</span> <span class='ocrx_word' id='word_1_73' title='bbox 1932 748 2133 784; x_wconf 88' lang='lat' dir='ltr'>econtrario</span> <span class='ocrx_word' id='word_1_74' title='bbox 2150 747 2233 784; x_wconf 91' lang='lat' dir='ltr'>huic</span> 
     </span>
     <span class='ocr_line' id='line_1_8' title="bbox 378 819 2250 872; baseline -0.003 -12"><span class='ocrx_word' id='word_1_75' title='bbox 378 824 496 860; x_wconf 79' lang='lat' dir='ltr'>festivo</span> <span class='ocrx_word' id='word_1_76' title='bbox 514 824 619 871; x_wconf 86' lang='lat' dir='ltr'>capiti</span> <span class='ocrx_word' id='word_1_77' title='bbox 634 823 813 871; x_wconf 79' lang='lat' dir='ltr'>quoddam</span> <span class='ocrx_word' id='word_1_78' title='bbox 830 835 917 870; x_wconf 86' lang='lat' dir='ltr'>opus</span> <span class='ocrx_word' id='word_1_79' title='bbox 933 822 1087 858; x_wconf 87' lang='lat' dir='ltr'>tribuere</span> <span class='ocrx_word' id='word_1_80' title='bbox 1103 821 1259 857; x_wconf 81' lang='lat' dir='ltr'>contenti</span> <span class='ocrx_word' id='word_1_81' title='bbox 1275 833 1452 864; x_wconf 86' lang='lat' dir='ltr'>essemus;</span> <span class='ocrx_word' id='word_1_82' title='bbox 1469 826 1502 856; x_wconf 92' lang='lat' dir='ltr'>at</span> <span class='ocrx_word' id='word_1_83' title='bbox 1518 821 1717 867; x_wconf 90' lang='lat' dir='ltr'>hucusque,</span> <span class='ocrx_word' id='word_1_84' title='bbox 1736 820 1909 856; x_wconf 86' lang='lat' dir='ltr'>sententia</span> <span class='ocrx_word' id='word_1_85' title='bbox 1927 822 2062 863; x_wconf 86' lang='lat' dir='ltr'>nostra,</span> <span class='ocrx_word' id='word_1_86' title='bbox 2079 819 2233 855; x_wconf 84' lang='lat' dir='ltr'>narratio</span> <span class='ocrx_word' id='word_1_87' title='bbox 2248 870 2250 872; x_wconf 17' lang='grc' dir='ltr'><strong><em>ι</em></strong></span> 
     </span>
     <span class='ocr_line' id='line_1_9' title="bbox 372 890 2235 942; baseline -0.003 -11"><span class='ocrx_word' id='word_1_88' title='bbox 372 895 526 931; x_wconf 81' lang='lat' dir='ltr'>Journal</span> <span class='ocrx_word' id='word_1_89' title='bbox 547 894 632 930; x_wconf 79' lang='lat' dir='ltr'>d&#39;un</span> <span class='ocrx_word' id='word_1_90' title='bbox 648 894 821 942; x_wconf 74' lang='lat' dir='ltr'>bourqeois</span> <span class='ocrx_word' id='word_1_91' title='bbox 837 893 895 929; x_wconf 83' lang='lat' dir='ltr'>alii</span> <span class='ocrx_word' id='word_1_92' title='bbox 910 905 982 929; x_wconf 91' lang='lat' dir='ltr'>non</span> <span class='ocrx_word' id='word_1_93' title='bbox 994 893 1196 941; x_wconf 87' lang='lat' dir='ltr'>peregrino,</span> <span class='ocrx_word' id='word_1_94' title='bbox 1214 903 1286 928; x_wconf 90' lang='lat' dir='ltr'>non</span> <span class='ocrx_word' id='word_1_95' title='bbox 1303 892 1463 936; x_wconf 87' lang='lat' dir='ltr'>Picardo,</span> <span class='ocrx_word' id='word_1_96' title='bbox 1480 891 1543 927; x_wconf 90' lang='lat' dir='ltr'>sed</span> <span class='ocrx_word' id='word_1_97' title='bbox 1561 891 1703 927; x_wconf 86' lang='lat' dir='ltr'>cuidam</span> <span class='ocrx_word' id='word_1_98' title='bbox 1721 891 1907 926; x_wconf 87' lang='lat' dir='ltr'>Parisiensi</span> <span class='ocrx_word' id='word_1_99' title='bbox 1924 891 1991 926; x_wconf 90' lang='lat' dir='ltr'>civi</span> <span class='ocrx_word' id='word_1_100' title='bbox 2016 890 2140 938; x_wconf 84' lang='lat' dir='ltr'>utique</span> <span class='ocrx_word' id='word_1_101' title='bbox 2160 890 2235 926; x_wconf 88' lang='lat' dir='ltr'>cle-</span> 
     </span>
     <span class='ocr_line' id='line_1_10' title="bbox 376 962 2233 1013; baseline -0.003 -11"><span class='ocrx_word' id='word_1_102' title='bbox 376 967 462 1011; x_wconf 84' lang='lat' dir='ltr'>rico,</span> <span class='ocrx_word' id='word_1_103' title='bbox 489 966 549 1013; x_wconf 91' lang='lat' dir='ltr'>qui</span> <span class='ocrx_word' id='word_1_104' title='bbox 569 966 622 1000; x_wconf 84' lang='lat' dir='ltr'>vix</span> <span class='ocrx_word' id='word_1_105' title='bbox 638 977 658 1001; x_wconf 91' lang='lat' dir='ltr'>a</span> <span class='ocrx_word' id='word_1_106' title='bbox 673 964 814 1000; x_wconf 87' lang='lat' dir='ltr'>Parisiis</span> <span class='ocrx_word' id='word_1_107' title='bbox 831 964 958 1000; x_wconf 79' lang='lat' dir='ltr'>absens</span> <span class='ocrx_word' id='word_1_108' title='bbox 975 964 1053 1008; x_wconf 82' lang='lat' dir='ltr'>fuit,</span> <span class='ocrx_word' id='word_1_109' title='bbox 1072 964 1319 1011; x_wconf 87' lang='lat' dir='ltr'>relinquenda.</span> <span class='ocrx_word' id='word_1_110' title='bbox 1342 963 1512 1004; x_wconf 83' lang='lat' dir='ltr'>Quisnam</span> <span class='ocrx_word' id='word_1_111' title='bbox 1527 974 1609 998; x_wconf 87' lang='lat' dir='ltr'>vero</span> <span class='ocrx_word' id='word_1_112' title='bbox 1625 963 1669 997; x_wconf 84' lang='lat' dir='ltr'>sit</span> <span class='ocrx_word' id='word_1_113' title='bbox 1685 966 1822 1005; x_wconf 78' lang='lat' dir='ltr'>auctor,</span> <span class='ocrx_word' id='word_1_114' title='bbox 1842 962 2087 1009; x_wconf 79' lang='lat' dir='ltr'>conjecturam</span> <span class='ocrx_word' id='word_1_115' title='bbox 2108 972 2233 997; x_wconf 84' lang='lat' dir='ltr'>novam</span> 
     </span>
     <span class='ocr_line' id='line_1_11' title="bbox 375 1032 2233 1082; baseline -0.003 -9"><span class='ocrx_word' id='word_1_116' title='bbox 375 1037 502 1073; x_wconf 81' lang='lat' dir='ltr'>afferre</span> <span class='ocrx_word' id='word_1_117' title='bbox 525 1037 705 1080; x_wconf 86' lang='lat' dir='ltr'>nolumus,</span> <span class='ocrx_word' id='word_1_118' title='bbox 725 1048 807 1072; x_wconf 89' lang='lat' dir='ltr'>cum</span> <span class='ocrx_word' id='word_1_119' title='bbox 831 1035 933 1072; x_wconf 88' lang='lat' dir='ltr'>nobis</span> <span class='ocrx_word' id='word_1_120' title='bbox 954 1035 1114 1071; x_wconf 85' lang='lat' dir='ltr'>videatur</span> <span class='ocrx_word' id='word_1_121' title='bbox 1134 1035 1225 1070; x_wconf 92' lang='lat' dir='ltr'>illud</span> <span class='ocrx_word' id='word_1_122' title='bbox 1245 1034 1409 1078; x_wconf 83' lang='lat' dir='ltr'>diarium,</span> <span class='ocrx_word' id='word_1_123' title='bbox 1428 1034 1524 1069; x_wconf 91' lang='lat' dir='ltr'>velut</span> <span class='ocrx_word' id='word_1_124' title='bbox 1544 1034 1691 1069; x_wconf 83' lang='lat' dir='ltr'>historia</span> <span class='ocrx_word' id='word_1_125' title='bbox 1714 1033 1881 1081; x_wconf 84' lang='lat' dir='ltr'>Religiosi</span> <span class='ocrx_word' id='word_1_126' title='bbox 1900 1034 1935 1068; x_wconf 90' lang='lat' dir='ltr'>S.</span> <span class='ocrx_word' id='word_1_127' title='bbox 1955 1032 2127 1082; x_wconf 79' lang='lat' dir='ltr'>Dionysii,</span> <span class='ocrx_word' id='word_1_128' title='bbox 2141 1044 2233 1080; x_wconf 85' lang='lat' dir='ltr'>pau-</span> 
     </span>
    </p>
   </div>
   <div class='ocr_carea' id='block_1_3' title="bbox 375 1105 1992 1153">
    <p class='ocr_par' dir='ltr' id='par_1_3' title="bbox 375 1105 1992 1153">
     <span class='ocr_line' id='line_1_12' title="bbox 375 1105 1992 1153; baseline -0.002 -9"><span class='ocrx_word' id='word_1_129' title='bbox 375 1109 471 1144; x_wconf 86' lang='lat' dir='ltr'>ciora</span> <span class='ocrx_word' id='word_1_130' title='bbox 488 1107 619 1143; x_wconf 87' lang='lat' dir='ltr'>indicia</span> <span class='ocrx_word' id='word_1_131' title='bbox 638 1108 674 1143; x_wconf 92' lang='lat' dir='ltr'>in</span> <span class='ocrx_word' id='word_1_132' title='bbox 694 1110 789 1143; x_wconf 81' lang='lat' dir='ltr'>textu</span> <span class='ocrx_word' id='word_1_133' title='bbox 809 1118 872 1142; x_wconf 69' lang='lat' dir='ltr'>suo</span> <span class='ocrx_word' id='word_1_134' title='bbox 893 1106 1087 1150; x_wconf 88' lang='lat' dir='ltr'>continere,</span> <span class='ocrx_word' id='word_1_135' title='bbox 1111 1117 1219 1153; x_wconf 87' lang='lat' dir='ltr'>quam</span> <span class='ocrx_word' id='word_1_136' title='bbox 1239 1109 1276 1141; x_wconf 87' lang='lat' dir='ltr'>ut</span> <span class='ocrx_word' id='word_1_137' title='bbox 1296 1105 1488 1141; x_wconf 80' lang='lat' dir='ltr'>affirmatio</span> <span class='ocrx_word' id='word_1_138' title='bbox 1511 1105 1711 1141; x_wconf 86' lang='lat' dir='ltr'>decretoria</span> <span class='ocrx_word' id='word_1_139' title='bbox 1730 1105 1992 1152; x_wconf 77' lang='lat' dir='ltr'>pronuntietur.</span> 
     </span>
    </p>
   </div>
   <div class='ocr_carea' id='block_1_4' title="bbox 376 1233 2234 1283">
    <p class='ocr_par' dir='ltr' id='par_1_4' title="bbox 376 1233 2234 1283">
     <span class='ocr_line' id='line_1_13' title="bbox 376 1233 2234 1283; baseline -0.002 -12"><span class='ocrx_word' id='word_1_140' title='bbox 376 1238 411 1271; x_wconf 75' lang='lat'>4.</span> <span class='ocrx_word' id='word_1_141' title='bbox 447 1237 545 1272; x_wconf 77' lang='lat' dir='ltr'>Num</span> <span class='ocrx_word' id='word_1_142' title='bbox 572 1236 683 1283; x_wconf 80' lang='lat' dir='ltr'>fuerit</span> <span class='ocrx_word' id='word_1_143' title='bbox 710 1235 891 1271; x_wconf 75' lang='lat' dir='ltr'>cardinalis</span> <span class='ocrx_word' id='word_1_144' title='bbox 919 1234 1124 1271; x_wconf 80' lang='lat' dir='ltr'>Guz&#39;llelmus</span> <span class='ocrx_word' id='word_1_145' title='bbox 1150 1234 1190 1270; x_wconf 81' lang='lat' dir='ltr'>a&#39;e</span> <span class='ocrx_word' id='word_1_146' title='bbox 1215 1234 1444 1271; x_wconf 78' lang='lat' dir='ltr'>Estoutevilla</span> <span class='ocrx_word' id='word_1_147' title='bbox 1472 1233 1658 1269; x_wconf 74' lang='lat' dir='ltr'>monachus</span> <span class='ocrx_word' id='word_1_148' title='bbox 1684 1234 1922 1270; x_wconf 76' lang='lat' dir='ltr'>cluniacensis</span> <span class='ocrx_word' id='word_1_149' title='bbox 1945 1239 1978 1269; x_wconf 83' lang='lat' dir='ltr'>et</span> <span class='ocrx_word' id='word_1_150' title='bbox 1998 1233 2234 1281; x_wconf 58' lang='lat' dir='ltr'>octogenarius</span> 
     </span>
    </p>
   </div>
   <div class='ocr_carea' id='block_1_5' title="bbox 1173 1306 1424 1354">
    <p class='ocr_par' dir='ltr' id='par_1_5' title="bbox 1173 1306 1424 1354">
     <span class='ocr_line' id='line_1_14' title="bbox 1173 1306 1424 1354; baseline -0.004 -13"><span class='ocrx_word' id='word_1_151' title='bbox 1173 1306 1242 1342; x_wconf 79' lang='lat' dir='ltr'>vita</span> <span class='ocrx_word' id='word_1_152' title='bbox 1261 1306 1424 1354; x_wconf 74' lang='lat' dir='ltr'>functus.</span> 
     </span>
    </p>
   </div>
   <div class='ocr_carea' id='block_1_6' title="bbox 369 1405 2235 2235">
    <p class='ocr_par' dir='ltr' id='par_1_6' title="bbox 369 1405 2235 2235">
     <span class='ocr_line' id='line_1_15' title="bbox 470 1405 2233 1454; baseline -0.001 -11"><span class='ocrx_word' id='word_1_153' title='bbox 470 1408 622 1444; x_wconf 88' lang='lat' dir='ltr'>Vincula</span> <span class='ocrx_word' id='word_1_154' title='bbox 635 1407 762 1454; x_wconf 87' lang='lat' dir='ltr'>quibus</span> <span class='ocrx_word' id='word_1_155' title='bbox 779 1407 967 1443; x_wconf 86' lang='lat' dir='ltr'>cardinalis</span> <span class='ocrx_word' id='word_1_156' title='bbox 983 1407 1042 1442; x_wconf 89' lang='lat' dir='ltr'>ille</span> <span class='ocrx_word' id='word_1_157' title='bbox 1059 1419 1140 1443; x_wconf 88' lang='lat' dir='ltr'>cum</span> <span class='ocrx_word' id='word_1_158' title='bbox 1155 1407 1387 1443; x_wconf 84' lang='lat' dir='ltr'>Universitate</span> <span class='ocrx_word' id='word_1_159' title='bbox 1399 1407 1510 1443; x_wconf 88' lang='lat' dir='ltr'>Paris.</span> <span class='ocrx_word' id='word_1_160' title='bbox 1523 1407 1666 1454; x_wconf 89' lang='lat' dir='ltr'>junctus</span> <span class='ocrx_word' id='word_1_161' title='bbox 1681 1410 1734 1442; x_wconf 90' lang='lat' dir='ltr'>est</span> <span class='ocrx_word' id='word_1_162' title='bbox 1748 1410 1782 1442; x_wconf 91' lang='lat' dir='ltr'>et</span> <span class='ocrx_word' id='word_1_163' title='bbox 1796 1405 2035 1442; x_wconf 88' lang='lat' dir='ltr'>rehabilitatio</span> <span class='ocrx_word' id='word_1_164' title='bbox 2048 1406 2233 1442; x_wconf 81' lang='lat' dir='ltr'>Johannae</span> 
     </span>
     <span class='ocr_line' id='line_1_16' title="bbox 373 1476 2231 1530; baseline -0.001 -16"><span class='ocrx_word' id='word_1_165' title='bbox 373 1479 475 1514; x_wconf 88' lang='lat' dir='ltr'>d&#39;Arc</span> <span class='ocrx_word' id='word_1_166' title='bbox 492 1479 534 1514; x_wconf 89' lang='lat' dir='ltr'>ah</span> <span class='ocrx_word' id='word_1_167' title='bbox 551 1490 593 1514; x_wconf 91' lang='lat' dir='ltr'>eo</span> <span class='ocrx_word' id='word_1_168' title='bbox 607 1490 662 1514; x_wconf 92' lang='lat' dir='ltr'>an.</span> <span class='ocrx_word' id='word_1_169' title='bbox 682 1481 773 1514; x_wconf 77' lang='lat'><strong>1452</strong></span> <span class='ocrx_word' id='word_1_170' title='bbox 787 1479 928 1525; x_wconf 84' lang='lat' dir='ltr'>incepta</span> <span class='ocrx_word' id='word_1_171' title='bbox 940 1489 1006 1513; x_wconf 91' lang='lat' dir='ltr'>nos</span> <span class='ocrx_word' id='word_1_172' title='bbox 1017 1478 1235 1525; x_wconf 90' lang='lat' dir='ltr'>impulerunt</span> <span class='ocrx_word' id='word_1_173' title='bbox 1248 1482 1285 1513; x_wconf 91' lang='lat' dir='ltr'>ut</span> <span class='ocrx_word' id='word_1_174' title='bbox 1295 1478 1401 1514; x_wconf 83' lang='lat' dir='ltr'>vitam</span> <span class='ocrx_word' id='word_1_175' title='bbox 1413 1478 1509 1513; x_wconf 91' lang='lat' dir='ltr'>illius</span> <span class='ocrx_word' id='word_1_176' title='bbox 1526 1478 1640 1525; x_wconf 83' lang='lat' dir='ltr'>magis</span> <span class='ocrx_word' id='word_1_177' title='bbox 1656 1477 1994 1530; x_wconf 42' lang='lat' dir='ltr'>perscrutaremur&amp;</span> <span class='ocrx_word' id='word_1_178' title='bbox 2008 1478 2059 1512; x_wconf 89' lang='lat' dir='ltr'>De</span> <span class='ocrx_word' id='word_1_179' title='bbox 2070 1488 2140 1524; x_wconf 90' lang='lat' dir='ltr'>quo</span> <span class='ocrx_word' id='word_1_180' title='bbox 2149 1476 2231 1512; x_wconf 88' lang='lat' dir='ltr'>varii</span> 
     </span>
     <span class='ocr_line' id='line_1_17' title="bbox 372 1548 2233 1597; baseline -0.001 -12"><span class='ocrx_word' id='word_1_181' title='bbox 372 1562 508 1586; x_wconf 89' lang='lat' dir='ltr'>errores</span> <span class='ocrx_word' id='word_1_182' title='bbox 532 1549 712 1597; x_wconf 81' lang='lat' dir='ltr'>propagati</span> <span class='ocrx_word' id='word_1_183' title='bbox 739 1553 832 1584; x_wconf 87' lang='lat' dir='ltr'>sunt.</span> <span class='ocrx_word' id='word_1_184' title='bbox 862 1551 949 1584; x_wconf 84' lang='lat' dir='ltr'>Fere</span> <span class='ocrx_word' id='word_1_185' title='bbox 968 1549 1032 1584; x_wconf 92' lang='lat' dir='ltr'>tria</span> <span class='ocrx_word' id='word_1_186' title='bbox 1055 1549 1197 1585; x_wconf 87' lang='lat' dir='ltr'>saecula</span> <span class='ocrx_word' id='word_1_187' title='bbox 1213 1549 1390 1584; x_wconf 86' lang='lat' dir='ltr'>fluxerunt</span> <span class='ocrx_word' id='word_1_188' title='bbox 1412 1561 1452 1584; x_wconf 88' lang='lat' dir='ltr'>ex</span> <span class='ocrx_word' id='word_1_189' title='bbox 1479 1560 1548 1595; x_wconf 90' lang='lat' dir='ltr'>quo</span> <span class='ocrx_word' id='word_1_190' title='bbox 1570 1548 1760 1584; x_wconf 88' lang='lat' dir='ltr'>cardinalis</span> <span class='ocrx_word' id='word_1_191' title='bbox 1785 1551 2009 1595; x_wconf 88' lang='lat' dir='ltr'>nuncupatur</span> <span class='ocrx_word' id='word_1_192' title='bbox 2035 1548 2233 1584; x_wconf 90' lang='lat' dir='ltr'>monachus</span> 
     </span>
     <span class='ocr_line' id='line_1_18' title="bbox 371 1618 2233 1667; baseline -0.001 -11"><span class='ocrx_word' id='word_1_193' title='bbox 371 1621 613 1656; x_wconf 84' lang='lat' dir='ltr'>Cluniacensis</span> <span class='ocrx_word' id='word_1_194' title='bbox 626 1624 661 1656; x_wconf 89' lang='lat' dir='ltr'>et</span> <span class='ocrx_word' id='word_1_195' title='bbox 677 1620 821 1667; x_wconf 89' lang='lat' dir='ltr'>quidem</span> <span class='ocrx_word' id='word_1_196' title='bbox 835 1621 870 1655; x_wconf 94' lang='lat' dir='ltr'>in</span> <span class='ocrx_word' id='word_1_197' title='bbox 886 1620 1041 1667; x_wconf 84' lang='lat' dir='ltr'>prioratu</span> <span class='ocrx_word' id='word_1_198' title='bbox 1060 1621 1095 1655; x_wconf 89' lang='lat' dir='ltr'>S.</span> <span class='ocrx_word' id='word_1_199' title='bbox 1115 1620 1254 1655; x_wconf 88' lang='lat' dir='ltr'>Martini</span> <span class='ocrx_word' id='word_1_200' title='bbox 1271 1620 1315 1655; x_wconf 90' lang='lat' dir='ltr'>de</span> <span class='ocrx_word' id='word_1_201' title='bbox 1333 1620 1488 1667; x_wconf 90' lang='lat' dir='ltr'>Campis,</span> <span class='ocrx_word' id='word_1_202' title='bbox 1507 1619 1542 1654; x_wconf 94' lang='lat' dir='ltr'>in</span> <span class='ocrx_word' id='word_1_203' title='bbox 1554 1631 1623 1666; x_wconf 92' lang='lat' dir='ltr'>quo</span> <span class='ocrx_word' id='word_1_204' title='bbox 1640 1622 1764 1667; x_wconf 89' lang='lat' dir='ltr'>postea</span> <span class='ocrx_word' id='word_1_205' title='bbox 1779 1619 1875 1666; x_wconf 90' lang='lat' dir='ltr'>prior</span> <span class='ocrx_word' id='word_1_206' title='bbox 1889 1619 2087 1655; x_wconf 85' lang='lat' dir='ltr'>claustralis</span> <span class='ocrx_word' id='word_1_207' title='bbox 2104 1618 2233 1655; x_wconf 88' lang='lat' dir='ltr'>dicitur</span> 
     </span>
     <span class='ocr_line' id='line_1_19' title="bbox 371 1690 2233 1738; baseline -0.001 -11"><span class='ocrx_word' id='word_1_208' title='bbox 371 1692 491 1736; x_wconf 87' lang='lat' dir='ltr'>fuisse,</span> <span class='ocrx_word' id='word_1_209' title='bbox 516 1692 738 1727; x_wconf 88' lang='lat' dir='ltr'>decretorum</span> <span class='ocrx_word' id='word_1_210' title='bbox 754 1692 889 1735; x_wconf 87' lang='lat' dir='ltr'>doctor,</span> <span class='ocrx_word' id='word_1_211' title='bbox 913 1703 953 1727; x_wconf 91' lang='lat' dir='ltr'>ac</span> <span class='ocrx_word' id='word_1_212' title='bbox 976 1691 1119 1726; x_wconf 89' lang='lat' dir='ltr'>demum</span> <span class='ocrx_word' id='word_1_213' title='bbox 1142 1690 1344 1726; x_wconf 88' lang='lat' dir='ltr'>cardinalis.</span> <span class='ocrx_word' id='word_1_214' title='bbox 1370 1691 1521 1734; x_wconf 81' lang='lat' dir='ltr'>Primus,</span> <span class='ocrx_word' id='word_1_215' title='bbox 1541 1694 1712 1738; x_wconf 86' lang='lat' dir='ltr'>quantum</span> <span class='ocrx_word' id='word_1_216' title='bbox 1738 1690 1883 1735; x_wconf 81' lang='lat' dir='ltr'>scimus,</span> <span class='ocrx_word' id='word_1_217' title='bbox 1901 1690 1971 1726; x_wconf 89' lang='lat' dir='ltr'>hoc</span> <span class='ocrx_word' id='word_1_218' title='bbox 1986 1691 2138 1726; x_wconf 85' lang='lat' dir='ltr'>asseruit</span> <span class='ocrx_word' id='word_1_219' title='bbox 2155 1691 2233 1726; x_wconf 69' lang='grc' dir='ltr'><strong>ΒΙΑ-</strong></span> 
     </span>
     <span class='ocr_line' id='line_1_20' title="bbox 370 1761 2230 1809; baseline -0.001 -11"><span class='ocrx_word' id='word_1_220' title='bbox 370 1762 528 1799; x_wconf 69' lang='lat' dir='ltr'>CONIL’55.</span> <span class='ocrx_word' id='word_1_221' title='bbox 547 1762 713 1798; x_wconf 85' lang='lat' dir='ltr'>Nominat</span> <span class='ocrx_word' id='word_1_222' title='bbox 730 1766 847 1797; x_wconf 86' lang='lat' dir='ltr'>autem</span> <span class='ocrx_word' id='word_1_223' title='bbox 864 1762 1093 1797; x_wconf 88' lang='lat' dir='ltr'>Guillelmum</span> <span class='ocrx_word' id='word_1_224' title='bbox 1125 1776 1138 1793; x_wconf 70' lang='grc' dir='ltr'>ι(</span> <span class='ocrx_word' id='word_1_225' title='bbox 1155 1762 1289 1797; x_wconf 84' lang='lat' dir='ltr'>decret.</span> <span class='ocrx_word' id='word_1_226' title='bbox 1308 1762 1505 1806; x_wconf 89' lang='lat' dir='ltr'>doctorem,</span> <span class='ocrx_word' id='word_1_227' title='bbox 1524 1762 1741 1798; x_wconf 87' lang='lat' dir='ltr'>monachum</span> <span class='ocrx_word' id='word_1_228' title='bbox 1757 1765 1792 1797; x_wconf 86' lang='lat' dir='ltr'>et</span> <span class='ocrx_word' id='word_1_229' title='bbox 1807 1761 1960 1809; x_wconf 87' lang='lat' dir='ltr'>priorem</span> <span class='ocrx_word' id='word_1_230' title='bbox 1980 1762 2015 1797; x_wconf 89' lang='lat' dir='ltr'>S.</span> <span class='ocrx_word' id='word_1_231' title='bbox 2031 1761 2169 1797; x_wconf 83' lang='lat' dir='ltr'>Martini</span> <span class='ocrx_word' id='word_1_232' title='bbox 2187 1761 2230 1797; x_wconf 88' lang='lat' dir='ltr'>de</span> 
     </span>
     <span class='ocr_line' id='line_1_21' title="bbox 371 1832 2231 1880; baseline 0 -11"><span class='ocrx_word' id='word_1_233' title='bbox 371 1834 511 1880; x_wconf 84' lang='lat' dir='ltr'>Campis</span> <span class='ocrx_word' id='word_1_234' title='bbox 527 1834 634 1869; x_wconf 88' lang='lat' dir='ltr'>Paris.</span> <span class='ocrx_word' id='word_1_235' title='bbox 656 1849 687 1869; x_wconf 84' lang='lat'>&gt;›.</span> <span class='ocrx_word' id='word_1_236' title='bbox 704 1835 749 1869; x_wconf 89' lang='lat' dir='ltr'>M.</span> <span class='ocrx_word' id='word_1_237' title='bbox 767 1832 951 1869; x_wconf 69' lang='lat' dir='ltr'>MAnnfflnss</span> <span class='ocrx_word' id='word_1_238' title='bbox 965 1845 1022 1868; x_wconf 85' lang='lat' dir='ltr'>an.</span> <span class='ocrx_word' id='word_1_239' title='bbox 1045 1836 1136 1869; x_wconf 88' lang='grc'>1606</span> <span class='ocrx_word' id='word_1_240' title='bbox 1150 1833 1191 1869; x_wconf 84' lang='lat' dir='ltr'>ad</span> <span class='ocrx_word' id='word_1_241' title='bbox 1210 1845 1266 1869; x_wconf 87' lang='lat' dir='ltr'>an.</span> <span class='ocrx_word' id='word_1_242' title='bbox 1289 1835 1379 1869; x_wconf 77' lang='lat'><strong>1473</strong></span> <span class='ocrx_word' id='word_1_243' title='bbox 1397 1833 1512 1869; x_wconf 88' lang='lat' dir='ltr'>solum</span> <span class='ocrx_word' id='word_1_244' title='bbox 1532 1833 1634 1869; x_wconf 80' lang='lat' dir='ltr'>affert</span> <span class='ocrx_word' id='word_1_245' title='bbox 1646 1833 1741 1869; x_wconf 87' lang='lat' dir='ltr'>eard.</span> <span class='ocrx_word' id='word_1_246' title='bbox 1761 1833 1994 1868; x_wconf 90' lang='lat' dir='ltr'>Guillelmum</span> <span class='ocrx_word' id='word_1_247' title='bbox 2018 1847 2031 1866; x_wconf 89' lang='lat'>«</span> <span class='ocrx_word' id='word_1_248' title='bbox 2047 1833 2090 1869; x_wconf 91' lang='lat' dir='ltr'>de</span> <span class='ocrx_word' id='word_1_249' title='bbox 2106 1835 2231 1870; x_wconf 87' lang='lat' dir='ltr'>Toute-</span> 
     </span>
     <span class='ocr_line' id='line_1_22' title="bbox 369 1903 2230 1951; baseline 0.001 -12"><span class='ocrx_word' id='word_1_250' title='bbox 369 1904 446 1939; x_wconf 90' lang='lat' dir='ltr'>ville</span> <span class='ocrx_word' id='word_1_251' title='bbox 471 1919 486 1936; x_wconf 83' lang='lat'>»</span> <span class='ocrx_word' id='word_1_252' title='bbox 507 1908 544 1939; x_wconf 95' lang='lat' dir='ltr'>ut</span> <span class='ocrx_word' id='word_1_253' title='bbox 558 1905 710 1951; x_wconf 87' lang='lat' dir='ltr'>priorem</span> <span class='ocrx_word' id='word_1_254' title='bbox 727 1904 1080 1948; x_wconf 82' lang='lat' dir='ltr'>commendatarium,</span> <span class='ocrx_word' id='word_1_255' title='bbox 1104 1916 1167 1940; x_wconf 85' lang='lat' dir='ltr'>nec</span> <span class='ocrx_word' id='word_1_256' title='bbox 1187 1909 1270 1940; x_wconf 90' lang='lat' dir='ltr'>tunc</span> <span class='ocrx_word' id='word_1_257' title='bbox 1286 1904 1318 1940; x_wconf 90' lang='lat' dir='ltr'>ei</span> <span class='ocrx_word' id='word_1_258' title='bbox 1340 1904 1449 1940; x_wconf 88' lang='lat' dir='ltr'>alium</span> <span class='ocrx_word' id='word_1_259' title='bbox 1465 1904 1584 1940; x_wconf 88' lang='lat' dir='ltr'>locum</span> <span class='ocrx_word' id='word_1_260' title='bbox 1605 1904 1640 1939; x_wconf 89' lang='lat' dir='ltr'>in</span> <span class='ocrx_word' id='word_1_261' title='bbox 1658 1905 1824 1951; x_wconf 71' lang='lat' dir='ltr'>Catalogyo</span> <span class='ocrx_word' id='word_1_262' title='bbox 1838 1903 2018 1949; x_wconf 81' lang='lat' dir='ltr'>priorum⁷</span> <span class='ocrx_word' id='word_1_263' title='bbox 2036 1905 2071 1940; x_wconf 91' lang='lat' dir='ltr'>S.</span> <span class='ocrx_word' id='word_1_264' title='bbox 2091 1904 2230 1940; x_wconf 83' lang='lat' dir='ltr'>Martini</span> 
     </span>
     <span class='ocr_line' id='line_1_23' title="bbox 370 1975 2228 2023; baseline 0.001 -13"><span class='ocrx_word' id='word_1_265' title='bbox 370 1975 412 2010; x_wconf 89' lang='lat' dir='ltr'>de</span> <span class='ocrx_word' id='word_1_266' title='bbox 430 1976 571 2022; x_wconf 91' lang='lat' dir='ltr'>Campis</span> <span class='ocrx_word' id='word_1_267' title='bbox 585 1975 751 2022; x_wconf 78' lang='lat' dir='ltr'>assignat,</span> <span class='ocrx_word' id='word_1_268' title='bbox 766 1987 883 2022; x_wconf 86' lang='lat' dir='ltr'>neque</span> <span class='ocrx_word' id='word_1_269' title='bbox 896 1987 979 2010; x_wconf 91' lang='lat' dir='ltr'>eum</span> <span class='ocrx_word' id='word_1_270' title='bbox 993 1976 1207 2011; x_wconf 88' lang='lat' dir='ltr'>monachum</span> <span class='ocrx_word' id='word_1_271' title='bbox 1221 1975 1342 2010; x_wconf 81' lang='lat' dir='ltr'>eflicit.</span> <span class='ocrx_word' id='word_1_272' title='bbox 1359 1975 1503 2011; x_wconf 89' lang='lat' dir='ltr'>Interim</span> <span class='ocrx_word' id='word_1_273' title='bbox 1519 1975 1563 2011; x_wconf 85' lang='lat' dir='ltr'>ad</span> <span class='ocrx_word' id='word_1_274' title='bbox 1577 1976 1653 2023; x_wconf 87' lang='lat' dir='ltr'>ejus</span> <span class='ocrx_word' id='word_1_275' title='bbox 1667 1976 1789 2012; x_wconf 91' lang='lat' dir='ltr'>oculos</span> <span class='ocrx_word' id='word_1_276' title='bbox 1805 1976 1946 2011; x_wconf 83' lang='lat' dir='ltr'>advenit</span> <span class='ocrx_word' id='word_1_277' title='bbox 1957 1987 2046 2023; x_wconf 91' lang='lat' dir='ltr'>opus</span> <span class='ocrx_word' id='word_1_278' title='bbox 2060 1975 2228 2020; x_wconf 87' lang='lat' dir='ltr'>Ciacouii,</span> 
     </span>
     <span class='ocr_line' id='line_1_24' title="bbox 369 2045 2235 2094; baseline 0.001 -14"><span class='ocrx_word' id='word_1_279' title='bbox 369 2049 404 2081; x_wconf 93' lang='lat' dir='ltr'>et</span> <span class='ocrx_word' id='word_1_280' title='bbox 430 2047 465 2080; x_wconf 91' lang='lat' dir='ltr'>in</span> <span class='ocrx_word' id='word_1_281' title='bbox 484 2045 721 2092; x_wconf 74' lang='lat' dir='ltr'>praesatione⁸</span> <span class='ocrx_word' id='word_1_282' title='bbox 747 2046 790 2081; x_wconf 92' lang='lat' dir='ltr'>ad</span> <span class='ocrx_word' id='word_1_283' title='bbox 810 2046 1057 2082; x_wconf 78' lang='lat' dir='ltr'>Biblz&#39;othecam</span> <span class='ocrx_word' id='word_1_284' title='bbox 1083 2046 1344 2082; x_wconf 76' lang='lat' dir='ltr'>Clzmiacensem</span> <span class='ocrx_word' id='word_1_285' title='bbox 1362 2058 1418 2081; x_wconf 88' lang='lat' dir='ltr'>an.</span> <span class='ocrx_word' id='word_1_286' title='bbox 1444 2049 1549 2091; x_wconf 79' lang='grc'>1614,</span> <span class='ocrx_word' id='word_1_287' title='bbox 1576 2050 1610 2082; x_wconf 90' lang='lat' dir='ltr'>et</span> <span class='ocrx_word' id='word_1_288' title='bbox 1633 2050 1757 2094; x_wconf 88' lang='lat' dir='ltr'>postea</span> <span class='ocrx_word' id='word_1_289' title='bbox 1777 2046 1813 2081; x_wconf 92' lang='lat' dir='ltr'>in</span> <span class='ocrx_word' id='word_1_290' title='bbox 1834 2059 1898 2083; x_wconf 91' lang='lat' dir='ltr'>suo</span> <span class='ocrx_word' id='word_1_291' title='bbox 1914 2046 2006 2083; x_wconf 88' lang='lat' dir='ltr'>libro</span> <span class='ocrx_word' id='word_1_292' title='bbox 2025 2047 2235 2083; x_wconf 75' lang='lat' dir='ltr'>Monasterz&#39;z&#39;</span> 
     </span>
     <span class='ocr_line' id='line_1_25' title="bbox 369 2116 2231 2164; baseline 0.002 -13"><span class='ocrx_word' id='word_1_293' title='bbox 369 2117 489 2164; x_wconf 71' lang='lat' dir='ltr'>reyalz&#39;s</span> <span class='ocrx_word' id='word_1_294' title='bbox 504 2117 546 2152; x_wconf 90' lang='lat' dir='ltr'>S.</span> <span class='ocrx_word' id='word_1_295' title='bbox 565 2117 710 2152; x_wconf 78' lang='lat' dir='ltr'>Martini</span> <span class='ocrx_word' id='word_1_296' title='bbox 728 2116 767 2152; x_wconf 83' lang='lat' dir='ltr'>de</span> <span class='ocrx_word' id='word_1_297' title='bbox 784 2117 924 2164; x_wconf 79' lang='lat' dir='ltr'>Campis</span> <span class='ocrx_word' id='word_1_298' title='bbox 939 2117 1057 2152; x_wconf 74' lang='lat' dir='ltr'>Paris.</span> <span class='ocrx_word' id='word_1_299' title='bbox 1080 2116 1257 2162; x_wconf 79' lang='lat' dir='ltr'>lzz&#39;storia⁹‚</span> <span class='ocrx_word' id='word_1_300' title='bbox 1277 2117 1447 2164; x_wconf 82' lang='lat' dir='ltr'>approbat</span> <span class='ocrx_word' id='word_1_301' title='bbox 1463 2117 1702 2164; x_wconf 83' lang='lat' dir='ltr'>exscribitque</span> <span class='ocrx_word' id='word_1_302' title='bbox 1718 2117 1822 2154; x_wconf 87' lang='lat' dir='ltr'>verba</span> <span class='ocrx_word' id='word_1_303' title='bbox 1842 2118 2011 2154; x_wconf 85' lang='lat' dir='ltr'>Ciaconii.</span> <span class='ocrx_word' id='word_1_304' title='bbox 2030 2120 2120 2153; x_wconf 93' lang='lat' dir='ltr'>Tum</span> <span class='ocrx_word' id='word_1_305' title='bbox 2142 2117 2231 2154; x_wconf 88' lang='lat' dir='ltr'>alter</span> 
     </span>
     <span class='ocr_line' id='line_1_26' title="bbox 369 2187 2228 2235; baseline 0.002 -13"><span class='ocrx_word' id='word_1_306' title='bbox 369 2187 469 2223; x_wconf 89' lang='lat' dir='ltr'>alteri</span> <span class='ocrx_word' id='word_1_307' title='bbox 486 2187 625 2223; x_wconf 86' lang='lat' dir='ltr'>errandi</span> <span class='ocrx_word' id='word_1_308' title='bbox 646 2191 769 2223; x_wconf 89' lang='lat' dir='ltr'>auctor</span> <span class='ocrx_word' id='word_1_309' title='bbox 783 2188 861 2223; x_wconf 88' lang='lat' dir='ltr'>suit.</span> <span class='ocrx_word' id='word_1_310' title='bbox 879 2189 966 2223; x_wconf 83' lang='lat' dir='ltr'>Eam</span> <span class='ocrx_word' id='word_1_311' title='bbox 983 2188 1190 2235; x_wconf 88' lang='lat' dir='ltr'>opinionem</span> <span class='ocrx_word' id='word_1_312' title='bbox 1204 2188 1296 2223; x_wconf 87' lang='lat' dir='ltr'>inter</span> <span class='ocrx_word' id='word_1_313' title='bbox 1311 2188 1399 2224; x_wconf 92' lang='lat' dir='ltr'>alios</span> <span class='ocrx_word' id='word_1_314' title='bbox 1421 2188 1532 2223; x_wconf 91' lang='lat' dir='ltr'>secuti</span> <span class='ocrx_word' id='word_1_315' title='bbox 1552 2192 1631 2224; x_wconf 83' lang='lat' dir='ltr'>sunt</span> <span class='ocrx_word' id='word_1_316' title='bbox 1652 2188 1832 2233; x_wconf 76' lang='lat' dir='ltr'>Fn120N⁴⁰‚</span> <span class='ocrx_word' id='word_1_317' title='bbox 1852 2188 2056 2234; x_wconf 82' lang='lat' dir='ltr'>UGHELL1⁴⁴,</span> <span class='ocrx_word' id='word_1_318' title='bbox 2071 2189 2228 2225; x_wconf 86' lang='lat' dir='ltr'>Thomas</span> 
     </span>
    </p>
   </div>
   <div class='ocr_carea' id='block_1_7' title="bbox 368 2314 2227 2923">
    <p class='ocr_par' dir='ltr' id='par_1_7' title="bbox 462 2314 636 2339">
     <span class='ocr_line' id='line_1_27' title="bbox 462 2314 636 2339; baseline 0.006 -1"><span class='ocrx_word' id='word_1_319' title='bbox 462 2315 484 2338; x_wconf 94' lang='grc'>1.</span> <span class='ocrx_word' id='word_1_320' title='bbox 498 2314 557 2339; x_wconf 88' lang='lat' dir='ltr'>Vid.</span> <span class='ocrx_word' id='word_1_321' title='bbox 574 2315 636 2339; x_wconf 85' lang='lat' dir='ltr'>ibid.</span> 
     </span>
    </p>

    <p class='ocr_par' dir='ltr' id='par_1_8' title="bbox 460 2358 901 2390">
     <span class='ocr_line' id='line_1_28' title="bbox 460 2358 901 2390; baseline 0.002 -8"><span class='ocrx_word' id='word_1_322' title='bbox 460 2359 484 2382; x_wconf 83' lang='lat'>2.</span> <span class='ocrx_word' id='word_1_323' title='bbox 498 2358 557 2383; x_wconf 88' lang='lat' dir='ltr'>Vid.</span> <span class='ocrx_word' id='word_1_324' title='bbox 575 2360 711 2387; x_wconf 67' lang='lat' dir='ltr'>Chartul„</span> <span class='ocrx_word' id='word_1_325' title='bbox 728 2359 774 2390; x_wconf 86' lang='lat' dir='ltr'>IV,</span> <span class='ocrx_word' id='word_1_326' title='bbox 791 2364 819 2382; x_wconf 92' lang='lat' dir='ltr'>n⁰</span> <span class='ocrx_word' id='word_1_327' title='bbox 831 2359 901 2383; x_wconf 72' lang='lat'>2550.</span> 
     </span>
    </p>

    <p class='ocr_par' dir='ltr' id='par_1_9' title="bbox 369 2403 2227 2479">
     <span class='ocr_line' id='line_1_29' title="bbox 460 2403 2227 2437; baseline 0.002 -10"><span class='ocrx_word' id='word_1_328' title='bbox 460 2403 483 2426; x_wconf 87' lang='lat'>3.</span> <span class='ocrx_word' id='word_1_329' title='bbox 501 2414 513 2425; x_wconf 75' lang='grc' dir='ltr'><strong>α</strong></span> <span class='ocrx_word' id='word_1_330' title='bbox 528 2403 601 2427; x_wconf 86' lang='lat' dir='ltr'>Ainsi</span> <span class='ocrx_word' id='word_1_331' title='bbox 618 2403 693 2427; x_wconf 82' lang='lat' dir='ltr'>estoit</span> <span class='ocrx_word' id='word_1_332' title='bbox 707 2411 734 2427; x_wconf 93' lang='lat' dir='ltr'>ce</span> <span class='ocrx_word' id='word_1_333' title='bbox 754 2411 798 2435; x_wconf 74' lang='lat' dir='ltr'>roy</span> <span class='ocrx_word' id='word_1_334' title='bbox 813 2403 918 2428; x_wconf 84' lang='lat' dir='ltr'>Charles</span> <span class='ocrx_word' id='word_1_335' title='bbox 938 2404 961 2427; x_wconf 89' lang='lat' dir='ltr'>le</span> <span class='ocrx_word' id='word_1_336' title='bbox 976 2404 1058 2428; x_wconf 76' lang='lat' dir='ltr'>V11me</span> <span class='ocrx_word' id='word_1_337' title='bbox 1073 2403 1207 2435; x_wconf 77' lang='lat' dir='ltr'>gouverne,</span> <span class='ocrx_word' id='word_1_338' title='bbox 1226 2403 1294 2428; x_wconf 85' lang='lat' dir='ltr'>voire</span> <span class='ocrx_word' id='word_1_339' title='bbox 1310 2403 1350 2435; x_wconf 89' lang='lat' dir='ltr'>pis</span> <span class='ocrx_word' id='word_1_340' title='bbox 1365 2411 1414 2435; x_wconf 83' lang='lat' dir='ltr'>que</span> <span class='ocrx_word' id='word_1_341' title='bbox 1429 2403 1454 2435; x_wconf 85' lang='lat' dir='ltr'>je</span> <span class='ocrx_word' id='word_1_342' title='bbox 1468 2412 1499 2428; x_wconf 86' lang='lat' dir='ltr'>ne</span> <span class='ocrx_word' id='word_1_343' title='bbox 1514 2403 1556 2436; x_wconf 84' lang='lat' dir='ltr'>dy,</span> <span class='ocrx_word' id='word_1_344' title='bbox 1572 2412 1614 2428; x_wconf 83' lang='lat' dir='ltr'>car</span> <span class='ocrx_word' id='word_1_345' title='bbox 1628 2404 1660 2428; x_wconf 92' lang='lat' dir='ltr'>ilz</span> <span class='ocrx_word' id='word_1_346' title='bbox 1676 2404 1699 2428; x_wconf 96' lang='grc'>10</span> <span class='ocrx_word' id='word_1_347' title='bbox 1712 2404 1825 2429; x_wconf 76' lang='lat' dir='ltr'>tenoient</span> <span class='ocrx_word' id='word_1_348' title='bbox 1839 2413 1937 2429; x_wconf 84' lang='lat' dir='ltr'>comme</span> <span class='ocrx_word' id='word_1_349' title='bbox 1957 2414 1989 2430; x_wconf 86' lang='lat' dir='ltr'>on</span> <span class='ocrx_word' id='word_1_350' title='bbox 2008 2405 2056 2431; x_wconf 72' lang='lat' dir='ltr'>fait</span> <span class='ocrx_word' id='word_1_351' title='bbox 2073 2414 2126 2437; x_wconf 89' lang='lat' dir='ltr'>ung</span> <span class='ocrx_word' id='word_1_352' title='bbox 2140 2405 2227 2430; x_wconf 75' lang='lat' dir='ltr'>enfent</span> 
     </span>
     <span class='ocr_line' id='line_1_30' title="bbox 369 2447 670 2479; baseline 0.003 -9"><span class='ocrx_word' id='word_1_353' title='bbox 369 2454 399 2470; x_wconf 81' lang='lat' dir='ltr'>en</span> <span class='ocrx_word' id='word_1_354' title='bbox 413 2447 502 2470; x_wconf 74' lang='lat' dir='ltr'>tutelle</span> <span class='ocrx_word' id='word_1_355' title='bbox 521 2458 533 2469; x_wconf 85' lang='lat'>»</span> <span class='ocrx_word' id='word_1_356' title='bbox 552 2448 586 2479; x_wconf 84' lang='lat' dir='ltr'>(p.</span> <span class='ocrx_word' id='word_1_357' title='bbox 604 2448 670 2479; x_wconf 67' lang='lat'>362).</span> 
     </span>
    </p>

    <p class='ocr_par' dir='ltr' id='par_1_10' title="bbox 368 2483 2226 2567">
     <span class='ocr_line' id='line_1_31' title="bbox 460 2483 2226 2523; baseline 0.003 -9"><span class='ocrx_word' id='word_1_358' title='bbox 460 2491 483 2515; x_wconf 87' lang='grc'>4.</span> <span class='ocrx_word' id='word_1_359' title='bbox 499 2491 537 2515; x_wconf 87' lang='grc' dir='ltr'>Νο</span> <span class='ocrx_word' id='word_1_360' title='bbox 551 2491 608 2522; x_wconf 87' lang='lat' dir='ltr'>quis</span> <span class='ocrx_word' id='word_1_361' title='bbox 622 2491 708 2515; x_wconf 79' lang='lat' dir='ltr'>inutili</span> <span class='ocrx_word' id='word_1_362' title='bbox 723 2483 882 2523; x_wconf 75' lang='lat' dir='ltr'>indagationi</span> <span class='ocrx_word' id='word_1_363' title='bbox 901 2491 1042 2523; x_wconf 75' lang='lat' dir='ltr'>indulgeat,</span> <span class='ocrx_word' id='word_1_364' title='bbox 1058 2500 1190 2516; x_wconf 82' lang='lat' dir='ltr'>monemus</span> <span class='ocrx_word' id='word_1_365' title='bbox 1207 2492 1272 2516; x_wconf 89' lang='lat' dir='ltr'>nihil</span> <span class='ocrx_word' id='word_1_366' title='bbox 1286 2491 1317 2515; x_wconf 91' lang='lat' dir='ltr'>de</span> <span class='ocrx_word' id='word_1_367' title='bbox 1333 2492 1470 2516; x_wconf 85' lang='lat' dir='ltr'>Guillchno</span> <span class='ocrx_word' id='word_1_368' title='bbox 1490 2492 1520 2516; x_wconf 89' lang='grc'>(10</span> <span class='ocrx_word' id='word_1_369' title='bbox 1533 2493 1702 2517; x_wconf 78' lang='lat' dir='ltr'>Estoutevilla</span> <span class='ocrx_word' id='word_1_370' title='bbox 1717 2493 1825 2517; x_wconf 78' lang='lat' dir='ltr'>inveniri</span> <span class='ocrx_word' id='word_1_371' title='bbox 1842 2494 1868 2517; x_wconf 91' lang='lat' dir='ltr'>in</span> <span class='ocrx_word' id='word_1_372' title='bbox 1882 2495 1996 2519; x_wconf 78' lang='lat' dir='ltr'>Recueil</span> <span class='ocrx_word' id='word_1_373' title='bbox 2009 2496 2042 2519; x_wconf 75' lang='lat' dir='ltr'>de</span> <span class='ocrx_word' id='word_1_374' title='bbox 2056 2495 2135 2519; x_wconf 80' lang='lat' dir='ltr'>titres</span> <span class='ocrx_word' id='word_1_375' title='bbox 2150 2496 2182 2519; x_wconf 81' lang='lat' dir='ltr'>de</span> <span class='ocrx_word' id='word_1_376' title='bbox 2197 2494 2226 2519; x_wconf 85' lang='lat' dir='ltr'>la</span> 
     </span>
     <span class='ocr_line' id='line_1_32' title="bbox 368 2535 1195 2567; baseline 0.001 -8"><span class='ocrx_word' id='word_1_377' title='bbox 368 2536 479 2560; x_wconf 73' lang='lat' dir='ltr'>maison</span> <span class='ocrx_word' id='word_1_378' title='bbox 491 2535 702 2564; x_wconf 75' lang='lat' dir='ltr'>d&#39;Estouteville,</span> <span class='ocrx_word' id='word_1_379' title='bbox 721 2536 789 2562; x_wconf 79' lang='lat'>1741.</span> <span class='ocrx_word' id='word_1_380' title='bbox 806 2536 871 2560; x_wconf 81' lang='lat' dir='ltr'>iu-40</span> <span class='ocrx_word' id='word_1_381' title='bbox 887 2536 963 2566; x_wconf 80' lang='lat' dir='ltr'>(Bibl.</span> <span class='ocrx_word' id='word_1_382' title='bbox 978 2538 1031 2560; x_wconf 84' lang='lat' dir='ltr'>nat.</span> <span class='ocrx_word' id='word_1_383' title='bbox 1045 2536 1114 2567; x_wconf 68' lang='lat' dir='ltr'>Lmss,</span> <span class='ocrx_word' id='word_1_384' title='bbox 1130 2536 1195 2567; x_wconf 78' lang='lat'>354).</span> 
     </span>
    </p>

    <p class='ocr_par' dir='ltr' id='par_1_11' title="bbox 368 2580 2224 2657">
     <span class='ocr_line' id='line_1_33' title="bbox 460 2580 2224 2616; baseline 0.003 -13"><span class='ocrx_word' id='word_1_385' title='bbox 460 2580 483 2603; x_wconf 84' lang='lat'>5.</span> <span class='ocrx_word' id='word_1_386' title='bbox 504 2580 577 2603; x_wconf 77' lang='lat' dir='ltr'>Vitae</span> <span class='ocrx_word' id='word_1_387' title='bbox 592 2584 615 2604; x_wconf 83' lang='lat' dir='ltr'>et</span> <span class='ocrx_word' id='word_1_388' title='bbox 629 2587 673 2604; x_wconf 81' lang='lat' dir='ltr'>res</span> <span class='ocrx_word' id='word_1_389' title='bbox 687 2585 777 2609; x_wconf 58' lang='lat' dir='ltr'>[festae</span> <span class='ocrx_word' id='word_1_390' title='bbox 793 2587 895 2604; x_wconf 81' lang='lat' dir='ltr'>summ.</span> <span class='ocrx_word' id='word_1_391' title='bbox 911 2581 1079 2612; x_wconf 77' lang='lat' dir='ltr'>pontificum</span> <span class='ocrx_word' id='word_1_392' title='bbox 1094 2585 1119 2604; x_wconf 78' lang='lat' dir='ltr'>et</span> <span class='ocrx_word' id='word_1_393' title='bbox 1132 2581 1283 2611; x_wconf 70' lang='lat' dir='ltr'>cardinal.⁷</span> <span class='ocrx_word' id='word_1_394' title='bbox 1300 2581 1395 2605; x_wconf 79' lang='lat' dir='ltr'>Romae</span> <span class='ocrx_word' id='word_1_395' title='bbox 1414 2581 1554 2605; x_wconf 76' lang='lat'>1601-1602.</span> <span class='ocrx_word' id='word_1_396' title='bbox 1569 2581 1718 2613; x_wconf 86' lang='lat' dir='ltr'>Onuphrius</span> <span class='ocrx_word' id='word_1_397' title='bbox 1738 2583 1903 2613; x_wconf 66' lang='lat' dir='ltr'>PAxlexus,</span> <span class='ocrx_word' id='word_1_398' title='bbox 1920 2583 2048 2613; x_wconf 76' lang='lat' dir='ltr'>Epizome</span> <span class='ocrx_word' id='word_1_399' title='bbox 2058 2584 2224 2616; x_wconf 75' lang='lat' dir='ltr'>pontificum</span> 
     </span>
     <span class='ocr_line' id='line_1_34' title="bbox 368 2623 1417 2657; baseline 0.002 -10"><span class='ocrx_word' id='word_1_400' title='bbox 368 2624 448 2648; x_wconf 83' lang='lat' dir='ltr'>Rom.</span> <span class='ocrx_word' id='word_1_401' title='bbox 466 2623 599 2654; x_wconf 71' lang='lat' dir='ltr'>Wenetiis,</span> <span class='ocrx_word' id='word_1_402' title='bbox 616 2624 694 2654; x_wconf 85' lang='grc'>1557),</span> <span class='ocrx_word' id='word_1_403' title='bbox 710 2632 734 2656; x_wconf 87' lang='lat' dir='ltr'>p.</span> <span class='ocrx_word' id='word_1_404' title='bbox 751 2624 796 2648; x_wconf 82' lang='lat'>342</span> <span class='ocrx_word' id='word_1_405' title='bbox 811 2625 923 2648; x_wconf 90' lang='lat' dir='ltr'>nondum</span> <span class='ocrx_word' id='word_1_406' title='bbox 937 2624 968 2648; x_wconf 88' lang='lat' dir='ltr'>de</span> <span class='ocrx_word' id='word_1_407' title='bbox 982 2625 1135 2649; x_wconf 74' lang='lat' dir='ltr'>monachatu</span> <span class='ocrx_word' id='word_1_408' title='bbox 1151 2624 1284 2648; x_wconf 83' lang='lat' dir='ltr'>Guillelmi</span> <span class='ocrx_word' id='word_1_409' title='bbox 1296 2625 1417 2657; x_wconf 81' lang='lat' dir='ltr'>loquitur.</span> 
     </span>
    </p>

    <p class='ocr_par' dir='ltr' id='par_1_12' title="bbox 459 2668 1026 2699">
     <span class='ocr_line' id='line_1_35' title="bbox 459 2668 1026 2699; baseline 0.004 -8"><span class='ocrx_word' id='word_1_410' title='bbox 459 2668 483 2691; x_wconf 87' lang='grc'>6.</span> <span class='ocrx_word' id='word_1_411' title='bbox 499 2669 681 2693; x_wconf 72' lang='lat' dir='ltr'>Martiniana</span> <span class='ocrx_word' id='word_1_412' title='bbox 697 2669 823 2699; x_wconf 79' lang='lat' dir='ltr'>(Parisiis,</span> <span class='ocrx_word' id='word_1_413' title='bbox 839 2669 917 2699; x_wconf 83' lang='grc'>1606),</span> <span class='ocrx_word' id='word_1_414' title='bbox 929 2669 974 2693; x_wconf 77' lang='lat' dir='ltr'>fol.</span> <span class='ocrx_word' id='word_1_415' title='bbox 987 2670 1026 2693; x_wconf 87' lang='grc'>45.</span> 
     </span>
    </p>

    <p class='ocr_par' dir='ltr' id='par_1_13' title="bbox 459 2712 850 2744">
     <span class='ocr_line' id='line_1_36' title="bbox 459 2712 850 2744; baseline 0.008 -9"><span class='ocrx_word' id='word_1_416' title='bbox 459 2712 483 2736; x_wconf 89' lang='lat'>7.</span> <span class='ocrx_word' id='word_1_417' title='bbox 499 2712 546 2741; x_wconf 86' lang='lat' dir='ltr'>Qui</span> <span class='ocrx_word' id='word_1_418' title='bbox 563 2712 653 2744; x_wconf 84' lang='lat' dir='ltr'>incipit</span> <span class='ocrx_word' id='word_1_419' title='bbox 664 2712 737 2742; x_wconf 77' lang='lat' dir='ltr'>ibid.y</span> <span class='ocrx_word' id='word_1_420' title='bbox 754 2712 797 2736; x_wconf 78' lang='lat' dir='ltr'>fol.</span> <span class='ocrx_word' id='word_1_421' title='bbox 811 2714 850 2738; x_wconf 79' lang='lat'>44.</span> 
     </span>
    </p>

    <p class='ocr_par' dir='ltr' id='par_1_14' title="bbox 459 2756 1054 2789">
     <span class='ocr_line' id='line_1_37' title="bbox 459 2756 1054 2789; baseline 0.003 -9"><span class='ocrx_word' id='word_1_422' title='bbox 459 2757 482 2780; x_wconf 91' lang='grc'>8.</span> <span class='ocrx_word' id='word_1_423' title='bbox 500 2756 657 2780; x_wconf 73' lang='lat' dir='ltr'>Praefationi</span> <span class='ocrx_word' id='word_1_424' title='bbox 672 2757 771 2780; x_wconf 83' lang='lat' dir='ltr'>numeri</span> <span class='ocrx_word' id='word_1_425' title='bbox 786 2757 938 2789; x_wconf 85' lang='lat' dir='ltr'>paginarum</span> <span class='ocrx_word' id='word_1_426' title='bbox 954 2757 1054 2782; x_wconf 77' lang='lat' dir='ltr'>desunt.</span> 
     </span>
    </p>

    <p class='ocr_par' dir='ltr' id='par_1_15' title="bbox 459 2800 825 2833">
     <span class='ocr_line' id='line_1_38' title="bbox 459 2800 825 2833; baseline 0.003 -9"><span class='ocrx_word' id='word_1_427' title='bbox 459 2801 482 2824; x_wconf 85' lang='lat'>9.</span> <span class='ocrx_word' id='word_1_428' title='bbox 499 2800 608 2824; x_wconf 82' lang='lat' dir='ltr'>Parisiis</span> <span class='ocrx_word' id='word_1_429' title='bbox 625 2801 713 2832; x_wconf 87' lang='grc'>(1636),</span> <span class='ocrx_word' id='word_1_430' title='bbox 730 2809 755 2833; x_wconf 86' lang='lat' dir='ltr'>p.</span> <span class='ocrx_word' id='word_1_431' title='bbox 770 2802 825 2825; x_wconf 76' lang='lat'>255.</span> 
     </span>
    </p>

    <p class='ocr_par' dir='ltr' id='par_1_16' title="bbox 445 2845 1119 2878">
     <span class='ocr_line' id='line_1_39' title="bbox 445 2845 1119 2878; baseline 0.003 -10"><span class='ocrx_word' id='word_1_432' title='bbox 445 2845 482 2868; x_wconf 88' lang='grc'>10.</span> <span class='ocrx_word' id='word_1_433' title='bbox 501 2845 593 2869; x_wconf 79' lang='lat' dir='ltr'>Gallia</span> <span class='ocrx_word' id='word_1_434' title='bbox 605 2850 768 2875; x_wconf 78' lang='lat' dir='ltr'>purpurata</span> <span class='ocrx_word' id='word_1_435' title='bbox 785 2845 913 2876; x_wconf 84' lang='lat' dir='ltr'>(Parisiis,</span> <span class='ocrx_word' id='word_1_436' title='bbox 928 2846 1007 2877; x_wconf 86' lang='grc'>1638),</span> <span class='ocrx_word' id='word_1_437' title='bbox 1023 2854 1048 2878; x_wconf 89' lang='lat' dir='ltr'>p.</span> <span class='ocrx_word' id='word_1_438' title='bbox 1064 2847 1119 2870; x_wconf 85' lang='lat'>485.</span> 
     </span>
    </p>

    <p class='ocr_par' dir='ltr' id='par_1_17' title="bbox 444 2889 2221 2923">
     <span class='ocr_line' id='line_1_40' title="bbox 444 2889 2221 2923; baseline 0.003 -11"><span class='ocrx_word' id='word_1_439' title='bbox 444 2889 481 2912; x_wconf 91' lang='grc'>11.</span> <span class='ocrx_word' id='word_1_440' title='bbox 495 2889 583 2913; x_wconf 77' lang='lat' dir='ltr'>Italia</span> <span class='ocrx_word' id='word_1_441' title='bbox 597 2896 678 2914; x_wconf 84' lang='lat' dir='ltr'>sacra</span> <span class='ocrx_word' id='word_1_442' title='bbox 690 2890 802 2920; x_wconf 83' lang='lat' dir='ltr'>(Romae,</span> <span class='ocrx_word' id='word_1_443' title='bbox 819 2890 896 2920; x_wconf 70' lang='lat'>1643),</span> <span class='ocrx_word' id='word_1_444' title='bbox 907 2892 926 2914; x_wconf 83' lang='lat' dir='ltr'>t.</span> <span class='ocrx_word' id='word_1_445' title='bbox 939 2891 965 2920; x_wconf 66' lang='grc' dir='ltr'>[ς</span> <span class='ocrx_word' id='word_1_446' title='bbox 981 2890 1020 2914; x_wconf 88' lang='lat' dir='ltr'>ed.</span> <span class='ocrx_word' id='word_1_447' title='bbox 1035 2891 1062 2914; x_wconf 67' lang='grc' dir='ltr'>2*ι</span> <span class='ocrx_word' id='word_1_448' title='bbox 1077 2890 1210 2921; x_wconf 72' lang='lat' dir='ltr'>Wenctiis,</span> <span class='ocrx_word' id='word_1_449' title='bbox 1228 2890 1306 2921; x_wconf 80' lang='lat'>1717),</span> <span class='ocrx_word' id='word_1_450' title='bbox 1323 2891 1343 2920; x_wconf 84' lang='lat' dir='ltr'>I,</span> <span class='ocrx_word' id='word_1_451' title='bbox 1359 2891 1406 2915; x_wconf 89' lang='lat' dir='ltr'>col.</span> <span class='ocrx_word' id='word_1_452' title='bbox 1417 2891 1456 2915; x_wconf 83' lang='lat'>76.</span> <span class='ocrx_word' id='word_1_453' title='bbox 1473 2891 1511 2915; x_wconf 88' lang='lat' dir='ltr'>Ibi</span> <span class='ocrx_word' id='word_1_454' title='bbox 1527 2893 1631 2916; x_wconf 83' lang='lat' dir='ltr'>vocatur</span> <span class='ocrx_word' id='word_1_455' title='bbox 1646 2891 1715 2923; x_wconf 90' lang='lat' dir='ltr'>prior</span> <span class='ocrx_word' id='word_1_456' title='bbox 1731 2892 1756 2916; x_wconf 91' lang='lat' dir='ltr'>S.</span> <span class='ocrx_word' id='word_1_457' title='bbox 1769 2893 1879 2917; x_wconf 77' lang='lat' dir='ltr'>Martini</span> <span class='ocrx_word' id='word_1_458' title='bbox 1892 2903 1905 2915; x_wconf 71' lang='grc' dir='ltr'><strong>α</strong></span> <span class='ocrx_word' id='word_1_459' title='bbox 1919 2893 1945 2917; x_wconf 88' lang='lat' dir='ltr'>in</span> <span class='ocrx_word' id='word_1_460' title='bbox 1956 2893 2043 2918; x_wconf 73' lang='lat' dir='ltr'>Pratis</span> <span class='ocrx_word' id='word_1_461' title='bbox 2056 2903 2069 2915; x_wconf 65' lang='grc' dir='ltr'><strong>υ</strong></span> <span class='ocrx_word' id='word_1_462' title='bbox 2080 2893 2221 2918; x_wconf 77' lang='lat' dir='ltr'>Parisiens.</span> 
     </span>
    </p>
   </div>
  </div>
 </body>
</html>
