2502 3418
282 339 378 375 1422]
621 354 666 374 AB
700 353 806 375 ANNO
840 352 1131 374 MCCCLXXXXIV
1166 351 1297 380 USQUE
1332 352 1380 373 AD
1417 352 1555 373 ANNUM
1591 352 1797 374 mccccrit.
2076 344 2140 376 409

278 433 313 459 et
336 427 372 458 in
396 427 430 459 S.
454 426 576 468 Paulo,
602 433 687 459 tunc
709 427 934 460 Universitas
955 426 1095 460 obviam
1125 426 1191 459 ibit
1211 426 1356 470 corpori
1379 438 1494 470 usque
1520 426 1563 458 ad
1590 438 1718 457 conum
1746 426 1815 459 vici
1841 427 1875 459 S.
1899 427 2012 466 Pauli,
2035 434 2069 460 ct
2090 427 2139 459 ibi

277 492 385 525 stabit
413 500 532 526 rector
558 505 638 526 cum
666 494 743 526 suis
771 494 815 526 de
842 494 1097 534 Universitate,
1130 500 1326 538 expectans
1355 492 1516 525 defuncti
1537 504 1683 537 corpus.
1707 493 1813 534 Quod
1839 493 1923 525 dum
1953 494 2138 526 intraverit

278 560 396 593 vicum
423 560 458 593 S.
481 560 668 602 Anthonii,
692 567 811 593 rector
832 567 867 593 et
887 561 944 593 sui
971 567 1137 593 tenentes
1163 572 1274 592 unum
1303 559 1409 600 latus,
1438 559 1634 604 episcopus
1662 560 1895 599 parisiensis,
1917 560 1975 592 alii
1999 561 2138 604 prelati,

279 626 417 659 domini
438 627 593 660 ecclesie
614 627 727 660 Paris.
751 633 786 659 et
815 627 926 660 ceteri
952 627 1019 660 viri
1049 627 1214 672 religiosi
1236 639 1301 671 per
1326 627 1538 671 episcopum
1565 627 1696 664 vocati,
1719 633 1886 658 tenentes
1910 626 2007 658 aliud
2032 627 2137 667 latus,

278 694 451 739 progredi
477 694 800 739 processionaliter
824 694 1001 739 incipient
1027 694 1070 727 ad
1100 694 1288 727 ecclesiam
1312 694 1439 734 Paris,
1463 693 1639 726 ducentes
1660 705 1806 738 corpus,
1830 693 1927 737 quod
1950 693 2018 725 erit
2039 694 2141 737 quasi

277 760 434 793 medium
462 761 558 794 inter
578 762 790 806 episcopum
812 761 924 794 Paris.
952 767 987 794 et
1016 761 1297 794 Universitatem
1330 761 1442 793 Paris.
1477 762 1549 793 Nec
1577 759 1711 792 debent
1736 760 1848 804 aliqui
1874 760 2024 793 mediari
2046 761 2141 793 inter

278 827 490 872 episcopum
514 835 549 861 et
569 829 688 873 ipsum
709 840 843 873 corpus
865 829 902 860 in
923 828 1035 861 latere
1057 828 1235 873 episcopi,
1260 834 1295 860 et
1322 828 1417 860 inter
1439 834 1616 860 rectorem
1640 834 1674 859 et
1699 839 1832 871 corpus
1854 839 1896 859 ex
1918 827 1987 860 alio
2016 827 2140 864 latere,

277 894 348 927 nisi
373 894 582 939 prepositus
609 894 737 932 Paris„
765 895 826 939 qui
852 907 933 927 cum
954 895 1056 940 virga
1084 895 1121 927 in
1151 907 1258 927 manu
1289 901 1345 927 est
1374 901 1455 926 ante
1483 906 1617 939 corpus
1643 894 1679 926 in
1708 894 1828 926 medio
1854 894 1937 926 vici.
1964 895 2007 926 Et
2032 894 2140 927 debet

276 967 396 994 rector
426 962 681 994 Universitatis
712 973 794 995 esse
827 974 973 1007 semper
1005 962 1196 1007 oppositus
1228 962 1401 1006 episcopo
1430 961 1544 993 Paris.
1579 961 1615 993 in
1644 972 1710 993 suo
1746 972 1873 1005 rengo,
1906 967 1941 993 et
1972 961 2140 993 similiter

276 1028 472 1073 episcopus
498 1029 641 1061 rectori.
667 1030 710 1061 Et
734 1029 764 1061 si
790 1029 1022 1074 contingeret
1046 1029 1180 1061 multos
1207 1028 1366 1073 prelatos
1387 1028 1488 1060 illinc
1518 1028 1648 1060 adesse
1678 1027 1949 1072 pontificalibus
1976 1028 2137 1068 indutos,

275 1094 326 1127 hii
347 1107 473 1128 omnes
495 1102 619 1128 tenere
642 1095 777 1128 debent
801 1096 894 1129 latus
917 1096 1095 1141 episcopi,
1118 1103 1153 1129 et
1173 1108 1255 1129 esse
1281 1095 1439 1140 oppositi
1469 1094 1683 1128 doctoribus
1705 1095 1741 1127 in
1767 1095 1963 1140 theologia,
1990 1102 2025 1127 et
2052 1107 2139 1127 nun-

275 1173 379 1206 quam
402 1163 547 1195 rectori.
567 1163 636 1206 Qui
658 1163 804 1207 quidem
826 1163 954 1208 prelati
976 1164 1006 1196 si
1027 1163 1210 1204 abessent,
1234 1162 1410 1195 habentes
1432 1163 1468 1194 in
1491 1162 1645 1195 ecclesia
1667 1162 1780 1195 Paris.
1803 1162 1999 1207 dignitates
2021 1162 2139 1194 locum

272 1228 476 1262 absentium
498 1229 721 1274 prelatorum
738 1237 904 1263 tenerent
925 1230 1134 1276 oppositum
1156 1230 1341 1275 magistris
1359 1230 1395 1262 in
1413 1229 1538 1270 theol.,
1562 1236 1597 1262 et
1617 1242 1800 1274 nunquam
1823 1230 1967 1262 rectori.
1992 1230 2140 1274 Episco-

274 1307 341 1340 pus
362 1302 478 1329 autem
502 1297 628 1339 Paris,
648 1298 709 1342 qui
729 1297 780 1330 ibi
801 1297 991 1331 ecclesiam
1014 1304 1242 1343 representat
1262 1304 1297 1330 et
1317 1309 1421 1330 suum
1445 1303 1590 1330 exercet
1613 1297 1792 1341 pastorale
1814 1296 1984 1338 officium,
2007 1308 2140 1341 corpus

273 1362 434 1396 defuncti
451 1363 546 1397 levat
562 1371 597 1397 et
611 1365 729 1409 ipsius
746 1364 875 1398 ductor
891 1371 947 1398 est
966 1364 1191 1409 principalis,
1210 1364 1303 1397 latus
1321 1364 1485 1396 dextrum
1503 1363 1637 1396 habere
1654 1364 1849 1408 pretendit.
1869 1365 2000 1396 Rector
2022 1370 2138 1397 autem

272 1441 353 1462 cum
380 1431 471 1472 suis,
493 1438 641 1476 propter
661 1431 844 1477 legitimas
866 1439 901 1465 et
923 1431 1155 1465 rationabiles
1177 1443 1304 1464 causas
1327 1431 1364 1464 id
1385 1431 1480 1464 idem
1499 1431 1771 1476 pretendentes,
1794 1430 1839 1463 ad
1859 1431 2043 1463 vitandum
2071 1431 2140 1463 dis-

273 1497 430 1539 cordias,
446 1498 614 1531 scandala
635 1506 670 1532 et
685 1499 781 1541 lites,
801 1512 888 1545 sepe
909 1500 1021 1533 latere
1043 1506 1299 1532 contentantur
1315 1499 1478 1539 sinistro,
1497 1498 1648 1531 honoris
1666 1510 1772 1531 causa
1789 1498 1910 1542 potius
1927 1510 2031 1543 quam
2045 1498 2140 1542 juris

274 1565 397 1610 rigore
427 1566 635 1599 deferentes
661 1566 836 1611 pontifici.
861 1567 1007 1600 Domini
1029 1567 1072 1600 de
1099 1567 1198 1600 curia
1225 1566 1449 1612 parlamenti,
1480 1566 1565 1598 dum
1589 1577 1722 1610 corpus
1750 1577 1814 1610 per
1836 1566 1936 1599 vicos
1963 1566 2138 1606 defertur,

273 1632 392 1677 ipsum
415 1645 548 1678 corpus
570 1634 705 1679 stipant
724 1634 921 1679 utrimque,
946 1634 1083 1667 domini
1105 1634 1150 1667 de
1171 1634 1350 1679 sanguine
1378 1633 1477 1678 regis
1495 1639 1699 1677 sequuntur
1719 1644 1866 1677 corpus.
1890 1634 1968 1664 Duo
1991 1633 2035 1665 de
2058 1645 2139 1677 pre-

275 1699 482 1733 sidentibus
504 1700 730 1746 parlamenti,
749 1702 960 1747 prepositus
981 1708 1221 1735 mercatorum
1245 1708 1280 1734 et
1300 1713 1395 1733 unus
1417 1700 1648 1733 scabinorum
1670 1699 1755 1733 ville
1778 1706 1903 1732 tenent
1922 1699 2083 1744 pallium.

363 1768 455 1799 Dum
486 1779 619 1813 corpus
649 1768 806 1813 quiescit
832 1769 869 1801 in
890 1769 1045 1802 ecclesia
1070 1769 1199 1810 Paris,
1223 1768 1409 1801 canonicis
1440 1767 1596 1800 ossicium
1627 1766 1912 1808 celebrantibus,
1936 1767 2074 1799 domini
2096 1767 2139 1799 de

274 1834 452 1878 sanguine
483 1835 582 1879 regis
612 1841 737 1868 tenent
766 1836 874 1868 sedes
905 1836 1029 1869 lateris
1060 1836 1176 1868 dextri
1204 1847 1333 1868 versus
1364 1835 1479 1867 navim
1508 1833 1677 1875 ecclesie,
1705 1834 1874 1866 dominus
1902 1833 2140 1867 cancellarius

275 1901 436 1943 Francie,
467 1901 604 1934 domini
637 1903 868 1947 presidentes
899 1910 934 1936 et
968 1903 1028 1936 alii
1059 1903 1196 1935 domini
1224 1902 1387 1935 officiarii
1420 1902 1518 1946 regis
1551 1907 1677 1933 tenent
1705 1901 1812 1933 sedes
1846 1901 1986 1933 sinistri
2017 1901 2139 1933 lateris

274 1968 460 2013 oppositas
482 1969 632 2002 sedibus
658 1970 889 2003 dominorum
911 1970 955 2003 de
980 1971 1159 2016 sanguine
1181 1970 1292 2015 regis.
1317 1970 1522 2014 Episcopus
1543 1975 1661 2001 autem
1683 1968 1795 2000 Paris.
1816 1974 1914 2000 tenet
1934 1968 2138 2001 cathedram

274 2047 389 2078 suam,
420 2048 489 2081 que
519 2043 574 2069 est
609 2037 722 2082 prima
749 2038 786 2070 in
822 2037 933 2070 latere
964 2038 1091 2071 dextro
1118 2049 1248 2071 versus
1276 2037 1385 2070 altare
1414 2049 1420 2068 :
1454 2036 1618 2081 episcopi
1651 2036 1712 2080 qui
1740 2047 1821 2067 eum
1852 2036 2137 2077 associaverunt,

273 2109 399 2136 tenent
424 2103 519 2136 idem
550 2103 643 2137 latus
671 2105 842 2150 contigue
872 2105 916 2138 ad
946 2106 1077 2150 ipsum.
1115 2107 1246 2138 Rector
1276 2111 1392 2137 autem
1422 2110 1519 2136 tenet
1551 2103 1702 2148 primam
1732 2102 1935 2135 cathedram
1960 2103 1997 2135 in
2027 2103 2138 2136 latere

275 2170 425 2203 sinistro
450 2183 579 2204 versus
607 2171 731 2214 altare,
762 2184 831 2217 que
855 2179 911 2205 est
931 2173 1039 2206 sedes
1060 2172 1267 2206 cancellarii
1293 2172 1448 2205 ecclesie
1471 2171 1599 2212 Paris,
1621 2170 1709 2203 alias
1731 2177 1928 2215 sequentes
1950 2170 2139 2203 cathedras

274 2249 389 2282 usque
415 2238 459 2270 ad
486 2250 676 2271 numerum
703 2240 806 2284 quasi
830 2240 929 2285 xijcim
953 2247 1077 2273 tenent
1105 2240 1270 2285 magistri
1294 2240 1330 2271 in
1361 2238 1486 2280 theol.,
1511 2238 1680 2270 doctores
1712 2238 1749 2269 in
1777 2238 1946 2278 decretis,
1974 2238 2138 2282 magistri

274 2304 310 2337 in
328 2305 505 2338 medicina
526 2312 561 2338 et
581 2313 735 2351 quatuor
755 2314 1010 2352 procuratores
1027 2314 1181 2353 quatuor
1202 2307 1408 2347 nacionum,
1432 2306 1510 2339 scil.
1533 2305 1694 2346 Francie,
1718 2305 1893 2346 Picardie,
1918 2305 2137 2337 Normannie

272 2378 308 2404 et
327 2372 473 2417 Anglie.
497 2373 672 2407 Canonici
700 2375 855 2408 ecclesie
882 2375 1101 2408 Parisiensis
1130 2375 1307 2408 habentes
1332 2374 1528 2419 dignitates
1562 2373 1598 2405 in
1625 2373 1749 2405 eadem
1778 2379 1902 2404 tenent
1932 2372 2040 2405 sedes
2072 2385 2135 2405 seu

275 2439 464 2473 cathedras
487 2441 623 2474 medias
644 2442 681 2474 in
704 2449 858 2487 utroque
880 2442 1003 2475 latere.

364 2508 451 2540 Item
483 2507 520 2540 in
550 2508 716 2541 ducendo
740 2518 877 2554 ‘corpus
903 2510 1002 2555 regis
1031 2522 1094 2555 per
1122 2510 1222 2543 vicos
1250 2516 1285 2542 et
1312 2509 1447 2554 plateas
1479 2508 1569 2540 fiunt
1598 2508 1633 2538 in
1660 2506 1895 2539 sublevamen
1921 2507 2134 2550 portitorum

274 2575 437 2618 corporis
459 2575 620 2608 defuncti
643 2577 818 2609 stationes
839 2577 976 2622 plures.
1005 2578 1084 2620 Quo
1106 2578 1157 2610 sic
1179 2583 1309 2618 stante,
1331 2577 1527 2621 episeopus
1553 2574 1665 2607 Paris.
1695 2574 1895 2606 associatus
1920 2573 2134 2618 quibusdam

273 2641 411 2674 accedit
426 2642 470 2674 ad
486 2654 634 2687 corpus,
652 2650 687 2676 et
707 2643 758 2676 ibi
780 2644 855 2688 pias
877 2645 1059 2677 orationes
1077 2651 1112 2677 et
1133 2644 1306 2689 suffragia
1325 2643 1445 2676 fundit
1464 2643 1508 2675 ad
1530 2642 1723 2674 Dominum
1747 2653 1811 2685 pro
1834 2641 1995 2673 remedio
2018 2642 2134 2674 anime

273 2708 446 2742 defuncti.
465 2710 650 2743 Pendente
673 2717 834 2756 tempore
856 2719 975 2745 rector
996 2719 1090 2745 stare
1112 2711 1234 2753 debet,
1253 2718 1288 2743 ct
1304 2711 1387 2743 dum
1406 2711 1601 2755 episcopus
1619 2709 1725 2741 dictis
1743 2708 1970 2740 orationibus
1988 2709 2137 2741 redierit

273 2776 316 2808 ad
343 2775 461 2809 locum
489 2789 608 2819 suum,
630 2779 804 2823 progredi
826 2779 961 2812 debent
986 2778 1308 2824 processionaliter
1329 2785 1367 2810 ut
1388 2778 1501 2822 prius.
1525 2777 1688 2821 Corpore
1711 2776 1852 2808 tandem
1878 2782 1975 2808 extra
1997 2783 2134 2820 portam

274 2843 309 2876 S.
339 2844 504 2889 Dionysii
526 2845 690 2887 devecto,
716 2852 751 2878 et
771 2858 886 2890 usque
914 2847 957 2878 ad
988 2846 1236 2891 leprosariam,
1268 2851 1389 2890 potest
1414 2844 1638 2877 Univcrsitas
1666 2843 1811 2876 reverti.
1838 2843 1874 2875 Si
1904 2849 2021 2875 autem
2050 2843 2137 2876 velit

272 2910 365 2944 ultra
382 2912 568 2957 progredi,
591 2913 669 2946 scil.
695 2925 810 2958 usquc
831 2914 875 2946 ad
895 2913 1128 2959 capellaniam
1151 2914 1185 2946 S.
1210 2912 1366 2946 Dionisii
1387 2918 1447 2944 aut
1467 2911 1571 2953 ultra,
1590 2917 1722 2955 potest,
1741 2917 1776 2943 et
1791 2910 1834 2942 ad
1851 2909 1918 2942 hoc
1936 2917 1992 2943 est
2007 2910 2133 2947 libera.

396 2973 460 2990 *ἢ*
478 2971 573 2996 Chai-t.
596 2971 673 2996 Unio.
691 2971 785 2996 Paris.
805 2972 848 2995 lv.
1983 2970 2012 2992 52
