2502 3418
406 315 470 347 230
983 321 1306 344 CHARTULARIUM
1341 321 1532 342 UNIVERS.
1571 320 1701 342 rmus.
2178 309 2276 346 [1412

406 399 510 432 etiam
544 398 694 431 facultas
727 397 888 442 predicta
917 396 1202 429 destructionem
1231 395 1379 443 totalem
1404 406 1469 427 seu
1498 394 1624 427 saltem
1653 394 1793 427 ruinam
1819 406 1966 439 gravem
1993 394 2029 428 et
2050 395 2277 440 insupporta—

406 465 515 498 bilem
544 471 765 510 paterentur.
796 465 882 496 Nam
915 475 994 496 cum
1029 463 1220 495 studentes
1251 462 1536 495 Universitatum
1571 461 1782 505 hujusmodi
1810 461 1977 494 videntes
2009 469 2044 494 et
2076 462 2278 496 sentientes

406 532 720 577 contemplacione
747 531 951 564 studiorum
974 542 1013 562 se
1035 541 1148 574 penes
1173 530 1371 561 Romanum
1395 527 1603 572 pontificem
1630 534 1800 573 acceptos
1826 534 1860 560 et
1883 528 2069 561 favoribus
2091 529 2277 574 gratiosis,

407 599 558 631 maxime
579 598 615 631 in
638 597 872 643 expectativis
894 596 1034 641 gratiis,
1061 594 1250 628 exauditos
1272 601 1306 626 et
1328 606 1390 638 pre
1411 594 1544 626 ceteris
1565 594 1808 626 communiter
1828 594 2019 636 antelatos,
2042 601 2078 628 et
2097 595 2150 628 sic
2173 607 2212 628 se
2234 596 2278 629 de

407 666 568 710 proxima
596 664 806 710 provisione
833 670 867 695 et
891 662 1060 695 alimonia
1083 662 1215 701 futura,
1245 672 1349 704 quam
1378 660 1627 692 indubitanter
1653 667 1856 704 expectant,
1879 661 2094 695 certioratos
2118 673 2124 694 :
2153 674 2218 707 per
2242 662 2278 695 id

407 739 441 765 et
462 731 607 777 plurimi
629 731 671 764 ad
693 731 851 763 studium
875 729 1073 761 invitantur
1094 734 1127 760 et
1149 726 1339 759 studentes
1363 726 1432 771 ipsi
1454 726 1613 771 quietius
1634 726 1856 760 lectionibus
1878 734 1913 761 et
1933 728 2065 761 studiis
2091 729 2168 762 suis
2189 729 2280 762 invi-

406 798 533 844 gilant.
560 799 636 840 Qua
658 797 803 842 quidem
827 794 1037 839 hujusmodi
1059 806 1123 838 spe
1149 793 1314 838 adempta
1337 799 1372 825 et
1396 792 1543 837 plurimi
1565 793 1712 837 quidem
1735 793 1778 826 ab
1799 793 2032 828 inchoatione
2054 795 2165 828 studii
2187 796 2279 828 desi-

407 871 557 906 sterent,
571 871 603 897 et
621 864 671 896 hii
693 863 753 908 qui
770 864 843 907 jam
865 861 1112 899 inchoassent,
1130 860 1213 892 dum
1236 859 1426 904 expediret
1447 871 1523 900 eos,
1547 860 1732 904 quomodo
1754 861 2011 905 provideretur
2031 861 2085 895 eis
2110 862 2147 894 in
2168 861 2279 895 bene—

406 931 510 972 ficiis,
538 931 698 975 cogitare
727 936 761 961 et
786 928 929 973 operari
955 940 973 960 a
1000 927 1233 960 scientiarum
1260 926 1579 971 contemplacione
1608 938 1646 959 se
1673 927 1856 960 divertere
1885 934 1920 961 et
1947 928 2140 961 deficiente
2171 929 2276 962 etiam

406 998 609 1030 necessaria
630 995 885 1035 subventione,
909 1006 952 1026 ex
972 994 1094 1038 inopia
1116 993 1275 1025 studium
1300 992 1472 1026 deserere
1494 993 1641 1038 plurimi
1663 1000 1897 1038 cogerentur.

495 1066 595 1104 Item,
614 1075 693 1095 cum
717 1073 843 1094 omnes
866 1061 968 1105 quasi
990 1060 1034 1092 de
1056 1059 1301 1093 Universitate
1324 1066 1358 1092 et
1378 1059 1546 1093 facultate
1570 1060 1745 1105 predictis
1766 1062 1901 1106 gratias
1923 1061 2165 1106 expectativas
2186 1062 2279 1107 opti-

404 1131 549 1162 nuerint
570 1136 605 1162 et
629 1129 767 1161 litteras
794 1127 1014 1173 apostolicas
1038 1139 1150 1171 super
1175 1126 1246 1159 hiis
1272 1126 1402 1159 confici
1424 1133 1459 1159 et
1481 1139 1593 1172 super
1616 1127 1755 1160 eisdem
1778 1140 1976 1173 processus
1998 1140 2085 1161 suos
2106 1128 2185 1161 fieri
2206 1140 2279 1161 non

406 1197 483 1230 sine
506 1195 693 1228 laboribus
719 1202 754 1228 et
775 1194 945 1239 expensis
965 1193 1118 1226 fecerint
1141 1200 1177 1226 et
1197 1193 1248 1226 sic
1273 1194 1326 1226 eis
1343 1194 1405 1238 jus
1432 1193 1559 1226 saltem
1582 1194 1626 1227 ad
1649 1206 1723 1227 rem
1751 1207 1862 1240 super
1883 1196 2064 1228 vacaturis
2090 1195 2279 1228 beneficiis

406 1264 441 1295 in
464 1275 587 1295 eorum
610 1262 737 1307 gratiis
759 1260 1035 1305 comprehensis
1057 1260 1239 1304 quesitum
1263 1260 1404 1301 existat,
1422 1261 1484 1305 jus
1506 1261 1624 1305 ipsum
1646 1260 1804 1302 labores,
1823 1274 2002 1307 expensas
2024 1269 2059 1295 et
2079 1274 2180 1307 spem
2203 1273 2280 1307 pre-

406 1330 519 1362 dictas
541 1329 776 1373 per[derent],
798 1329 930 1373 etjure
951 1339 1017 1360 suo
1038 1327 1202 1360 indebite
1224 1333 1259 1360 et
1278 1339 1359 1360 cum
1382 1339 1506 1360 eorum
1532 1328 1633 1372 gravi
1654 1328 1835 1361 interesse
1856 1329 2099 1374 privarentur.

495 1397 596 1437 Item,
627 1407 706 1428 cum
734 1395 966 1427 considerato
991 1394 1088 1438 quod
1115 1394 1159 1426 de
1186 1394 1349 1439 proximo
1372 1393 1551 1427 celebrari
1576 1394 1685 1427 debet
1710 1396 1882 1440 generale
1904 1395 2122 1435 Concilium,
2143 1395 2180 1428 in
2207 1407 2279 1440 quo

405 1463 550 1507 quidem
573 1469 607 1495 et
628 1474 692 1507 per
714 1462 825 1506 quod,
848 1461 877 1494 si
900 1461 987 1505 quid
1010 1461 1045 1493 in
1068 1460 1242 1505 predictis
1268 1468 1329 1493 aut
1353 1461 1433 1494 aliis
1455 1461 1513 1494 vel
1534 1461 1630 1494 circa
1654 1462 1831 1506 premissa
1857 1463 2000 1508 corrigi?
2014 1462 2072 1495 vel
2094 1462 2279 1495 emendari

405 1530 584 1574 expediat,
607 1529 766 1574 juridice
793 1535 827 1561 et
852 1528 1026 1561 canonice
1053 1528 1187 1572 poterit
1212 1527 1386 1569 ordinari,
1416 1540 1489 1560 non
1515 1528 1661 1573 expedit
1685 1528 1730 1561 ad
1756 1541 1910 1574 presens
1935 1541 2000 1574 per
2026 1528 2278 1574 particularem

408 1596 652 1641 provisionem
676 1596 854 1628 novitates
876 1602 944 1627 tam
967 1595 1098 1627 arduas
1120 1601 1155 1627 et
1176 1601 1272 1627 tante
1294 1595 1526 1639 importantie
1550 1595 1740 1628 suscitare.

428 1654 430 1656 V
494 1663 654 1707 Ideoque
681 1674 723 1694 ex
749 1662 940 1707 premissis
968 1661 1102 1702 causis,
1131 1661 1334 1694 rationibus
1361 1668 1396 1694 et
1418 1662 1565 1694 motivis
1593 1674 1631 1695 ac
1660 1674 1781 1695 earum
1813 1662 1975 1707 qualibet
1999 1663 2221 1708 conjunctim
2245 1670 2280 1696 et

405 1730 563 1770 divisim,
592 1736 626 1761 et
651 1736 718 1761 tam
748 1741 812 1774 pro
840 1728 1024 1761 communi
1050 1735 1083 1761 et
1110 1728 1256 1773 publico
1285 1727 1480 1770 interesse,
1509 1741 1613 1773 quam
1641 1729 1746 1762 etiam
1774 1741 1839 1774 pro
1867 1730 2006 1774 privato
2037 1736 2073 1762 et
2100 1729 2279 1775 singulari

404 1796 498 1828 dicte
520 1796 699 1828 facultatis
726 1802 761 1828 et
788 1795 1017 1840 singulorum
1042 1795 1159 1827 eidem
1181 1795 1342 1828 facultati
1365 1795 1640 1840 suppositorum
1666 1802 1702 1829 et
1726 1796 1879 1829 aliorum
1904 1797 1996 1829 infra
2024 1796 2276 1839 dicendorum,

405 1875 474 1908 ego
497 1864 624 1895 Petrus
642 1862 824 1907 Guigonis
846 1862 1032 1907 predictus
1049 1862 1126 1895 vice
1149 1869 1183 1895 et
1204 1862 1352 1895 nomine
1368 1862 1548 1896 facultatis
1565 1863 1728 1908 predicte
1749 1876 1788 1896 ac
1809 1863 1971 1896 omnium
1993 1870 2027 1896 et
2047 1863 2278 1909 singulorum

410 1930 453 1962 de
484 1930 577 1962 dicta
598 1929 778 1970 facultate,
808 1929 1043 1974 omniumque
1073 1929 1226 1962 aliorum
1254 1936 1287 1962 et
1319 1929 1549 1973 singulorum
1578 1930 1810 1975 infrascripte
1835 1930 2070 1976 appellationi
2100 1930 2278 1964 adheren-

408 1997 493 2029 tium
516 1996 573 2029 vel
598 1996 774 2028 adherere
800 1995 1014 2037 volentium,
1038 2008 1103 2029 seu
1125 1996 1186 2040 qui
1208 1996 1245 2028 in
1267 2002 1451 2041 posterum
1480 1996 1720 2038 adherebunt,
1743 2003 1867 2030 contra
1887 2009 2015 2031 omnes
2039 2004 2074 2030 et
2094 1997 2277 2043 singulos,

405 2063 510 2095 etiam
532 2063 563 2095 si
585 2063 658 2096 sint
678 2063 957 2104 Universitates,
980 2063 1135 2108 collegia
1157 2063 1215 2096 vel
1235 2075 1389 2108 corpora
1415 2063 1662 2097 ecclesiastica
1682 2064 1740 2097 vel
1765 2064 1955 2106 secularia,
1981 2076 2046 2098 seu
2071 2064 2278 2110 singulares

405 2142 562 2175 persone
586 2130 850 2174 cujuscumque
878 2129 1077 2174 dignitatis,
1105 2130 1271 2172 honoris,
1299 2137 1426 2172 status,
1452 2131 1684 2176 prerogative
1709 2131 1766 2165 vel
1796 2131 2038 2173 condicionis,
2067 2138 2136 2165 tam
2163 2131 2279 2165 eccle-

405 2197 549 2230 siastice
572 2209 677 2241 quam
699 2196 887 2237 secularis,
911 2197 1065 2229 existant
1091 2209 1291 2242 eorumque
1318 2209 1496 2242 sequaces
1518 2198 1678 2231 fautores
1702 2205 1737 2231 et
1759 2198 1991 2240 adherentes,
2015 2198 2076 2243 qui
2096 2199 2278 2244 predictas

406 2264 583 2297 novitates
610 2270 644 2296 et
668 2263 866 2296 abusiones
887 2263 1062 2296 inducere
1083 2263 1267 2297 voluerint
1291 2271 1351 2297 aut
1372 2265 1548 2298 inducent
1568 2265 1825 2309 quovismodo,
1848 2265 1986 2298 directe
2006 2265 2065 2299 vel
2085 2265 2277 2307 indirecte,

405 2335 441 2367 in
462 2341 536 2367 toto
553 2334 611 2367 vel
632 2334 669 2366 in
690 2341 804 2379 parte,
822 2341 857 2367 et
877 2335 938 2379 qui
961 2346 999 2367 se
1021 2335 1324 2377 contradictores,
1342 2336 1575 2381 oppositores
1597 2343 1657 2369 aut
1677 2336 1848 2381 partiales
1865 2336 2096 2381 infrascripte
2117 2336 2277 2382 appella—

405 2402 500 2434 cioni
527 2401 763 2441 constituent,
793 2407 828 2433 et
854 2401 1076 2446 generaliter
1103 2409 1228 2434 contra
1256 2414 1383 2435 omnes
1405 2409 1441 2435 et
1467 2403 1636 2448 singulos
1663 2415 1816 2448 quorum
1839 2403 1993 2436 interest
2011 2402 2070 2437 vel
2096 2402 2276 2436 interesse

407 2468 538 2512 poterit
559 2480 623 2500 seu
648 2479 686 2500 se
713 2479 776 2500 sua
798 2468 1005 2512 putaverint
1024 2468 1205 2501 interesse
1227 2469 1326 2501 omni
1346 2470 1415 2511 via,
1439 2470 1547 2503 modo
1569 2476 1604 2503 et
1623 2470 1738 2503 forma
1759 2470 1893 2515 quibus
1914 2469 2044 2503 melius
2067 2481 2217 2515 possum
2239 2469 2276 2502 in

406 2534 475 2567 hiis
496 2534 642 2579 scriptis
660 2546 818 2579 provoco
836 2541 870 2567 et
890 2534 1034 2579 appello
1051 2535 1095 2567 ad
1117 2536 1293 2580 prefatum
1312 2536 1499 2569 dominum
1517 2543 1682 2570 nostrum
1700 2549 1826 2582 papam
1844 2543 1880 2570 et
1899 2537 2023 2570 sedem
2041 2536 2275 2582 apostolicam

407 2607 441 2633 et
461 2601 503 2633 ad
530 2600 700 2645 generale
723 2600 925 2634 Concilium
960 2601 1178 2635 universalis
1208 2602 1363 2635 ecclesie
1391 2604 1465 2647 jam
1495 2603 1672 2636 indictum
1701 2610 1736 2636 et
1765 2603 1928 2648 proxime
1955 2602 2211 2636 celebrandum
2239 2603 2276 2636 in

409 2667 517 2707 Urbe,
545 2674 580 2700 et
600 2667 643 2699 ad
665 2679 929 2712 quamcumque
950 2667 1054 2699 aliam
1075 2668 1295 2701 audientiam
1317 2670 1360 2702 ad
1382 2682 1487 2714 quam
1511 2670 1554 2702 de
1577 2671 1662 2714 jure
1683 2670 1815 2703 melius
1836 2681 1986 2715 possum
2009 2676 2043 2702 et
2068 2669 2147 2702 fieri
2165 2681 2276 2714 expe-

407 2733 492 2773 diat,
520 2740 647 2777 petens
669 2740 703 2766 et
723 2734 853 2766 iterum
876 2740 1017 2778 petens,
1045 2734 1170 2776 semel,
1200 2736 1364 2769 secundo
1386 2743 1421 2769 et
1441 2736 1562 2777 tertio,
1589 2736 1779 2776 instanter,
1805 2736 2000 2770 instantius
2027 2742 2062 2769 et
2088 2735 2276 2769 instantis-

407 2799 509 2840 sime,
532 2799 775 2844 apostolos...

497 2867 546 2898 De
568 2872 602 2898 et
623 2878 732 2910 super
753 2866 886 2910 quibus
906 2867 1076 2900 omnibus
1098 2874 1131 2900 et
1159 2868 1318 2914 singulis
1345 2876 1559 2914 procurator
1584 2877 1619 2903 et
1645 2870 1810 2903 sindicus
1837 2870 2024 2915 predictus
2053 2870 2274 2903 substitutus
