<?xml version="1.0" encoding="UTF-8"?>
<!DOCTYPE html PUBLIC "-//W3C//DTD XHTML 1.0 Transitional//EN"
    "http://www.w3.org/TR/xhtml1/DTD/xhtml1-transitional.dtd">
<html xmlns="http://www.w3.org/1999/xhtml" xml:lang="en" lang="en">
 <head>
  <title>
</title>
<meta http-equiv="Content-Type" content="text/html;charset=utf-8" />
  <meta name='ocr-system' content='tesseract 3.04.00' />
  <meta name='ocr-capabilities' content='ocr_page ocr_carea ocr_par ocr_line ocrx_word'/>
</head>
<body>
  <div class='ocr_page' id='page_1' title='image "./chartulariumuniv04univuoft_0370.png"; bbox 0 0 2502 3418; ppageno 0'>
   <div class='ocr_carea' id='block_1_1' title="bbox 402 314 2270 354">
    <p class='ocr_par' dir='ltr' id='par_1_1' title="bbox 402 314 2270 354">
     <span class='ocr_line' id='line_1_1' title="bbox 402 314 2270 354; baseline -0.003 0"><span class='ocrx_word' id='word_1_1' title='bbox 402 321 467 354; x_wconf 88' lang='grc'>326</span> <span class='ocrx_word' id='word_1_2' title='bbox 979 332 1298 354; x_wconf 65' lang='grc' dir='ltr'>οΗΑιῑτυιΑΒιυΜ</span> <span class='ocrx_word' id='word_1_3' title='bbox 1334 330 1525 353; x_wconf 69' lang='lat' dir='ltr'>Umvlzas.</span> <span class='ocrx_word' id='word_1_4' title='bbox 1563 330 1692 351; x_wconf 72' lang='lat' dir='ltr'>PARIS.</span> <span class='ocrx_word' id='word_1_5' title='bbox 2171 314 2270 351; x_wconf 86' lang='lat'>[1416</span> 
     </span>
    </p>
   </div>
   <div class='ocr_carea' id='block_1_2' title="bbox 402 401 2271 1583">
    <p class='ocr_par' dir='ltr' id='par_1_2' title="bbox 403 401 2271 1182">
     <span class='ocr_line' id='line_1_2' title="bbox 492 401 2269 450; baseline -0.002 -13"><span class='ocrx_word' id='word_1_6' title='bbox 492 407 540 437; x_wconf 90' lang='lat' dir='ltr'>Le</span> <span class='ocrx_word' id='word_1_7' title='bbox 556 405 660 450; x_wconf 88' lang='lat' dir='ltr'>jeudi</span> <span class='ocrx_word' id='word_1_8' title='bbox 682 406 896 447; x_wconf 87' lang='lat' dir='ltr'>ens[uivant]</span> <span class='ocrx_word' id='word_1_9' title='bbox 914 418 958 439; x_wconf 90' lang='lat' dir='ltr'>en</span> <span class='ocrx_word' id='word_1_10' title='bbox 980 406 1011 439; x_wconf 86' lang='lat' dir='ltr'>la</span> <span class='ocrx_word' id='word_1_11' title='bbox 1034 418 1152 440; x_wconf 89' lang='lat' dir='ltr'>messe</span> <span class='ocrx_word' id='word_1_12' title='bbox 1175 406 1218 439; x_wconf 89' lang='lat' dir='ltr'>de</span> <span class='ocrx_word' id='word_1_13' title='bbox 1239 406 1271 438; x_wconf 88' lang='lat' dir='ltr'>la</span> <span class='ocrx_word' id='word_1_14' title='bbox 1292 405 1436 445; x_wconf 75' lang='lat' dir='ltr'>saculte⁷</span> <span class='ocrx_word' id='word_1_15' title='bbox 1460 404 1598 437; x_wconf 88' lang='lat' dir='ltr'>domini</span> <span class='ocrx_word' id='word_1_16' title='bbox 1618 403 1766 435; x_wconf 89' lang='lat' dir='ltr'>fuerunt</span> <span class='ocrx_word' id='word_1_17' title='bbox 1786 401 1999 447; x_wconf 86' lang='lat' dir='ltr'>congregati</span> <span class='ocrx_word' id='word_1_18' title='bbox 2020 407 2104 446; x_wconf 88' lang='lat' dir='ltr'>post</span> <span class='ocrx_word' id='word_1_19' title='bbox 2122 401 2269 434; x_wconf 86' lang='lat' dir='ltr'>missam</span> 
     </span>
     <span class='ocr_line' id='line_1_3' title="bbox 403 467 2270 513; baseline -0.002 -9"><span class='ocrx_word' id='word_1_20' title='bbox 403 479 437 505; x_wconf 89' lang='lat' dir='ltr'>et</span> <span class='ocrx_word' id='word_1_21' title='bbox 457 472 752 505; x_wconf 89' lang='lat' dir='ltr'>deliberaverunt</span> <span class='ocrx_word' id='word_1_22' title='bbox 771 473 990 506; x_wconf 89' lang='lat' dir='ltr'>unanimiter</span> <span class='ocrx_word' id='word_1_23' title='bbox 1009 473 1263 506; x_wconf 86' lang='lat' dir='ltr'>convocandos</span> <span class='ocrx_word' id='word_1_24' title='bbox 1284 473 1362 505; x_wconf 87' lang='lat' dir='ltr'>fore</span> <span class='ocrx_word' id='word_1_25' title='bbox 1384 483 1510 504; x_wconf 86' lang='lat' dir='ltr'>omnes</span> <span class='ocrx_word' id='word_1_26' title='bbox 1531 470 1735 503; x_wconf 76' lang='lat' dir='ltr'>licentiatos</span> <span class='ocrx_word' id='word_1_27' title='bbox 1757 469 1793 501; x_wconf 86' lang='lat' dir='ltr'>in</span> <span class='ocrx_word' id='word_1_28' title='bbox 1815 468 1992 503; x_wconf 82' lang='lat' dir='ltr'>decretis:</span> <span class='ocrx_word' id='word_1_29' title='bbox 2016 467 2082 501; x_wconf 89' lang='lat' dir='ltr'>sed</span> <span class='ocrx_word' id='word_1_30' title='bbox 2102 468 2270 513; x_wconf 85' lang='lat' dir='ltr'>primitus</span> 
     </span>
     <span class='ocr_line' id='line_1_4' title="bbox 404 534 2269 584; baseline -0.003 -13"><span class='ocrx_word' id='word_1_31' title='bbox 404 539 563 584; x_wconf 89' lang='lat' dir='ltr'>quinque</span> <span class='ocrx_word' id='word_1_32' title='bbox 579 539 636 572; x_wconf 84' lang='lat' dir='ltr'>vel</span> <span class='ocrx_word' id='word_1_33' title='bbox 658 551 722 572; x_wconf 84' lang='lat' dir='ltr'>sex</span> <span class='ocrx_word' id='word_1_34' title='bbox 742 539 786 572; x_wconf 89' lang='lat' dir='ltr'>de</span> <span class='ocrx_word' id='word_1_35' title='bbox 808 539 1100 580; x_wconf 78' lang='lat' dir='ltr'>notabilioribus,</span> <span class='ocrx_word' id='word_1_36' title='bbox 1120 540 1181 584; x_wconf 89' lang='lat' dir='ltr'>qui</span> <span class='ocrx_word' id='word_1_37' title='bbox 1202 538 1390 572; x_wconf 88' lang='lat' dir='ltr'>convocati</span> <span class='ocrx_word' id='word_1_38' title='bbox 1410 538 1564 577; x_wconf 75' lang='lat' dir='ltr'>fuerant,</span> <span class='ocrx_word' id='word_1_39' title='bbox 1583 537 1628 569; x_wconf 86' lang='lat' dir='ltr'>ita</span> <span class='ocrx_word' id='word_1_40' title='bbox 1651 536 1722 569; x_wconf 85' lang='lat' dir='ltr'>cito</span> <span class='ocrx_word' id='word_1_41' title='bbox 1740 534 1944 568; x_wconf 82' lang='lat' dir='ltr'>deliberare</span> <span class='ocrx_word' id='word_1_42' title='bbox 1966 547 2039 567; x_wconf 91' lang='lat' dir='ltr'>non</span> <span class='ocrx_word' id='word_1_43' title='bbox 2061 541 2269 579; x_wconf 80' lang='lat' dir='ltr'>potuerunt,</span> 
     </span>
     <span class='ocr_line' id='line_1_5' title="bbox 404 601 2268 651; baseline -0.003 -13"><span class='ocrx_word' id='word_1_44' title='bbox 404 605 633 639; x_wconf 83' lang='lat' dir='ltr'>obstantibus</span> <span class='ocrx_word' id='word_1_45' title='bbox 663 606 908 639; x_wconf 86' lang='lat' dir='ltr'>relacionibus</span> <span class='ocrx_word' id='word_1_46' title='bbox 940 606 1042 639; x_wconf 87' lang='lat' dir='ltr'>factis</span> <span class='ocrx_word' id='word_1_47' title='bbox 1076 618 1140 651; x_wconf 90' lang='lat' dir='ltr'>per</span> <span class='ocrx_word' id='word_1_48' title='bbox 1169 605 1333 639; x_wconf 80' lang='lat' dir='ltr'>abbatem</span> <span class='ocrx_word' id='word_1_49' title='bbox 1365 603 1589 648; x_wconf 83' lang='lat' dir='ltr'>Ursicampi³</span> <span class='ocrx_word' id='word_1_50' title='bbox 1619 602 1789 636; x_wconf 85' lang='lat' dir='ltr'>veniente</span> <span class='ocrx_word' id='word_1_51' title='bbox 1819 601 1863 634; x_wconf 91' lang='lat' dir='ltr'>de</span> <span class='ocrx_word' id='word_1_52' title='bbox 1896 601 2061 635; x_wconf 86' lang='lat' dir='ltr'>Concilio</span> <span class='ocrx_word' id='word_1_53' title='bbox 2093 601 2268 646; x_wconf 83' lang='lat' dir='ltr'>generali.</span> 
     </span>
     <span class='ocr_line' id='line_1_6' title="bbox 404 667 2271 718; baseline -0.003 -12"><span class='ocrx_word' id='word_1_54' title='bbox 404 674 538 706; x_wconf 90' lang='lat' dir='ltr'>Verum</span> <span class='ocrx_word' id='word_1_55' title='bbox 560 673 684 717; x_wconf 74' lang='lat' dir='ltr'>xxviij³</span> <span class='ocrx_word' id='word_1_56' title='bbox 705 672 928 717; x_wconf 82' lang='lat' dir='ltr'>Septembris</span> <span class='ocrx_word' id='word_1_57' title='bbox 954 673 1121 718; x_wconf 91' lang='lat' dir='ltr'>pluribus</span> <span class='ocrx_word' id='word_1_58' title='bbox 1147 672 1295 717; x_wconf 87' lang='lat' dir='ltr'>prelatis</span> <span class='ocrx_word' id='word_1_59' title='bbox 1320 678 1355 704; x_wconf 89' lang='lat' dir='ltr'>et</span> <span class='ocrx_word' id='word_1_60' title='bbox 1379 671 1424 704; x_wconf 93' lang='lat' dir='ltr'>de</span> <span class='ocrx_word' id='word_1_61' title='bbox 1445 669 1689 704; x_wconf 84' lang='lat' dir='ltr'>Universitate</span> <span class='ocrx_word' id='word_1_62' title='bbox 1716 667 1970 713; x_wconf 66' lang='lat' dir='ltr'>presentibus*</span> <span class='ocrx_word' id='word_1_63' title='bbox 1992 668 2054 713; x_wconf 89' lang='lat' dir='ltr'>qui</span> <span class='ocrx_word' id='word_1_64' title='bbox 2083 668 2271 705; x_wconf 82' lang='lat' dir='ltr'>convocati</span> 
     </span>
     <span class='ocr_line' id='line_1_7' title="bbox 403 734 2271 779; baseline -0.003 -7"><span class='ocrx_word' id='word_1_65' title='bbox 403 739 545 772; x_wconf 86' lang='lat' dir='ltr'>fuerant</span> <span class='ocrx_word' id='word_1_66' title='bbox 565 739 607 772; x_wconf 89' lang='lat' dir='ltr'>ad</span> <span class='ocrx_word' id='word_1_67' title='bbox 628 739 848 772; x_wconf 87' lang='lat' dir='ltr'>audiendum</span> <span class='ocrx_word' id='word_1_68' title='bbox 866 739 1001 772; x_wconf 88' lang='lat' dir='ltr'>dictum</span> <span class='ocrx_word' id='word_1_69' title='bbox 1017 739 1196 778; x_wconf 74' lang='lat' dir='ltr'>abbatem,</span> <span class='ocrx_word' id='word_1_70' title='bbox 1213 737 1452 771; x_wconf 84' lang='lat' dir='ltr'>cancellarius</span> <span class='ocrx_word' id='word_1_71' title='bbox 1473 736 1623 769; x_wconf 84' lang='lat' dir='ltr'>Francie</span> <span class='ocrx_word' id='word_1_72' title='bbox 1640 735 1781 768; x_wconf 87' lang='lat' dir='ltr'>vocavit</span> <span class='ocrx_word' id='word_1_73' title='bbox 1800 747 1856 767; x_wconf 90' lang='lat' dir='ltr'>me</span> <span class='ocrx_word' id='word_1_74' title='bbox 1879 741 1913 767; x_wconf 89' lang='lat' dir='ltr'>et</span> <span class='ocrx_word' id='word_1_75' title='bbox 1934 735 2024 767; x_wconf 91' lang='lat' dir='ltr'>dixit</span> <span class='ocrx_word' id='word_1_76' title='bbox 2045 734 2152 767; x_wconf 85' lang='lat' dir='ltr'>michi</span> <span class='ocrx_word' id='word_1_77' title='bbox 2173 734 2271 779; x_wconf 91' lang='lat' dir='ltr'>quod</span> 
     </span>
     <span class='ocr_line' id='line_1_8' title="bbox 404 800 2271 850; baseline -0.003 -12"><span class='ocrx_word' id='word_1_78' title='bbox 404 806 562 838; x_wconf 78' lang='lat' dir='ltr'>dicerem</span> <span class='ocrx_word' id='word_1_79' title='bbox 584 806 741 838; x_wconf 90' lang='lat' dir='ltr'>dominis</span> <span class='ocrx_word' id='word_1_80' title='bbox 762 806 852 838; x_wconf 88' lang='lat' dir='ltr'>meis</span> <span class='ocrx_word' id='word_1_81' title='bbox 874 806 971 850; x_wconf 91' lang='lat' dir='ltr'>quod</span> <span class='ocrx_word' id='word_1_82' title='bbox 991 806 1207 838; x_wconf 78' lang='lat' dir='ltr'>festinarent</span> <span class='ocrx_word' id='word_1_83' title='bbox 1228 816 1266 837; x_wconf 93' lang='lat' dir='ltr'>se</span> <span class='ocrx_word' id='word_1_84' title='bbox 1288 804 1332 837; x_wconf 91' lang='lat' dir='ltr'>de</span> <span class='ocrx_word' id='word_1_85' title='bbox 1354 815 1393 836; x_wconf 91' lang='lat' dir='ltr'>se</span> <span class='ocrx_word' id='word_1_86' title='bbox 1414 802 1651 836; x_wconf 89' lang='lat' dir='ltr'>inscribendo</span> <span class='ocrx_word' id='word_1_87' title='bbox 1678 802 1715 834; x_wconf 92' lang='lat' dir='ltr'>in</span> <span class='ocrx_word' id='word_1_88' title='bbox 1743 801 1907 846; x_wconf 87' lang='lat' dir='ltr'>predicto</span> <span class='ocrx_word' id='word_1_89' title='bbox 1935 800 2067 834; x_wconf 83' lang='lat' dir='ltr'>rotulo.</span> <span class='ocrx_word' id='word_1_90' title='bbox 2090 801 2156 833; x_wconf 92' lang='lat' dir='ltr'>Die</span> <span class='ocrx_word' id='word_1_91' title='bbox 2173 801 2271 846; x_wconf 84' lang='lat' dir='ltr'>jovis</span> 
     </span>
     <span class='ocr_line' id='line_1_9' title="bbox 404 867 2270 917; baseline -0.003 -12"><span class='ocrx_word' id='word_1_92' title='bbox 404 872 516 917; x_wconf 87' lang='lat' dir='ltr'>prima</span> <span class='ocrx_word' id='word_1_93' title='bbox 547 872 716 905; x_wconf 77' lang='lat' dir='ltr'>Octobris</span> <span class='ocrx_word' id='word_1_94' title='bbox 747 872 884 904; x_wconf 92' lang='lat' dir='ltr'>domini</span> <span class='ocrx_word' id='word_1_95' title='bbox 912 872 1060 904; x_wconf 88' lang='lat' dir='ltr'>suerunt</span> <span class='ocrx_word' id='word_1_96' title='bbox 1088 871 1300 916; x_wconf 83' lang='lat' dir='ltr'>congregati</span> <span class='ocrx_word' id='word_1_97' title='bbox 1330 876 1365 903; x_wconf 87' lang='lat' dir='ltr'>et</span> <span class='ocrx_word' id='word_1_98' title='bbox 1395 869 1487 902; x_wconf 92' lang='lat' dir='ltr'>illud</span> <span class='ocrx_word' id='word_1_99' title='bbox 1514 869 1567 902; x_wconf 90' lang='lat' dir='ltr'>eis</span> <span class='ocrx_word' id='word_1_100' title='bbox 1595 868 1749 901; x_wconf 86' lang='lat' dir='ltr'>narravi.</span> <span class='ocrx_word' id='word_1_101' title='bbox 1784 867 2088 900; x_wconf 87' lang='lat' dir='ltr'>Deliberaverunt</span> <span class='ocrx_word' id='word_1_102' title='bbox 2116 867 2270 912; x_wconf 80' lang='lat' dir='ltr'>predicti</span> 
     </span>
     <span class='ocr_line' id='line_1_10' title="bbox 404 933 2268 986; baseline -0.003 -15"><span class='ocrx_word' id='word_1_103' title='bbox 404 939 554 977; x_wconf 68' lang='lat' dir='ltr'>domini,</span> <span class='ocrx_word' id='word_1_104' title='bbox 583 939 777 983; x_wconf 83' lang='lat' dir='ltr'>magistros</span> <span class='ocrx_word' id='word_1_105' title='bbox 809 938 990 971; x_wconf 88' lang='lat' dir='ltr'>Andream</span> <span class='ocrx_word' id='word_1_106' title='bbox 1024 945 1058 970; x_wconf 90' lang='lat' dir='ltr'>et</span> <span class='ocrx_word' id='word_1_107' title='bbox 1089 937 1326 971; x_wconf 89' lang='lat' dir='ltr'>Guillelmum</span> <span class='ocrx_word' id='word_1_108' title='bbox 1357 937 1477 977; x_wconf 74' lang='lat' dir='ltr'>Cotin,</span> <span class='ocrx_word' id='word_1_109' title='bbox 1500 935 1721 986; x_wconf 61' lang='lat' dir='ltr'>‚Nicholaum</span> <span class='ocrx_word' id='word_1_110' title='bbox 1752 935 1796 967; x_wconf 91' lang='lat' dir='ltr'>de</span> <span class='ocrx_word' id='word_1_111' title='bbox 1832 934 2002 979; x_wconf 70' lang='lat' dir='ltr'>Savegni,</span> <span class='ocrx_word' id='word_1_112' title='bbox 2033 933 2268 968; x_wconf 87' lang='lat' dir='ltr'>Guillelmum</span> 
     </span>
     <span class='ocr_line' id='line_1_11' title="bbox 404 1000 2269 1049; baseline -0.003 -12"><span class='ocrx_word' id='word_1_113' title='bbox 404 1005 583 1045; x_wconf 71' lang='lat' dir='ltr'>Claustre,</span> <span class='ocrx_word' id='word_1_114' title='bbox 614 1004 812 1037; x_wconf 83' lang='lat' dir='ltr'>Johannem</span> <span class='ocrx_word' id='word_1_115' title='bbox 845 1004 1022 1037; x_wconf 88' lang='lat' dir='ltr'>Jouvenel</span> <span class='ocrx_word' id='word_1_116' title='bbox 1053 1011 1087 1037; x_wconf 90' lang='lat' dir='ltr'>et</span> <span class='ocrx_word' id='word_1_117' title='bbox 1116 1004 1329 1049; x_wconf 84' lang='lat' dir='ltr'>magistrum</span> <span class='ocrx_word' id='word_1_118' title='bbox 1356 1003 1470 1036; x_wconf 85' lang='lat' dir='ltr'>Adam</span> <span class='ocrx_word' id='word_1_119' title='bbox 1499 1002 1543 1035; x_wconf 91' lang='lat' dir='ltr'>de</span> <span class='ocrx_word' id='word_1_120' title='bbox 1575 1001 1825 1034; x_wconf 88' lang='lat' dir='ltr'>Baudribosco</span> <span class='ocrx_word' id='word_1_121' title='bbox 1852 1001 1897 1034; x_wconf 89' lang='lat' dir='ltr'>ad</span> <span class='ocrx_word' id='word_1_122' title='bbox 1926 1001 2021 1034; x_wconf 90' lang='lat' dir='ltr'>diem</span> <span class='ocrx_word' id='word_1_123' title='bbox 2052 1000 2269 1033; x_wconf 84' lang='lat' dir='ltr'>dominicam</span> 
     </span>
     <span class='ocr_line' id='line_1_12' title="bbox 404 1067 2270 1116; baseline -0.003 -12"><span class='ocrx_word' id='word_1_124' title='bbox 404 1078 615 1116; x_wconf 82' lang='lat' dir='ltr'>sequentem</span> <span class='ocrx_word' id='word_1_125' title='bbox 638 1071 892 1104; x_wconf 90' lang='lat' dir='ltr'>convocandos</span> <span class='ocrx_word' id='word_1_126' title='bbox 924 1071 960 1103; x_wconf 92' lang='lat' dir='ltr'>in</span> <span class='ocrx_word' id='word_1_127' title='bbox 991 1072 1121 1104; x_wconf 86' lang='lat' dir='ltr'>Sancto</span> <span class='ocrx_word' id='word_1_128' title='bbox 1151 1070 1327 1104; x_wconf 89' lang='lat' dir='ltr'>Johanne.</span> <span class='ocrx_word' id='word_1_129' title='bbox 1359 1070 1429 1112; x_wconf 88' lang='lat' dir='ltr'>Qui</span> <span class='ocrx_word' id='word_1_130' title='bbox 1457 1069 1604 1114; x_wconf 87' lang='lat' dir='ltr'>quidem</span> <span class='ocrx_word' id='word_1_131' title='bbox 1629 1068 1687 1102; x_wconf 91' lang='lat' dir='ltr'>vel</span> <span class='ocrx_word' id='word_1_132' title='bbox 1716 1080 1840 1101; x_wconf 89' lang='lat' dir='ltr'>eorum</span> <span class='ocrx_word' id='word_1_133' title='bbox 1872 1067 1984 1112; x_wconf 82' lang='lat' dir='ltr'>aliqui</span> <span class='ocrx_word' id='word_1_134' title='bbox 2018 1074 2270 1112; x_wconf 83' lang='lat' dir='ltr'>comparentes</span> 
     </span>
     <span class='ocr_line' id='line_1_13' title="bbox 403 1137 1133 1182; baseline -0.001 -11"><span class='ocrx_word' id='word_1_135' title='bbox 403 1138 597 1171; x_wconf 87' lang='lat' dir='ltr'>voluerunt</span> <span class='ocrx_word' id='word_1_136' title='bbox 616 1137 732 1170; x_wconf 88' lang='lat' dir='ltr'>adhuc</span> <span class='ocrx_word' id='word_1_137' title='bbox 753 1137 896 1182; x_wconf 88' lang='lat' dir='ltr'>planius</span> <span class='ocrx_word' id='word_1_138' title='bbox 917 1137 1133 1170; x_wconf 85' lang='lat' dir='ltr'>deliberare.</span> 
     </span>
    </p>

    <p class='ocr_par' dir='ltr' id='par_1_3' title="bbox 402 1201 2271 1583">
     <span class='ocr_line' id='line_1_14' title="bbox 491 1201 2271 1249; baseline -0.002 -13"><span class='ocrx_word' id='word_1_139' title='bbox 491 1204 723 1237; x_wconf 85' lang='lat' dir='ltr'>Postmodum</span> <span class='ocrx_word' id='word_1_140' title='bbox 747 1204 877 1237; x_wconf 90' lang='lat' dir='ltr'>diebus</span> <span class='ocrx_word' id='word_1_141' title='bbox 898 1204 1066 1249; x_wconf 90' lang='lat' dir='ltr'>pluribus</span> <span class='ocrx_word' id='word_1_142' title='bbox 1087 1203 1327 1248; x_wconf 85' lang='lat' dir='ltr'>sequentibus</span> <span class='ocrx_word' id='word_1_143' title='bbox 1348 1203 1465 1236; x_wconf 86' lang='lat' dir='ltr'>vocati</span> <span class='ocrx_word' id='word_1_144' title='bbox 1485 1204 1632 1235; x_wconf 88' lang='lat' dir='ltr'>suerunt</span> <span class='ocrx_word' id='word_1_145' title='bbox 1656 1202 1831 1235; x_wconf 87' lang='lat' dir='ltr'>licentiati</span> <span class='ocrx_word' id='word_1_146' title='bbox 1856 1202 2024 1247; x_wconf 88' lang='lat' dir='ltr'>legentes</span> <span class='ocrx_word' id='word_1_147' title='bbox 2045 1201 2089 1234; x_wconf 92' lang='lat' dir='ltr'>de</span> <span class='ocrx_word' id='word_1_148' title='bbox 2112 1212 2214 1234; x_wconf 89' lang='lat' dir='ltr'>mane</span> <span class='ocrx_word' id='word_1_149' title='bbox 2235 1207 2271 1233; x_wconf 91' lang='lat' dir='ltr'>et</span> 
     </span>
     <span class='ocr_line' id='line_1_15' title="bbox 402 1267 2270 1314; baseline -0.002 -11"><span class='ocrx_word' id='word_1_150' title='bbox 402 1270 596 1304; x_wconf 68' lang='lat' dir='ltr'>bachelarii</span> <span class='ocrx_word' id='word_1_151' title='bbox 618 1271 712 1303; x_wconf 89' lang='lat' dir='ltr'>dicte</span> <span class='ocrx_word' id='word_1_152' title='bbox 733 1271 912 1304; x_wconf 78' lang='lat' dir='ltr'>facultatis</span> <span class='ocrx_word' id='word_1_153' title='bbox 930 1271 1183 1312; x_wconf 89' lang='lat' dir='ltr'>decr[et0rum]</span> <span class='ocrx_word' id='word_1_154' title='bbox 1206 1270 1250 1303; x_wconf 89' lang='lat' dir='ltr'>ad</span> <span class='ocrx_word' id='word_1_155' title='bbox 1266 1269 1542 1303; x_wconf 89' lang='lat' dir='ltr'>deliberandum</span> <span class='ocrx_word' id='word_1_156' title='bbox 1561 1281 1672 1314; x_wconf 88' lang='lat' dir='ltr'>super</span> <span class='ocrx_word' id='word_1_157' title='bbox 1687 1269 1871 1314; x_wconf 84' lang='lat' dir='ltr'>aliquibus</span> <span class='ocrx_word' id='word_1_158' title='bbox 1891 1269 1927 1301; x_wconf 90' lang='lat' dir='ltr'>ix</span> <span class='ocrx_word' id='word_1_159' title='bbox 1947 1267 2270 1313; x_wconf 85' lang='lat' dir='ltr'>proposicionibus</span> 
     </span>
     <span class='ocr_line' id='line_1_16' title="bbox 402 1335 2269 1383; baseline -0.002 -13"><span class='ocrx_word' id='word_1_160' title='bbox 402 1350 465 1370; x_wconf 88' lang='lat' dir='ltr'>seu</span> <span class='ocrx_word' id='word_1_161' title='bbox 494 1337 768 1370; x_wconf 87' lang='lat' dir='ltr'>assercionibus</span> <span class='ocrx_word' id='word_1_162' title='bbox 796 1338 903 1370; x_wconf 90' lang='lat' dir='ltr'>nobis</span> <span class='ocrx_word' id='word_1_163' title='bbox 933 1338 1074 1371; x_wconf 86' lang='lat' dir='ltr'>traditis</span> <span class='ocrx_word' id='word_1_164' title='bbox 1103 1349 1167 1383; x_wconf 81' lang='lat' dir='ltr'>per</span> <span class='ocrx_word' id='word_1_165' title='bbox 1188 1338 1324 1370; x_wconf 87' lang='lat' dir='ltr'>dictum</span> <span class='ocrx_word' id='word_1_166' title='bbox 1351 1337 1537 1369; x_wconf 90' lang='lat' dir='ltr'>dominum</span> <span class='ocrx_word' id='word_1_167' title='bbox 1567 1343 1759 1377; x_wconf 73' lang='lat' dir='ltr'>rectorem,</span> <span class='ocrx_word' id='word_1_168' title='bbox 1780 1348 1861 1369; x_wconf 90' lang='lat' dir='ltr'>cum</span> <span class='ocrx_word' id='word_1_169' title='bbox 1882 1335 2066 1380; x_wconf 87' lang='lat' dir='ltr'>aliquibus</span> <span class='ocrx_word' id='word_1_170' title='bbox 2093 1335 2269 1380; x_wconf 86' lang='lat' dir='ltr'>prefacio-</span> 
     </span>
     <span class='ocr_line' id='line_1_17' title="bbox 404 1402 2270 1450; baseline -0.002 -13"><span class='ocrx_word' id='word_1_171' title='bbox 404 1404 510 1437; x_wconf 88' lang='lat' dir='ltr'>nibus</span> <span class='ocrx_word' id='word_1_172' title='bbox 532 1404 660 1437; x_wconf 86' lang='lat' dir='ltr'>dictam</span> <span class='ocrx_word' id='word_1_173' title='bbox 682 1405 864 1437; x_wconf 87' lang='lat' dir='ltr'>materiam</span> <span class='ocrx_word' id='word_1_174' title='bbox 888 1404 1134 1450; x_wconf 83' lang='lat' dir='ltr'>tangentibus.</span> <span class='ocrx_word' id='word_1_175' title='bbox 1158 1405 1255 1447; x_wconf 85' lang='lat' dir='ltr'>Quas</span> <span class='ocrx_word' id='word_1_176' title='bbox 1277 1404 1406 1448; x_wconf 87' lang='lat' dir='ltr'>rejexit</span> <span class='ocrx_word' id='word_1_177' title='bbox 1424 1403 1575 1436; x_wconf 85' lang='lat' dir='ltr'>facultas</span> <span class='ocrx_word' id='word_1_178' title='bbox 1597 1403 1825 1436; x_wconf 88' lang='lat' dir='ltr'>decretorum</span> <span class='ocrx_word' id='word_1_179' title='bbox 1853 1402 2092 1447; x_wconf 87' lang='lat' dir='ltr'>solempniter</span> <span class='ocrx_word' id='word_1_180' title='bbox 2115 1413 2270 1447; x_wconf 87' lang='lat' dir='ltr'>congre-</span> 
     </span>
     <span class='ocr_line' id='line_1_18' title="bbox 402 1468 2270 1516; baseline -0.002 -12"><span class='ocrx_word' id='word_1_181' title='bbox 402 1478 494 1516; x_wconf 81' lang='lat' dir='ltr'>gata,</span> <span class='ocrx_word' id='word_1_182' title='bbox 513 1471 641 1504; x_wconf 86' lang='lat' dir='ltr'>volens</span> <span class='ocrx_word' id='word_1_183' title='bbox 657 1471 861 1504; x_wconf 84' lang='lat' dir='ltr'>deliberare</span> <span class='ocrx_word' id='word_1_184' title='bbox 883 1483 994 1516; x_wconf 88' lang='lat' dir='ltr'>super</span> <span class='ocrx_word' id='word_1_185' title='bbox 1009 1472 1157 1504; x_wconf 87' lang='lat' dir='ltr'>materia</span> <span class='ocrx_word' id='word_1_186' title='bbox 1174 1471 1349 1504; x_wconf 86' lang='lat' dir='ltr'>dictarum</span> <span class='ocrx_word' id='word_1_187' title='bbox 1371 1470 1668 1516; x_wconf 91' lang='lat' dir='ltr'>proposicionum</span> <span class='ocrx_word' id='word_1_188' title='bbox 1692 1469 1762 1503; x_wconf 89' lang='lat' dir='ltr'>sibi</span> <span class='ocrx_word' id='word_1_189' title='bbox 1783 1469 1983 1503; x_wconf 89' lang='lat' dir='ltr'>oblatarum</span> <span class='ocrx_word' id='word_1_190' title='bbox 2006 1469 2085 1502; x_wconf 90' lang='lat' dir='ltr'>sine</span> <span class='ocrx_word' id='word_1_191' title='bbox 2106 1468 2270 1516; x_wconf 86' lang='lat' dir='ltr'>nomina-</span> 
     </span>
     <span class='ocr_line' id='line_1_19' title="bbox 402 1536 2268 1583; baseline -0.002 -13"><span class='ocrx_word' id='word_1_192' title='bbox 402 1538 506 1570; x_wconf 89' lang='lat' dir='ltr'>cione</span> <span class='ocrx_word' id='word_1_193' title='bbox 527 1538 700 1579; x_wconf 73' lang='lat' dir='ltr'>auctoris,</span> <span class='ocrx_word' id='word_1_194' title='bbox 723 1545 829 1582; x_wconf 90' lang='lat' dir='ltr'>prout</span> <span class='ocrx_word' id='word_1_195' title='bbox 849 1545 995 1571; x_wconf 86' lang='lat' dir='ltr'>cavetur</span> <span class='ocrx_word' id='word_1_196' title='bbox 1016 1538 1052 1570; x_wconf 89' lang='lat' dir='ltr'>in</span> <span class='ocrx_word' id='word_1_197' title='bbox 1073 1538 1205 1571; x_wconf 89' lang='lat' dir='ltr'>litteris</span> <span class='ocrx_word' id='word_1_198' title='bbox 1231 1549 1343 1583; x_wconf 85' lang='lat' dir='ltr'>super</span> <span class='ocrx_word' id='word_1_199' title='bbox 1362 1537 1430 1570; x_wconf 90' lang='lat' dir='ltr'>hoc</span> <span class='ocrx_word' id='word_1_200' title='bbox 1451 1537 1628 1570; x_wconf 86' lang='lat' dir='ltr'>confectis</span> <span class='ocrx_word' id='word_1_201' title='bbox 1653 1549 1747 1569; x_wconf 90' lang='lat' dir='ltr'>anno</span> <span class='ocrx_word' id='word_1_202' title='bbox 1774 1536 1919 1569; x_wconf 92' lang='lat' dir='ltr'>Domini</span> <span class='ocrx_word' id='word_1_203' title='bbox 1947 1537 1997 1568; x_wconf 65' lang='grc' dir='ltr'>Μ’)</span> <span class='ocrx_word' id='word_1_204' title='bbox 2009 1536 2146 1570; x_wconf 90' lang='lat' dir='ltr'>CCCC⁰</span> <span class='ocrx_word' id='word_1_205' title='bbox 2156 1536 2268 1576; x_wconf 80' lang='lat' dir='ltr'>XVI⁰,</span> 
     </span>
    </p>
   </div>
   <div class='ocr_carea' id='block_1_3' title="bbox 403 1603 2157 1650">
    <p class='ocr_par' dir='ltr' id='par_1_4' title="bbox 403 1603 2157 1650">
     <span class='ocr_line' id='line_1_20' title="bbox 403 1603 2157 1650; baseline -0.001 -13"><span class='ocrx_word' id='word_1_206' title='bbox 403 1605 539 1637; x_wconf 90' lang='lat' dir='ltr'>mensis</span> <span class='ocrx_word' id='word_1_207' title='bbox 560 1604 775 1638; x_wconf 83' lang='lat' dir='ltr'>Novembris</span> <span class='ocrx_word' id='word_1_208' title='bbox 795 1605 914 1649; x_wconf 79' lang='lat' dir='ltr'>xviij⁵,</span> <span class='ocrx_word' id='word_1_209' title='bbox 937 1612 972 1638; x_wconf 89' lang='lat' dir='ltr'>et</span> <span class='ocrx_word' id='word_1_210' title='bbox 992 1605 1162 1650; x_wconf 82' lang='lat' dir='ltr'>sigillatis</span> <span class='ocrx_word' id='word_1_211' title='bbox 1183 1604 1306 1649; x_wconf 76' lang='lat' dir='ltr'>sigillo</span> <span class='ocrx_word' id='word_1_212' title='bbox 1327 1604 1507 1637; x_wconf 86' lang='lat' dir='ltr'>facultatis</span> <span class='ocrx_word' id='word_1_213' title='bbox 1527 1616 1608 1636; x_wconf 77' lang='lat' dir='ltr'>cuin</span> <span class='ocrx_word' id='word_1_214' title='bbox 1629 1603 1900 1648; x_wconf 88' lang='lat' dir='ltr'>subscriptione</span> <span class='ocrx_word' id='word_1_215' title='bbox 1921 1603 2157 1636; x_wconf 89' lang='lat' dir='ltr'>notariorum.</span> 
     </span>
    </p>
   </div>
   <div class='ocr_carea' id='block_1_4' title="bbox 402 1700 2271 1908">
    <p class='ocr_par' dir='ltr' id='par_1_5' title="bbox 403 1700 2270 1771">
     <span class='ocr_line' id='line_1_21' title="bbox 496 1700 2270 1734; baseline -0.001 -9"><span class='ocrx_word' id='word_1_216' title='bbox 496 1703 602 1726; x_wconf 86' lang='lat' dir='ltr'>Memor.</span> <span class='ocrx_word' id='word_1_217' title='bbox 619 1704 668 1726; x_wconf 81' lang='lat' dir='ltr'>fae.</span> <span class='ocrx_word' id='word_1_218' title='bbox 684 1703 753 1726; x_wconf 89' lang='lat' dir='ltr'>decr.</span> <span class='ocrx_word' id='word_1_219' title='bbox 774 1703 867 1730; x_wconf 59' lang='lat' dir='ltr'>Paris„</span> <span class='ocrx_word' id='word_1_220' title='bbox 882 1704 899 1731; x_wconf 72' lang='grc' dir='ltr'>Ι,</span> <span class='ocrx_word' id='word_1_221' title='bbox 918 1703 963 1727; x_wconf 87' lang='lat' dir='ltr'>sol.</span> <span class='ocrx_word' id='word_1_222' title='bbox 979 1703 1029 1726; x_wconf 72' lang='lat'><strong>19¹³.</strong></span> <span class='ocrx_word' id='word_1_223' title='bbox 1046 1717 1076 1721; x_wconf 89' lang='lat'>—</span> <span class='ocrx_word' id='word_1_224' title='bbox 1096 1703 1216 1734; x_wconf 79' lang='lat' dir='ltr'>Epistola</span> <span class='ocrx_word' id='word_1_225' title='bbox 1237 1702 1390 1726; x_wconf 80' lang='lat' dir='ltr'>cancellarii</span> <span class='ocrx_word' id='word_1_226' title='bbox 1409 1702 1535 1726; x_wconf 81' lang='lat' dir='ltr'>Franciae</span> <span class='ocrx_word' id='word_1_227' title='bbox 1550 1706 1635 1726; x_wconf 80' lang='lat' dir='ltr'>exstat</span> <span class='ocrx_word' id='word_1_228' title='bbox 1649 1702 1728 1725; x_wconf 87' lang='lat' dir='ltr'>etiam</span> <span class='ocrx_word' id='word_1_229' title='bbox 1745 1702 1770 1725; x_wconf 89' lang='lat' dir='ltr'>in</span> <span class='ocrx_word' id='word_1_230' title='bbox 1786 1702 1855 1725; x_wconf 86' lang='lat' dir='ltr'>Bibl.</span> <span class='ocrx_word' id='word_1_231' title='bbox 1872 1705 1925 1724; x_wconf 80' lang='lat' dir='ltr'>nat.</span> <span class='ocrx_word' id='word_1_232' title='bbox 1942 1701 2035 1729; x_wconf 59' lang='lat' dir='ltr'>Paris„</span> <span class='ocrx_word' id='word_1_233' title='bbox 2052 1709 2102 1725; x_wconf 85' lang='lat' dir='ltr'>ms.</span> <span class='ocrx_word' id='word_1_234' title='bbox 2118 1701 2164 1724; x_wconf 80' lang='lat' dir='ltr'>lat.</span> <span class='ocrx_word' id='word_1_235' title='bbox 2184 1700 2270 1730; x_wconf 75' lang='grc'><strong>11804,</strong></span> 
     </span>
     <span class='ocr_line' id='line_1_22' title="bbox 403 1747 515 1771; baseline 0 -1"><span class='ocrx_word' id='word_1_236' title='bbox 403 1747 447 1771; x_wconf 86' lang='lat' dir='ltr'>sol.</span> <span class='ocrx_word' id='word_1_237' title='bbox 461 1748 515 1771; x_wconf 87' lang='lat'><strong>357.</strong></span> 
     </span>
    </p>

    <p class='ocr_par' dir='ltr' id='par_1_6' title="bbox 402 1829 2271 1908">
     <span class='ocr_line' id='line_1_23' title="bbox 494 1829 2271 1863; baseline -0.002 -7"><span class='ocrx_word' id='word_1_238' title='bbox 494 1831 517 1856; x_wconf 84' lang='lat'>1.</span> <span class='ocrx_word' id='word_1_239' title='bbox 535 1832 569 1855; x_wconf 92' lang='lat' dir='ltr'>De</span> <span class='ocrx_word' id='word_1_240' title='bbox 584 1840 633 1863; x_wconf 89' lang='lat' dir='ltr'>quo</span> <span class='ocrx_word' id='word_1_241' title='bbox 648 1832 700 1855; x_wconf 91' lang='lat' dir='ltr'>vid.</span> <span class='ocrx_word' id='word_1_242' title='bbox 716 1836 766 1854; x_wconf 80' lang='lat' dir='ltr'>num</span> <span class='ocrx_word' id='word_1_243' title='bbox 781 1833 850 1856; x_wconf 74' lang='lat'>2072.</span> <span class='ocrx_word' id='word_1_244' title='bbox 868 1846 895 1849; x_wconf 97' lang='lat'><strong>—</strong></span> <span class='ocrx_word' id='word_1_245' title='bbox 912 1832 936 1856; x_wconf 89' lang='lat'>2.</span> <span class='ocrx_word' id='word_1_246' title='bbox 953 1833 1000 1856; x_wconf 87' lang='lat' dir='ltr'>Ms.</span> <span class='ocrx_word' id='word_1_247' title='bbox 1018 1840 1022 1855; x_wconf 81' lang='lat' dir='ltr'><em>z</em></span> <span class='ocrx_word' id='word_1_248' title='bbox 1042 1841 1052 1855; x_wconf 75' lang='lat' dir='ltr'>&lt;t</span> <span class='ocrx_word' id='word_1_249' title='bbox 1069 1832 1153 1863; x_wconf 83' lang='lat' dir='ltr'>major</span> <span class='ocrx_word' id='word_1_250' title='bbox 1168 1840 1231 1863; x_wconf 84' lang='lat' dir='ltr'>pars</span> <span class='ocrx_word' id='word_1_251' title='bbox 1246 1832 1328 1855; x_wconf 84' lang='lat' dir='ltr'>multo</span> <span class='ocrx_word' id='word_1_252' title='bbox 1345 1840 1366 1855; x_wconf 77' lang='grc' dir='ltr'>υ.</span> <span class='ocrx_word' id='word_1_253' title='bbox 1384 1846 1411 1849; x_wconf 95' lang='grc'><strong>-</strong></span> <span class='ocrx_word' id='word_1_254' title='bbox 1428 1831 1451 1856; x_wconf 87' lang='grc'>3.</span> <span class='ocrx_word' id='word_1_255' title='bbox 1467 1832 1614 1855; x_wconf 60' lang='lat' dir='ltr'>iohannem</span> <span class='ocrx_word' id='word_1_256' title='bbox 1630 1831 1725 1859; x_wconf 83' lang='lat' dir='ltr'>Picart,</span> <span class='ocrx_word' id='word_1_257' title='bbox 1742 1839 1812 1862; x_wconf 81' lang='lat' dir='ltr'>mag.</span> <span class='ocrx_word' id='word_1_258' title='bbox 1829 1831 1919 1860; x_wconf 71' lang='lat' dir='ltr'>theol„</span> <span class='ocrx_word' id='word_1_259' title='bbox 1936 1831 1967 1854; x_wconf 88' lang='lat' dir='ltr'>de</span> <span class='ocrx_word' id='word_1_260' title='bbox 1982 1838 2034 1862; x_wconf 90' lang='lat' dir='ltr'>quo</span> <span class='ocrx_word' id='word_1_261' title='bbox 2044 1830 2104 1861; x_wconf 87' lang='lat' dir='ltr'>jam·</span> <span class='ocrx_word' id='word_1_262' title='bbox 2112 1829 2223 1861; x_wconf 72' lang='lat' dir='ltr'>pluries.</span> <span class='ocrx_word' id='word_1_263' title='bbox 2239 1842 2271 1847; x_wconf 98' lang='lat'><strong>—</strong></span> 
     </span>
     <span class='ocr_line' id='line_1_24' title="bbox 402 1875 1140 1908; baseline 0 -8"><span class='ocrx_word' id='word_1_264' title='bbox 402 1875 426 1900; x_wconf 71' lang='grc'>4.</span> <span class='ocrx_word' id='word_1_265' title='bbox 443 1877 491 1900; x_wconf 90' lang='lat' dir='ltr'>Ms.</span> <span class='ocrx_word' id='word_1_266' title='bbox 509 1884 513 1899; x_wconf 89' lang='lat'>:</span> <span class='ocrx_word' id='word_1_267' title='bbox 532 1885 543 1899; x_wconf 90' lang='lat'>«</span> <span class='ocrx_word' id='word_1_268' title='bbox 560 1877 649 1907; x_wconf 84' lang='lat' dir='ltr'>plures</span> <span class='ocrx_word' id='word_1_269' title='bbox 665 1885 687 1900; x_wconf 86' lang='lat'>›&gt;.</span> <span class='ocrx_word' id='word_1_270' title='bbox 703 1890 733 1894; x_wconf 97' lang='lat'><strong>—</strong></span> <span class='ocrx_word' id='word_1_271' title='bbox 749 1876 772 1902; x_wconf 81' lang='lat'>5.</span> <span class='ocrx_word' id='word_1_272' title='bbox 791 1877 851 1900; x_wconf 84' lang='lat' dir='ltr'>Vid.</span> <span class='ocrx_word' id='word_1_273' title='bbox 868 1881 964 1899; x_wconf 72' lang='lat' dir='ltr'>nuruuun</span> <span class='ocrx_word' id='word_1_274' title='bbox 980 1881 1140 1908; x_wconf 84' lang='lat' dir='ltr'>sequentem.</span> 
     </span>
    </p>
   </div>
   <div class='ocr_carea' id='block_1_5' title="bbox 405 2060 2271 2596">
    <p class='ocr_par' dir='ltr' id='par_1_7' title="bbox 405 2060 2271 2596">
     <span class='ocr_line' id='line_1_25' title="bbox 405 2060 2270 2107; baseline -0.001 -11"><span class='ocrx_word' id='word_1_275' title='bbox 405 2060 549 2098; x_wconf 82' lang='grc'>2076.</span> <span class='ocrx_word' id='word_1_276' title='bbox 578 2071 612 2096; x_wconf 83' lang='lat' dir='ltr'>Ut</span> <span class='ocrx_word' id='word_1_277' title='bbox 622 2070 749 2096; x_wconf 80' lang='lat' dir='ltr'>decanus</span> <span class='ocrx_word' id='word_1_278' title='bbox 765 2075 791 2096; x_wconf 87' lang='lat' dir='ltr'>et</span> <span class='ocrx_word' id='word_1_279' title='bbox 806 2070 955 2105; x_wconf 78' lang='lat' dir='ltr'>collegium</span> <span class='ocrx_word' id='word_1_280' title='bbox 970 2072 1124 2106; x_wconf 74' lang='lat' dir='ltr'>facultatis</span> <span class='ocrx_word' id='word_1_281' title='bbox 1140 2072 1245 2098; x_wconf 79' lang='lat' dir='ltr'>decret.</span> <span class='ocrx_word' id='word_1_282' title='bbox 1258 2072 1355 2098; x_wconf 86' lang='lat' dir='ltr'>Paris.</span> <span class='ocrx_word' id='word_1_283' title='bbox 1366 2073 1527 2107; x_wconf 83' lang='lat' dir='ltr'>notificant,</span> <span class='ocrx_word' id='word_1_284' title='bbox 1542 2072 1673 2106; x_wconf 79' lang='lat' dir='ltr'>facultas</span> <span class='ocrx_word' id='word_1_285' title='bbox 1690 2071 1867 2097; x_wconf 86' lang='lat' dir='ltr'>decretorum</span> <span class='ocrx_word' id='word_1_286' title='bbox 1885 2070 2018 2106; x_wconf 86' lang='lat' dir='ltr'>(attentis</span> <span class='ocrx_word' id='word_1_287' title='bbox 2030 2070 2270 2096; x_wconf 82' lang='lat' dir='ltr'>determinatione</span> 
     </span>
     <span class='ocr_line' id='line_1_26' title="bbox 495 2119 2271 2156; baseline 0 -12"><span class='ocrx_word' id='word_1_288' title='bbox 495 2119 614 2144; x_wconf 82' lang='lat' dir='ltr'>Concilii</span> <span class='ocrx_word' id='word_1_289' title='bbox 632 2120 840 2146; x_wconf 84' lang='lat' dir='ltr'>Constantiens.</span> <span class='ocrx_word' id='word_1_290' title='bbox 864 2123 891 2146; x_wconf 83' lang='lat' dir='ltr'>et</span> <span class='ocrx_word' id='word_1_291' title='bbox 906 2120 1176 2155; x_wconf 81' lang='lat' dir='ltr'>qualificationibus</span> <span class='ocrx_word' id='word_1_292' title='bbox 1191 2122 1393 2156; x_wconf 78' lang='lat' dir='ltr'>magistrorum</span> <span class='ocrx_word' id='word_1_293' title='bbox 1413 2121 1568 2156; x_wconf 76' lang='lat' dir='ltr'>facultatis</span> <span class='ocrx_word' id='word_1_294' title='bbox 1584 2121 1683 2154; x_wconf 63' lang='lat' dir='ltr'>theol)</span> <span class='ocrx_word' id='word_1_295' title='bbox 1699 2121 1818 2156; x_wconf 82' lang='lat' dir='ltr'>saepius</span> <span class='ocrx_word' id='word_1_296' title='bbox 1834 2124 1989 2146; x_wconf 80' lang='lat' dir='ltr'>convocata</span> <span class='ocrx_word' id='word_1_297' title='bbox 2005 2119 2045 2145; x_wconf 88' lang='lat' dir='ltr'>ad</span> <span class='ocrx_word' id='word_1_298' title='bbox 2059 2119 2187 2145; x_wconf 86' lang='lat' dir='ltr'>dandum</span> <span class='ocrx_word' id='word_1_299' title='bbox 2203 2127 2271 2145; x_wconf 87' lang='lat' dir='ltr'>con-</span> 
     </span>
     <span class='ocr_line' id='line_1_27' title="bbox 491 2168 2271 2206; baseline 0.001 -13"><span class='ocrx_word' id='word_1_300' title='bbox 491 2168 587 2193; x_wconf 79' lang='lat' dir='ltr'>silium</span> <span class='ocrx_word' id='word_1_301' title='bbox 603 2168 638 2194; x_wconf 86' lang='lat' dir='ltr'>cle</span> <span class='ocrx_word' id='word_1_302' title='bbox 652 2169 900 2204; x_wconf 76' lang='lat' dir='ltr'>propositionibus</span> <span class='ocrx_word' id='word_1_303' title='bbox 914 2178 989 2204; x_wconf 79' lang='lat' dir='ltr'>mag.</span> <span class='ocrx_word' id='word_1_304' title='bbox 1003 2170 1143 2195; x_wconf 80' lang='lat' dir='ltr'>Johannis</span> <span class='ocrx_word' id='word_1_305' title='bbox 1159 2171 1253 2203; x_wconf 65' lang='lat' dir='ltr'>Parvi⁷</span> <span class='ocrx_word' id='word_1_306' title='bbox 1272 2171 1409 2206; x_wconf 81' lang='lat' dir='ltr'>reprobat</span> <span class='ocrx_word' id='word_1_307' title='bbox 1424 2172 1440 2197; x_wconf 87' lang='lat'><em>9</em></span> <span class='ocrx_word' id='word_1_308' title='bbox 1452 2170 1692 2206; x_wconf 72' lang='lat' dir='ltr'>propositione-3¹,</span> <span class='ocrx_word' id='word_1_309' title='bbox 1708 2169 1852 2204; x_wconf 74' lang='lat' dir='ltr'>facultate</span> <span class='ocrx_word' id='word_1_310' title='bbox 1868 2173 1934 2195; x_wconf 85' lang='lat' dir='ltr'>tunc</span> <span class='ocrx_word' id='word_1_311' title='bbox 1949 2168 2108 2205; x_wconf 81' lang='lat' dir='ltr'>composita</span> <span class='ocrx_word' id='word_1_312' title='bbox 2123 2169 2157 2195; x_wconf 91' lang='lat'>18</span> <span class='ocrx_word' id='word_1_313' title='bbox 2172 2168 2271 2194; x_wconf 83' lang='lat' dir='ltr'>docto-</span> 
     </span>
     <span class='ocr_line' id='line_1_28' title="bbox 492 2217 2271 2255; baseline 0.001 -13"><span class='ocrx_word' id='word_1_314' title='bbox 492 2217 580 2251; x_wconf 78' lang='lat' dir='ltr'>ribus,</span> <span class='ocrx_word' id='word_1_315' title='bbox 599 2219 633 2244; x_wconf 82' lang='lat'>48</span> <span class='ocrx_word' id='word_1_316' title='bbox 648 2217 806 2243; x_wconf 85' lang='lat' dir='ltr'>licentiatis</span> <span class='ocrx_word' id='word_1_317' title='bbox 822 2222 849 2244; x_wconf 83' lang='lat' dir='ltr'>et</span> <span class='ocrx_word' id='word_1_318' title='bbox 866 2219 900 2245; x_wconf 90' lang='lat'>57</span> <span class='ocrx_word' id='word_1_319' title='bbox 923 2218 1114 2246; x_wconf 80' lang='lat' dir='ltr'>baccalareis.</span> <span class='ocrx_word' id='word_1_320' title='bbox 1133 2229 1148 2244; x_wconf 76' lang='grc'>«</span> <span class='ocrx_word' id='word_1_321' title='bbox 1174 2220 1314 2253; x_wconf 84' lang='lat' dir='ltr'>Quocirca</span> <span class='ocrx_word' id='word_1_322' title='bbox 1328 2220 1355 2245; x_wconf 91' lang='lat' dir='ltr'>si</span> <span class='ocrx_word' id='word_1_323' title='bbox 1370 2228 1424 2255; x_wconf 80' lang='lat' dir='ltr'>que</span> <span class='ocrx_word' id='word_1_324' title='bbox 1439 2220 1551 2245; x_wconf 86' lang='lat' dir='ltr'>nomine</span> <span class='ocrx_word' id='word_1_325' title='bbox 1565 2219 1720 2254; x_wconf 84' lang='lat' dir='ltr'>facultatis</span> <span class='ocrx_word' id='word_1_326' title='bbox 1736 2219 1765 2244; x_wconf 84' lang='lat' dir='ltr'>in</span> <span class='ocrx_word' id='word_1_327' title='bbox 1780 2218 1955 2244; x_wconf 83' lang='lat' dir='ltr'>contrarium</span> <span class='ocrx_word' id='word_1_328' title='bbox 1970 2218 2165 2254; x_wconf 85' lang='lat' dir='ltr'>predictorum</span> <span class='ocrx_word' id='word_1_329' title='bbox 2181 2226 2271 2243; x_wconf 89' lang='lat' dir='ltr'>emer-</span> 
     </span>
     <span class='ocr_line' id='line_1_29' title="bbox 491 2266 2271 2304; baseline 0.001 -13"><span class='ocrx_word' id='word_1_330' title='bbox 491 2266 565 2291; x_wconf 83' lang='lat' dir='ltr'>sisse</span> <span class='ocrx_word' id='word_1_331' title='bbox 581 2275 598 2291; x_wconf 92' lang='lat' dir='ltr'>a</span> <span class='ocrx_word' id='word_1_332' title='bbox 618 2266 763 2292; x_wconf 84' lang='lat' dir='ltr'>nonnullis</span> <span class='ocrx_word' id='word_1_333' title='bbox 779 2269 952 2301; x_wconf 77' lang='lat' dir='ltr'>referantur,</span> <span class='ocrx_word' id='word_1_334' title='bbox 971 2267 1101 2293; x_wconf 82' lang='lat' dir='ltr'>omnibus</span> <span class='ocrx_word' id='word_1_335' title='bbox 1121 2269 1323 2303; x_wconf 75' lang='lat' dir='ltr'>certificamus,</span> <span class='ocrx_word' id='word_1_336' title='bbox 1342 2268 1392 2294; x_wconf 82' lang='lat' dir='ltr'>hec</span> <span class='ocrx_word' id='word_1_337' title='bbox 1408 2277 1462 2294; x_wconf 86' lang='lat' dir='ltr'>non</span> <span class='ocrx_word' id='word_1_338' title='bbox 1482 2268 1517 2294; x_wconf 86' lang='lat' dir='ltr'>de</span> <span class='ocrx_word' id='word_1_339' title='bbox 1535 2272 1626 2294; x_wconf 84' lang='lat' dir='ltr'>mente</span> <span class='ocrx_word' id='word_1_340' title='bbox 1644 2267 1773 2304; x_wconf 82' lang='lat' dir='ltr'>predicte</span> <span class='ocrx_word' id='word_1_341' title='bbox 1788 2267 1942 2302; x_wconf 82' lang='lat' dir='ltr'>facultatis</span> <span class='ocrx_word' id='word_1_342' title='bbox 1960 2267 2086 2301; x_wconf 79' lang='lat' dir='ltr'>legitime</span> <span class='ocrx_word' id='word_1_343' title='bbox 2101 2270 2271 2301; x_wconf 78' lang='lat' dir='ltr'>congregate</span> 
     </span>
     <span class='ocr_line' id='line_1_30' title="bbox 492 2314 2271 2352; baseline 0.001 -12"><span class='ocrx_word' id='word_1_344' title='bbox 492 2314 664 2350; x_wconf 81' lang='lat' dir='ltr'>aliqualiter</span> <span class='ocrx_word' id='word_1_345' title='bbox 675 2315 880 2351; x_wconf 43' lang='lat' dir='ltr'>processisse?</span> <span class='ocrx_word' id='word_1_346' title='bbox 903 2318 935 2341; x_wconf 90' lang='lat' dir='ltr'>In</span> <span class='ocrx_word' id='word_1_347' title='bbox 956 2325 1073 2351; x_wconf 82' lang='lat' dir='ltr'>quorum</span> <span class='ocrx_word' id='word_1_348' title='bbox 1099 2318 1222 2342; x_wconf 85' lang='lat' dir='ltr'>omnium</span> <span class='ocrx_word' id='word_1_349' title='bbox 1243 2321 1270 2343; x_wconf 86' lang='lat' dir='ltr'>et</span> <span class='ocrx_word' id='word_1_350' title='bbox 1294 2317 1472 2351; x_wconf 77' lang='lat' dir='ltr'>singulorum</span> <span class='ocrx_word' id='word_1_351' title='bbox 1493 2317 1614 2352; x_wconf 82' lang='lat' dir='ltr'>fidem...</span> <span class='ocrx_word' id='word_1_352' title='bbox 1628 2326 1643 2342; x_wconf 68' lang='lat' dir='ltr'>&gt;v</span> <span class='ocrx_word' id='word_1_353' title='bbox 1658 2318 1730 2343; x_wconf 85' lang='lat' dir='ltr'>Data</span> <span class='ocrx_word' id='word_1_354' title='bbox 1752 2318 1852 2343; x_wconf 86' lang='lat' dir='ltr'>autem</span> <span class='ocrx_word' id='word_1_355' title='bbox 1877 2318 1905 2342; x_wconf 91' lang='lat' dir='ltr'>et</span> <span class='ocrx_word' id='word_1_356' title='bbox 1920 2318 1982 2342; x_wconf 81' lang='lat' dir='ltr'>acta</span> <span class='ocrx_word' id='word_1_357' title='bbox 1997 2317 2118 2342; x_wconf 77' lang='lat' dir='ltr'>fuerunt</span> <span class='ocrx_word' id='word_1_358' title='bbox 2132 2315 2271 2349; x_wconf 85' lang='lat' dir='ltr'>premissa</span> 
     </span>
     <span class='ocr_line' id='line_1_31' title="bbox 493 2365 2270 2400; baseline 0.001 -10"><span class='ocrx_word' id='word_1_359' title='bbox 493 2365 572 2398; x_wconf 91' lang='lat' dir='ltr'>apud</span> <span class='ocrx_word' id='word_1_360' title='bbox 592 2365 733 2398; x_wconf 85' lang='lat' dir='ltr'>hospitale</span> <span class='ocrx_word' id='word_1_361' title='bbox 749 2365 775 2391; x_wconf 87' lang='lat' dir='ltr'>S.</span> <span class='ocrx_word' id='word_1_362' title='bbox 793 2365 934 2391; x_wconf 88' lang='lat' dir='ltr'>Johannis</span> <span class='ocrx_word' id='word_1_363' title='bbox 956 2366 1222 2399; x_wconf 85' lang='lat' dir='ltr'>Hierosolymitan..</span> <span class='ocrx_word' id='word_1_364' title='bbox 1237 2367 1288 2392; x_wconf 91' lang='lat' dir='ltr'>ubi</span> <span class='ocrx_word' id='word_1_365' title='bbox 1306 2375 1359 2400; x_wconf 90' lang='lat' dir='ltr'>pro</span> <span class='ocrx_word' id='word_1_366' title='bbox 1374 2367 1454 2393; x_wconf 86' lang='lat' dir='ltr'>factis</span> <span class='ocrx_word' id='word_1_367' title='bbox 1473 2367 1582 2393; x_wconf 89' lang='lat' dir='ltr'>dictam</span> <span class='ocrx_word' id='word_1_368' title='bbox 1604 2369 1734 2392; x_wconf 86' lang='lat' dir='ltr'>nostram</span> <span class='ocrx_word' id='word_1_369' title='bbox 1758 2366 1947 2400; x_wconf 82' lang='lat' dir='ltr'>tangentibus</span> <span class='ocrx_word' id='word_1_370' title='bbox 1962 2366 2131 2392; x_wconf 77' lang='lat' dir='ltr'>facultatem</span> <span class='ocrx_word' id='word_1_371' title='bbox 2146 2373 2270 2398; x_wconf 88' lang='lat' dir='ltr'>congre-</span> 
     </span>
     <span class='ocr_line' id='line_1_32' title="bbox 495 2414 2269 2449; baseline 0.001 -11"><span class='ocrx_word' id='word_1_372' title='bbox 495 2414 555 2446; x_wconf 87' lang='lat' dir='ltr'>gari</span> <span class='ocrx_word' id='word_1_373' title='bbox 571 2414 783 2443; x_wconf 75' lang='lat' dir='ltr'>consuevimus,</span> <span class='ocrx_word' id='word_1_374' title='bbox 807 2414 838 2439; x_wconf 91' lang='lat' dir='ltr'>in</span> <span class='ocrx_word' id='word_1_375' title='bbox 856 2415 1080 2447; x_wconf 80' lang='lat' dir='ltr'>congregatione</span> <span class='ocrx_word' id='word_1_376' title='bbox 1099 2417 1196 2441; x_wconf 87' lang='lat' dir='ltr'>nostra</span> <span class='ocrx_word' id='word_1_377' title='bbox 1212 2416 1339 2449; x_wconf 81' lang='lat' dir='ltr'>generali</span> <span class='ocrx_word' id='word_1_378' title='bbox 1361 2416 1484 2442; x_wconf 87' lang='lat' dir='ltr'>solemni</span> <span class='ocrx_word' id='word_1_379' title='bbox 1505 2418 1534 2442; x_wconf 85' lang='lat' dir='ltr'>et</span> <span class='ocrx_word' id='word_1_380' title='bbox 1555 2416 1714 2449; x_wconf 85' lang='lat' dir='ltr'>specialiter</span> <span class='ocrx_word' id='word_1_381' title='bbox 1729 2417 1850 2449; x_wconf 85' lang='lat' dir='ltr'>propter</span> <span class='ocrx_word' id='word_1_382' title='bbox 1866 2415 1922 2441; x_wconf 90' lang='lat' dir='ltr'>hoc</span> <span class='ocrx_word' id='word_1_383' title='bbox 1937 2414 2079 2441; x_wconf 87' lang='lat' dir='ltr'>celebrata</span> <span class='ocrx_word' id='word_1_384' title='bbox 2091 2422 2170 2440; x_wconf 89' lang='lat' dir='ltr'>anno</span> <span class='ocrx_word' id='word_1_385' title='bbox 2182 2414 2269 2440; x_wconf 87' lang='lat' dir='ltr'>Dom.</span> 
     </span>
     <span class='ocr_line' id='line_1_33' title="bbox 494 2462 2271 2498; baseline 0.002 -11"><span class='ocrx_word' id='word_1_386' title='bbox 494 2462 595 2488; x_wconf 90' lang='lat' dir='ltr'>milles.</span> <span class='ocrx_word' id='word_1_387' title='bbox 621 2463 911 2496; x_wconf 83' lang='lat' dir='ltr'>quadringentesimo</span> <span class='ocrx_word' id='word_1_388' title='bbox 933 2466 1012 2489; x_wconf 84' lang='lat' dir='ltr'>sexto</span> <span class='ocrx_word' id='word_1_389' title='bbox 1033 2464 1156 2492; x_wconf 83' lang='lat' dir='ltr'>decimo.</span> <span class='ocrx_word' id='word_1_390' title='bbox 1182 2465 1343 2491; x_wconf 87' lang='lat' dir='ltr'>indictione</span> <span class='ocrx_word' id='word_1_391' title='bbox 1363 2465 1487 2493; x_wconf 82' lang='lat' dir='ltr'>decima.</span> <span class='ocrx_word' id='word_1_392' title='bbox 1508 2465 1664 2498; x_wconf 83' lang='lat' dir='ltr'>apostolica</span> <span class='ocrx_word' id='word_1_393' title='bbox 1688 2464 1753 2490; x_wconf 78' lang='lat' dir='ltr'>sede</span> <span class='ocrx_word' id='word_1_394' title='bbox 1777 2466 1906 2493; x_wconf 82' lang='lat' dir='ltr'>vacante,</span> <span class='ocrx_word' id='word_1_395' title='bbox 1930 2464 2036 2490; x_wconf 85' lang='lat' dir='ltr'>mensis</span> <span class='ocrx_word' id='word_1_396' title='bbox 2059 2463 2196 2489; x_wconf 90' lang='lat' dir='ltr'>Novemb.</span> <span class='ocrx_word' id='word_1_397' title='bbox 2224 2462 2271 2490; x_wconf 83' lang='lat' dir='ltr'>die</span> 
     </span>
     <span class='ocr_line' id='line_1_34' title="bbox 492 2511 2271 2547; baseline 0.001 -11"><span class='ocrx_word' id='word_1_398' title='bbox 492 2511 603 2537; x_wconf 87' lang='lat' dir='ltr'>decima</span> <span class='ocrx_word' id='word_1_399' title='bbox 618 2514 727 2541; x_wconf 83' lang='lat' dir='ltr'>octava,</span> <span class='ocrx_word' id='word_1_400' title='bbox 742 2512 933 2545; x_wconf 83' lang='lat' dir='ltr'>presentibus,</span> <span class='ocrx_word' id='word_1_401' title='bbox 945 2514 993 2538; x_wconf 80' lang='lat' dir='ltr'>etc.</span> <span class='ocrx_word' id='word_1_402' title='bbox 1006 2523 1019 2536; x_wconf 87' lang='lat'>«</span> <span class='ocrx_word' id='word_1_403' title='bbox 1031 2513 1174 2539; x_wconf 82' lang='lat' dir='ltr'>Universis</span> <span class='ocrx_word' id='word_1_404' title='bbox 1231 2514 1357 2540; x_wconf 84' lang='lat' dir='ltr'>decanus</span> <span class='ocrx_word' id='word_1_405' title='bbox 1372 2516 1400 2540; x_wconf 84' lang='lat' dir='ltr'>et</span> <span class='ocrx_word' id='word_1_406' title='bbox 1413 2514 1571 2547; x_wconf 87' lang='lat' dir='ltr'>collegium</span> <span class='ocrx_word' id='word_1_407' title='bbox 1584 2513 1717 2539; x_wconf 87' lang='lat' dir='ltr'>venerab.</span> <span class='ocrx_word' id='word_1_408' title='bbox 1735 2514 1834 2539; x_wconf 80' lang='lat' dir='ltr'>facult.</span> <span class='ocrx_word' id='word_1_409' title='bbox 1851 2513 1957 2539; x_wconf 87' lang='lat' dir='ltr'>decret.</span> <span class='ocrx_word' id='word_1_410' title='bbox 1973 2513 2004 2538; x_wconf 89' lang='lat' dir='ltr'>in</span> <span class='ocrx_word' id='word_1_411' title='bbox 2020 2513 2134 2538; x_wconf 84' lang='lat' dir='ltr'>florenti</span> <span class='ocrx_word' id='word_1_412' title='bbox 2149 2514 2177 2538; x_wconf 87' lang='lat' dir='ltr'>et</span> <span class='ocrx_word' id='word_1_413' title='bbox 2193 2512 2271 2538; x_wconf 77' lang='lat' dir='ltr'>fruc-</span> 
     </span>
     <span class='ocr_line' id='line_1_35' title="bbox 493 2560 1459 2596; baseline 0.002 -11"><span class='ocrx_word' id='word_1_414' title='bbox 493 2560 576 2586; x_wconf 79' lang='lat' dir='ltr'>tifero</span> <span class='ocrx_word' id='word_1_415' title='bbox 592 2561 688 2586; x_wconf 85' lang='lat' dir='ltr'>studio</span> <span class='ocrx_word' id='word_1_416' title='bbox 704 2561 825 2587; x_wconf 65' lang='lat' dir='ltr'>Paris...</span> <span class='ocrx_word' id='word_1_417' title='bbox 843 2561 951 2587; x_wconf 88' lang='lat' dir='ltr'>Notum</span> <span class='ocrx_word' id='word_1_418' title='bbox 964 2562 1086 2588; x_wconf 86' lang='lat' dir='ltr'>facimus</span> <span class='ocrx_word' id='word_1_419' title='bbox 1101 2563 1181 2596; x_wconf 91' lang='lat' dir='ltr'>quod</span> <span class='ocrx_word' id='word_1_420' title='bbox 1197 2563 1233 2588; x_wconf 88' lang='lat' dir='ltr'>ad</span> <span class='ocrx_word' id='word_1_421' title='bbox 1248 2563 1420 2589; x_wconf 87' lang='lat' dir='ltr'>serenissimi</span> <span class='ocrx_word' id='word_1_422' title='bbox 1435 2573 1459 2588; x_wconf 82' lang='lat'>».</span> 
     </span>
    </p>
   </div>
   <div class='ocr_carea' id='block_1_6' title="bbox 1594 2620 1983 2650">
    <p class='ocr_par' dir='ltr' id='par_1_8' title="bbox 1594 2620 1983 2650">
     <span class='ocr_line' id='line_1_36' title="bbox 1594 2620 1983 2650; baseline -0.003 -4"><span class='ocrx_word' id='word_1_423' title='bbox 1594 2621 1663 2649; x_wconf 74' lang='lat'><strong><em>7416.</em></strong></span> <span class='ocrx_word' id='word_1_424' title='bbox 1680 2621 1795 2646; x_wconf 62' lang='lat' dir='ltr'>Novemb.</span> <span class='ocrx_word' id='word_1_425' title='bbox 1816 2621 1852 2650; x_wconf 80' lang='lat'>18,</span> <span class='ocrx_word' id='word_1_426' title='bbox 1868 2620 1983 2646; x_wconf 72' lang='lat' dir='ltr'>Parisiis.</span> 
     </span>
    </p>
   </div>
   <div class='ocr_carea' id='block_1_7' title="bbox 501 2706 1773 2740">
    <p class='ocr_par' dir='ltr' id='par_1_9' title="bbox 501 2706 1773 2740">
     <span class='ocr_line' id='line_1_37' title="bbox 501 2706 1773 2740; baseline 0.005 -12"><span class='ocrx_word' id='word_1_427' title='bbox 501 2707 565 2735; x_wconf 75' lang='lat' dir='ltr'>Opp.</span> <span class='ocrx_word' id='word_1_428' title='bbox 579 2706 704 2736; x_wconf 61' lang='lat' dir='ltr'>Gen-son„</span> <span class='ocrx_word' id='word_1_429' title='bbox 722 2709 751 2736; x_wconf 84' lang='lat' dir='ltr'>V,</span> <span class='ocrx_word' id='word_1_430' title='bbox 767 2709 811 2731; x_wconf 75' lang='lat'>704</span> <span class='ocrx_word' id='word_1_431' title='bbox 827 2717 894 2739; x_wconf 68' lang='lat' dir='ltr'>sqq.y</span> <span class='ocrx_word' id='word_1_432' title='bbox 909 2717 939 2731; x_wconf 92' lang='lat' dir='ltr'>ex</span> <span class='ocrx_word' id='word_1_433' title='bbox 954 2709 1079 2740; x_wconf 81' lang='lat' dir='ltr'>originali</span> <span class='ocrx_word' id='word_1_434' title='bbox 1092 2710 1162 2740; x_wconf 83' lang='lat' dir='ltr'>apud</span> <span class='ocrx_word' id='word_1_435' title='bbox 1179 2710 1319 2734; x_wconf 82' lang='lat' dir='ltr'>coelestin.</span> <span class='ocrx_word' id='word_1_436' title='bbox 1337 2710 1511 2733; x_wconf 78' lang='lat' dir='ltr'>Avenionens.</span> <span class='ocrx_word' id='word_1_437' title='bbox 1528 2710 1591 2733; x_wconf 88' lang='lat' dir='ltr'>olim</span> <span class='ocrx_word' id='word_1_438' title='bbox 1607 2713 1773 2734; x_wconf 84' lang='lat' dir='ltr'>conservato.</span> 
     </span>
    </p>
   </div>
   <div class='ocr_carea' id='block_1_8' title="bbox 497 2787 2271 2825">
    <p class='ocr_par' dir='ltr' id='par_1_10' title="bbox 497 2787 2271 2825">
     <span class='ocr_line' id='line_1_38' title="bbox 497 2787 2271 2825; baseline 0.002 -14"><span class='ocrx_word' id='word_1_439' title='bbox 497 2787 519 2811; x_wconf 87' lang='lat'>1.</span> <span class='ocrx_word' id='word_1_440' title='bbox 537 2789 693 2819; x_wconf 85' lang='lat' dir='ltr'>Reprobatio</span> <span class='ocrx_word' id='word_1_441' title='bbox 709 2790 746 2812; x_wconf 85' lang='lat' dir='ltr'>sic</span> <span class='ocrx_word' id='word_1_442' title='bbox 760 2792 827 2814; x_wconf 77' lang='lat' dir='ltr'>facta</span> <span class='ocrx_word' id='word_1_443' title='bbox 838 2795 887 2820; x_wconf 84' lang='lat' dir='ltr'>est,</span> <span class='ocrx_word' id='word_1_444' title='bbox 899 2795 927 2814; x_wconf 83' lang='lat' dir='ltr'>ut</span> <span class='ocrx_word' id='word_1_445' title='bbox 940 2792 1081 2824; x_wconf 73' lang='lat' dir='ltr'>unicuique</span> <span class='ocrx_word' id='word_1_446' title='bbox 1096 2794 1110 2816; x_wconf 87' lang='grc'>9</span> <span class='ocrx_word' id='word_1_447' title='bbox 1122 2794 1334 2824; x_wconf 80' lang='lat' dir='ltr'>propositionum</span> <span class='ocrx_word' id='word_1_448' title='bbox 1351 2803 1462 2818; x_wconf 81' lang='lat' dir='ltr'>censura</span> <span class='ocrx_word' id='word_1_449' title='bbox 1474 2794 1565 2825; x_wconf 81' lang='lat' dir='ltr'>paucis</span> <span class='ocrx_word' id='word_1_450' title='bbox 1582 2794 1669 2817; x_wconf 85' lang='lat' dir='ltr'>verbis</span> <span class='ocrx_word' id='word_1_451' title='bbox 1682 2794 1873 2825; x_wconf 80' lang='lat' dir='ltr'>comprehenso</span> <span class='ocrx_word' id='word_1_452' title='bbox 1885 2793 1975 2816; x_wconf 80' lang='lat' dir='ltr'>addita</span> <span class='ocrx_word' id='word_1_453' title='bbox 1988 2793 2031 2821; x_wconf 82' lang='lat' dir='ltr'>sit,</span> <span class='ocrx_word' id='word_1_454' title='bbox 2047 2801 2072 2816; x_wconf 84' lang='lat' dir='ltr'>v.</span> <span class='ocrx_word' id='word_1_455' title='bbox 2088 2801 2114 2824; x_wconf 82' lang='lat' dir='ltr'>g.</span> <span class='ocrx_word' id='word_1_456' title='bbox 2130 2792 2271 2816; x_wconf 81' lang='lat' dir='ltr'>assertioni</span> 
     </span>
    </p>
   </div>
   <div class='ocr_carea' id='block_1_9' title="bbox 407 2831 2271 2908">
    <p class='ocr_par' dir='ltr' id='par_1_11' title="bbox 407 2831 2271 2908">
     <span class='ocr_line' id='line_1_39' title="bbox 407 2831 2271 2870; baseline 0.007 -17"><span class='ocrx_word' id='word_1_457' title='bbox 407 2831 507 2861; x_wconf 80' lang='lat' dir='ltr'>primae</span> <span class='ocrx_word' id='word_1_458' title='bbox 523 2840 527 2854; x_wconf 89' lang='lat'>:</span> <span class='ocrx_word' id='word_1_459' title='bbox 544 2841 555 2855; x_wconf 65' lang='grc' dir='ltr'>α</span> <span class='ocrx_word' id='word_1_460' title='bbox 568 2834 654 2856; x_wconf 82' lang='lat' dir='ltr'>Sacris</span> <span class='ocrx_word' id='word_1_461' title='bbox 668 2835 812 2858; x_wconf 84' lang='lat' dir='ltr'>canonibus</span> <span class='ocrx_word' id='word_1_462' title='bbox 825 2839 850 2858; x_wconf 85' lang='lat' dir='ltr'>et</span> <span class='ocrx_word' id='word_1_463' title='bbox 864 2844 954 2859; x_wconf 87' lang='lat' dir='ltr'>eorum</span> <span class='ocrx_word' id='word_1_464' title='bbox 970 2837 1087 2861; x_wconf 84' lang='lat' dir='ltr'>doctrine</span> <span class='ocrx_word' id='word_1_465' title='bbox 1102 2838 1210 2861; x_wconf 84' lang='lat' dir='ltr'>dissona</span> <span class='ocrx_word' id='word_1_466' title='bbox 1225 2842 1251 2862; x_wconf 84' lang='lat' dir='ltr'>et</span> <span class='ocrx_word' id='word_1_467' title='bbox 1265 2839 1387 2868; x_wconf 71' lang='lat' dir='ltr'>adversa,</span> <span class='ocrx_word' id='word_1_468' title='bbox 1402 2839 1558 2862; x_wconf 81' lang='lat' dir='ltr'>scandalosa</span> <span class='ocrx_word' id='word_1_469' title='bbox 1571 2838 1698 2870; x_wconf 78' lang='lat' dir='ltr'>pacisque</span> <span class='ocrx_word' id='word_1_470' title='bbox 1713 2838 1848 2862; x_wconf 84' lang='lat' dir='ltr'>turbativa</span> <span class='ocrx_word' id='word_1_471' title='bbox 1866 2847 1887 2862; x_wconf 85' lang='lat'>».</span> <span class='ocrx_word' id='word_1_472' title='bbox 1903 2852 1932 2856; x_wconf 91' lang='lat'>—-</span> <span class='ocrx_word' id='word_1_473' title='bbox 1949 2837 1973 2863; x_wconf 89' lang='grc'>2.</span> <span class='ocrx_word' id='word_1_474' title='bbox 1988 2838 2025 2861; x_wconf 84' lang='lat' dir='ltr'>Ad</span> <span class='ocrx_word' id='word_1_475' title='bbox 2041 2838 2105 2860; x_wconf 69' lang='lat' dir='ltr'>haec</span> <span class='ocrx_word' id='word_1_476' title='bbox 2120 2837 2174 2860; x_wconf 70' lang='lat' dir='ltr'>Vid-</span> <span class='ocrx_word' id='word_1_477' title='bbox 2191 2844 2271 2868; x_wconf 65' lang='lat' dir='ltr'>suPm</span> 
     </span>
     <span class='ocr_line' id='line_1_40' title="bbox 407 2876 844 2908; baseline 0.014 -11"><span class='ocrx_word' id='word_1_478' title='bbox 407 2883 448 2899; x_wconf 78' lang='lat' dir='ltr'>an.</span> <span class='ocrx_word' id='word_1_479' title='bbox 466 2876 535 2906; x_wconf 71' lang='lat'>1415,</span> <span class='ocrx_word' id='word_1_480' title='bbox 551 2878 661 2908; x_wconf 80' lang='lat' dir='ltr'>Augusti</span> <span class='ocrx_word' id='word_1_481' title='bbox 678 2879 715 2908; x_wconf 77' lang='lat'>21,</span> <span class='ocrx_word' id='word_1_482' title='bbox 733 2883 762 2901; x_wconf 86' lang='lat' dir='ltr'>n0</span> <span class='ocrx_word' id='word_1_483' title='bbox 775 2880 844 2903; x_wconf 76' lang='grc'><strong>2044.</strong></span> 
     </span>
    </p>
   </div>
   <div class='ocr_carea' id='block_1_10' title="bbox 2458 1229 2502 3418">
    <p class='ocr_par' dir='ltr' id='par_1_12' title="bbox 2458 1229 2502 3418">
     <span class='ocr_line' id='line_1_41' title="bbox 2458 1229 2502 3418; baseline 0 0"><span class='ocrx_word' id='word_1_484' title='bbox 2458 1229 2502 3418; x_wconf 95' lang='lat' dir='ltr'> </span> 
     </span>
    </p>
   </div>
  </div>
 </body>
</html>
