2502 3418
266 337 361 373 1416]
610 350 655 371 AB
690 349 796 371 ΑΝΝο
831 348 1121 371 ucchxxxxtv
1150 349 1281 377 USQUE
1317 350 1364 371 AD
1399 350 1536 371 ANNUM
1573 352 1777 373 mccchn.
2062 345 2126 376 309

263 452 408 489 2054.
430 462 454 487 A
472 461 678 487 baccalareatu
694 461 722 486 in
738 460 880 486 medicina
895 460 1045 496 repellitur
1059 470 1132 495 mag.
1154 461 1302 487 Rolandus
1317 463 1429 494 Freron,
1447 470 1611 496 quanquam
1633 463 1774 495 sufficiens
1791 468 1919 499 repertus
1940 465 1967 489 in
1985 465 2126 494 eramiae,

351 511 421 546 quia
433 514 542 546 tempus
559 519 613 545 quo
626 509 739 535 studuit
752 510 781 535 in
795 509 938 535 medicina
953 513 1021 535 ante
1033 509 1178 535 licentiam
1195 510 1223 535 in
1240 510 1352 536 artibus
1368 511 1528 546 computari
1544 519 1598 536 non
1614 511 1705 537 debet.

1454 599 1523 629 1416,
1540 600 1659 625 danuvii
1669 601 1713 628 25.
1727 601 1842 626 Parisiis.

352 687 417 719 Die
439 686 578 719 sabbati
600 698 669 731 que
691 686 757 719 suit
777 687 819 719 25
834 686 993 720 Januarii
1014 686 1082 719 fuit
1096 687 1334 732 congregatio
1350 687 1530 720 facultatis
1606 688 1649 720 ad
1671 689 1946 721 examinandum
1970 691 2129 722 scolares

263 754 324 799 qui
352 752 610 798 presentabant
635 764 674 786 se
701 752 861 785 facultati
890 764 955 797 pro
983 752 1221 785 baccalariatu
1243 753 1522 798 adipiscendo...
1547 755 1708 787 Fuerunt
1728 755 1840 788 auditi
1866 756 2029 788 tridecim
2053 768 2131 789 sco-

262 821 357 853 lares
378 832 444 865 per
464 820 659 865 magistros
679 819 858 852 facultatis
880 831 997 864 usque
1018 819 1061 852 ad
1083 831 1273 852 numerum
1299 821 1336 854 17
1354 827 1610 865 congregatos,
1634 833 1699 865 per
1718 833 1810 866 quos
1831 822 1898 854 fuit.
1919 823 2129 856 conclusum

263 887 360 932 quod
382 887 452 931 ipsi
474 898 601 919 omnes
618 893 795 931 tamquam
813 886 1036 919 sufficientes
1053 893 1306 931 comparerent
1325 894 1408 932 post
1428 888 1617 932 prandium
1635 888 1671 920 in
1689 888 1796 921 domo
1814 889 1977 934 magistri
1995 889 2130 922 Thomc

262 953 306 986 de
329 953 458 986 Sancto
480 954 586 985 Petro
607 959 692 985 tunc
714 953 872 985 senioris
893 953 930 984 in
950 952 1130 985 facultate.
1154 953 1223 994 Qui
1245 953 1418 985 tredecim
1442 953 1602 986 scolares
1623 966 1703 986 cum
1725 955 1866 988 cedulis
1892 956 1968 988 suis
1990 968 2132 1000 compa-

263 1026 415 1052 ruerunt
443 1019 531 1052 hora
559 1026 594 1052 et
623 1019 704 1051 loco
725 1019 935 1064 assignatis,
959 1026 993 1052 et
1022 1019 1184 1064 probatis
1206 1019 1432 1064 temporibus
1454 1032 1580 1053 omnes
1602 1021 1751 1054 admissi
1779 1022 1925 1054 fuerunt
1951 1029 1985 1055 et
2013 1023 2130 1055 traditi

263 1086 446 1131 magistris
479 1098 545 1131 pro
576 1086 739 1118 examine
770 1098 835 1131 per
863 1086 1067 1118 facultatem
1099 1086 1299 1131 deputatis3
1336 1093 1502 1131 exempto
1539 1099 1609 1119 uno
1645 1088 1707 1132 qui
1735 1088 1931 1121 vocabatur
1961 1089 2133 1134 magister

262 1152 449 1186 Rolandus
470 1154 620 1185 Freron.
644 1153 714 1195 Qui
734 1152 906 1197 repulsus
926 1153 993 1185 fuit
1014 1165 1056 1185 eo
1078 1153 1176 1198 quod
1197 1160 1340 1198 tempus
1362 1166 1434 1186 non
1455 1153 1580 1186 habuit
1596 1154 1781 1187 sufficiens
1799 1155 2014 1200 requisitum
2032 1157 2131 1200 juxta

260 1219 440 1253 facultatis
462 1231 675 1264 expressum
699 1226 885 1260 statutum,
908 1231 1111 1264 quanquam
1133 1219 1212 1264 ipse
1234 1220 1408 1265 magister
1429 1220 1615 1253 Rolandus
1636 1233 1755 1253 coram
1778 1222 1963 1266 magistris
1992 1222 2028 1254 in
2055 1234 2134 1255 exa-

262 1287 359 1319 mine
381 1293 589 1331 compertus
607 1287 701 1319 foret
721 1286 906 1319 sufficiens
928 1293 963 1319 et
983 1298 1186 1330 quanquam
1208 1293 1391 1319 assereret
1412 1299 1451 1320 se
1472 1287 1657 1320 audivisse
1681 1288 1892 1320 medicinam
1917 1301 1981 1333 per
2001 1301 2131 1321 annum

263 1360 345 1386 ante
373 1353 554 1386 licentiam
584 1365 683 1386 suam
715 1353 751 1385 in
779 1353 932 1391 artibus,
960 1353 1028 1385 hoc
1055 1360 1243 1386 asserente
1273 1366 1344 1386 uno
1373 1354 1547 1399 magistro
1576 1354 1612 1386 in
1643 1355 1833 1395 medicina⁷
1857 1355 1925 1387 sub
1954 1368 2024 1400 quo
2055 1356 2134 1400 ipse

264 1419 450 1452 Rolandus
471 1419 676 1459 audiverat3
699 1426 855 1452 attamen
876 1419 935 1452 illa
957 1419 1094 1452 auditio
1115 1420 1182 1452 suit
1202 1427 1364 1465 reputata
1386 1432 1458 1452 non
1479 1420 1596 1453 valida
1620 1427 1690 1453 tum
1715 1421 1796 1465 quia
1818 1422 1969 1466 gradum
1994 1422 2030 1454 iu
2051 1422 2135 1454 arti-

263 1486 332 1519 bus
352 1486 416 1519 illo
437 1487 553 1531 primo
575 1498 669 1519 anno
691 1493 916 1531 susceperat,
940 1493 1012 1519 tum
1035 1487 1118 1531 quia
1139 1487 1258 1519 vicum
1282 1487 1471 1520 Straminis
1493 1487 1686 1532 aliquando
1709 1487 1771 1520 illo
1793 1500 1886 1520 anno
1908 1488 2077 1521 visitabat
2099 1496 2134 1521 ut

264 1553 428 1594 scolaris,
453 1560 488 1586 et
508 1553 590 1585 dato
612 1553 710 1598 quod
736 1565 862 1586 omnes
889 1552 1005 1585 libros
1026 1553 1154 1585 artium
1177 1560 1259 1586 ante
1285 1553 1386 1586 illum
1408 1566 1540 1586 annum
1569 1554 1721 1598 primum
1744 1555 1958 1593 audivisset,
1981 1562 2017 1587 ut
2038 1567 2136 1588 asse-

265 1620 377 1653 rebat.

357 1718 503 1742 Comment.
522 1719 572 1741 fue.
589 1718 668 1747 med.‚
684 1719 704 1743 Ι,
719 1726 746 1749 p.
762 1718 816 1742 206.

264 1831 409 1868 2055.
433 1842 535 1866 Rector
550 1844 577 1866 et
592 1840 725 1876 deputati
747 1840 945 1866 Universitatis
960 1840 1056 1866 Paris.
1072 1842 1137 1866 Jan.
1159 1842 1192 1867 25
1213 1841 1364 1866 visitarunt
1380 1841 1478 1866 ducem
1498 1841 1678 1874 Britanniae,
1697 1845 1830 1875 rogantes
1847 1845 1877 1866 ut
1893 1841 2034 1866 civitatem
2055 1843 2134 1866 Har-

349 1890 425 1924 sleur
439 1892 623 1925 recuperaret
638 1892 664 1914 el
673 1888 825 1924 privilegia
839 1897 934 1914 eorum
946 1888 1123 1922 defenderet.
1135 1888 1305 1915 Admirante
1318 1890 1388 1915 duce
1405 1889 1481 1925 quod
1496 1889 1530 1915 de
1542 1898 1615 1925 pace
1627 1890 1814 1925 procuranda
1830 1890 1857 1915 in
1871 1899 1956 1924 regno
1971 1891 2045 1915 inter
2058 1890 2136 1925 prin-

353 1938 430 1974 cipes
443 1937 517 1963 nihil
535 1937 688 1971 dioeissent,
707 1941 799 1963 rector
813 1937 963 1973 respondit
978 1947 986 1963 :
1002 1946 1016 1963 «
1032 1946 1085 1973 que
1101 1937 1211 1963 c'estoit
1226 1939 1244 1963 ὰ
1259 1939 1336 1972 faire
1350 1939 1368 1964 ὰ
1389 1947 1445 1964 eux
1461 1938 1496 1964 de
1511 1948 1648 1974 procurer
1664 1939 1755 1964 [adite
1773 1939 1859 1964 union
1877 1939 1927 1964 des
1943 1939 2092 1973 seigneur-s
2109 1943 2136 1964 et

353 1987 388 2013 de
405 1991 516 2013 trouver
530 1987 571 2012 les
587 1995 701 2022 moyens
719 1986 754 2012 de
768 1987 903 2023 parvenir
922 1987 940 2012 ὰ
959 1987 1033 2022 paiJc
1048 1996 1072 2013 >›.
1091 1988 1155 2012 Jan.
1177 1988 1210 2013 29
1230 1988 1396 2021 referebant
1415 1988 1442 2013 in
1462 1988 1691 2022 congregatione.
1715 1988 1801 2013 Natio
1817 1987 1985 2017 Picardiae,
2006 1988 2135 2022 facultas

349 2036 466 2068 decret.‚
481 2035 580 2071 plures
603 2036 727 2070 theologi
747 2040 774 2061 et
789 2036 871 2061 multi
884 2035 938 2061 alii
953 2040 1163 2069 consenserunt,
1186 2040 1216 2061 ut
1235 2036 1302 2062 duci
1319 2037 1489 2062 Britanniae
1508 2037 1623 2070 gratiae
1642 2041 1796 2070 agerentur
1809 2039 1927 2072 propter
1941 2046 2023 2062 suam
2045 2038 2134 2071 assec-

354 2086 457 2111 tionem
481 2085 521 2110 ad
536 2094 646 2121 pacem,
664 2089 691 2111 et
704 2089 812 2110 rectore
833 2094 894 2110 cum
913 2084 983 2110 aliis
1004 2085 1216 2110 contradicente
1237 2085 1391 2121 deputatos
1414 2085 1454 2110 ad
1473 2085 1572 2111 ducem
1593 2086 1737 2111 miserunt.
1756 2086 1889 2111 Alinister
1907 2086 2134 2111 Matlinrinorum

353 2134 549 2170 proponebat,·
564 2138 736 2169 procurator
749 2138 810 2160 nat.
828 2134 968 2159 Franciae
984 2133 1170 2160 contr-adimit.
1184 2136 1250 2159 Dux
1263 2143 1310 2160 eos
1323 2134 1483 2170 objurgavit
1498 2134 1533 2160 de
1549 2134 1686 2160 divisione
1707 2134 1913 2160 Cniwersitatis.
1931 2136 2001 2159 Dum
2018 2139 2136 2160 reverte-

356 2183 468 2217 bantur,
486 2183 643 2217 instigante
658 2187 774 2217 rectore,
793 2183 922 2208 minister
937 2182 1094 2208 Malliurin.
1112 2187 1139 2208 et
1158 2183 1272 2208 Lirinus
1291 2183 1465 2218 [Neuelinc]
1482 2192 1499 2208 a
1516 2183 1655 2208 militibus
1669 2183 1832 2219 praepositi
1847 2184 1942 2209 Paris.
1961 2185 2039 2219 capti
2059 2187 2132 2216 sunt,

354 2232 488 2267 precibus
504 2231 586 2257 ducis
599 2236 703 2268 postea
721 2232 847 2258 liberati,

1459 2269 1528 2296 7476.
1542 2270 1599 2294 dan.
1615 2269 1659 2297 25.
1675 2269 1717 2297 29,
1736 2269 1848 2294 Parisiis.

361 2357 473 2379 Juvenal
487 2357 532 2380 des
547 2356 651 2386 Ursins,
668 2357 739 2380 Hist.
754 2358 785 2380 de
800 2357 913 2380 Charles
934 2356 979 2383 VI.
996 2357 1037 2380 ed.
1052 2357 1209 2385 Gonnrnor,
1226 2365 1253 2387 p.
1269 2358 1314 2379 3¹26
1331 2365 1369 2388 sq.
1384 2357 1423 2380 Cf.
1441 2357 1515 2383 Bm...
1534 2357 1562 2384 V,
1580 2365 1605 2387 p.
1622 2357 1675 2383 298,
1693 2365 1705 2378 e
1721 2356 1767 2378 lib,
1783 2364 1855 2387 proc.
1873 2359 1927 2379 nat.
1943 2355 2011 2379 Gall.

269 2523 414 2561 2056.
441 2533 559 2558 Carolus
591 2534 631 2566 Vl,
659 2541 711 2558 rex
735 2534 913 2567 Francorum,
942 2533 1126 2558 Universitati
1152 2532 1245 2558 Paris.
1271 2532 1396 2567 scripsit,
1422 2532 1535 2557 minime
1557 2532 1656 2556 mirum
1677 2540 1747 2559 esse,
1774 2530 1850 2565 quod
1868 2530 1967 2566 plures
1993 2530 2136 2556 notabiles

356 2590 498 2617 personae
515 2581 611 2607 urbem
626 2582 720 2607 Paris.
735 2581 895 2616 relinquere
912 2582 1004 2607 coacti
1016 2581 1167 2615 fuissent¹.
1186 2582 1245 2606 Iloc
1261 2581 1427 2616 requirebat
1444 2581 1542 2606 bonum
1559 2581 1661 2615 pacis:
1675 2579 1754 2605 aliae
1769 2583 1931 2614 sequentur,
1951 2583 1981 2604 ut
1999 2583 2025 2605 et
2037 2579 2137 2615 plures

359 2631 430 2656 cives
449 2630 657 2656 Parisienses2.
678 2631 733 2655 Per
748 2630 826 2656 alias
846 2630 959 2656 litteras
975 2630 1126 2663 ordinavit,
1151 2634 1180 2655 ut
1198 2629 1295 2655 clerici
1315 2623 1448 2655 subsidia
1464 2633 1491 2655 et
1514 2629 1614 2654 tallias
1637 2628 1784 2654 solverent.
1810 2628 1961 2654 Prohibuit
1983 2637 2138 2662 congrega-

361 2680 461 2711 tiones,
478 2689 527 2705 nec
545 2683 636 2705 rector
651 2679 703 2704 sub
717 2688 810 2715 poena
827 2679 1036 2714 indignationis
1050 2680 1146 2713 regiae
1162 2679 1407 2713 congregationem
1424 2686 1575 2703 convocare
1587 2677 1708 2712 possit²¹.

1449 2768 1518 2796 1416,
1536 2767 1667 2792 Februarii
1680 2767 1718 2795 19,
1735 2766 1851 2792 Parisiis.

365 2804 485 2827 Juvenal
500 2805 546 2827 des
568 2803 673 2827 L'rsins.
689 2803 729 2826 ed.
744 2802 901 2832 Gom-:mum
916 2812 942 2834 p.
957 2804 1011 2826 329.

365 2887 388 2911 1.
405 2888 536 2916 Juvenal,
552 2896 578 2918 p.
595 2888 648 2915 328,
664 2890 753 2909 narrat
768 2895 772 2909 τ
792 2898 802 2908 α
816 2895 846 2909 on
865 2887 892 2909 sit
908 2886 1136 2909 rommaudement
1151 2886 1182 2908 de
1196 2894 1244 2916 par
1260 2886 1283 2908 le
1298 2893 1344 2916 roy
1357 2886 1370 2907 ii
1385 2885 1446 2916 plus
1460 2885 1491 2907 (Ie
1507 2888 1633 2916 quurante
1650 2885 1768 2907 notables
1785 2884 1902 2907 hommes
1915 2885 1946 2906 de
1962 2884 2139 2913 swavorum,
