2502 3418
247 343 343 381 1429]
591 355 638 378 ΑΒ
672 354 777 377 ΛΝΝο
812 353 1098 376 Mcchxxxxu'
1132 352 1263 382 USQUE
1298 353 1346 375 AD
1381 352 1518 375 ANNUM
1553 352 1758 375 mccccmi.
2040 343 2104 376 479

246 468 390 505 2316.
414 477 565 503 Facultate
585 477 746 512 theologiae
758 485 812 512 per
827 485 901 510 mag.
920 477 1032 501 Peli-um
1047 475 1082 501 de
1098 475 1224 510 Diereyo‚
1241 474 1379 500 decanum
1396 474 1510 509 facult„
1530 473 1696 500 solemniter
1711 474 1790 509 apud
1807 475 1834 499 S.
1850 474 2025 499 Maturinum
2041 483 2107 500 con-

335 531 444 562 vocata,
468 535 482 553 e
504 526 644 552 relatione
666 526 868 562 deputatorum
889 533 942 560 per
961 524 1067 550 dictum
1092 524 1231 550 decanum
1257 524 1419 550 conclusum
1445 528 1495 557 est,
1519 523 1596 559 quod
1610 523 1741 557 facultas
1760 525 1830 557 ''i-at.
1848 525 1961 548 Petrum
1982 523 2017 549 cle
2038 523 2106 549 Che-

333 575 441 610 riaclzo,
461 575 527 602 ord.
545 576 625 610 Min„
642 575 782 611 reciperet
797 573 836 599 ad
852 573 1002 608 legendam
1018 573 1144 599 Bibliam
1161 582 1215 609 pro
1237 582 1312 598 anno
1332 574 1491 609 praesenti,
1507 573 1534 598 si
1548 582 1579 598 se
1592 573 1771 598 submitteret
1786 572 1924 606 facultati
1939 581 1954 598 οε(
1970 581 2107 608 reparare

333 629 427 651 certas
438 625 650 661 propositiones
667 627 694 650 et
709 622 848 649 articulos
862 622 978 658 aliquos
995 623 1022 648 in
1038 623 1100 648 suis
1113 622 1292 648 sermonibus
1309 626 1335 648 et
1348 622 1422 648 alibi
1437 622 1584 658 eoepositos
1598 625 1625 647 et
1638 620 1830 657 predicatos‘,
1846 625 1872 646 et
1885 621 1959 646 dicte
1971 621 2109 655 facultati

332 675 360 700 in
376 682 429 700 uno
445 673 538 700 rotulo
554 682 607 710 per
624 673 716 709 ipsum
732 672 841 698 tradito
858 675 1014 706 contentos,
1033 672 1082 698 ubi
1104 672 1265 706 indigerent
1289 672 1474 708 reparatione
1492 681 1515 704 »,
1539 675 1566 697 et
1589 671 1697 696 veniam
1719 674 1829 706 peteret
1853 679 1940 706 super
1960 670 2107 705 aliquibus

332 723 422 749 verbis
436 732 488 759 per
503 723 596 759 ipsum
613 722 706 748 minus
723 721 792 747 bene
814 721 849 747 de
870 721 1015 755 facultate
1032 721 1138 747 artium
1151 720 1286 757 prolatis,
1305 720 1382 756 quod
1397 724 1423 746 et
1446 721 1526 755 fecit.
1553 731 1566 744 (ι
1587 721 1620 746 In
1641 720 1761 746 nomine
1839 720 1949 746 Tcnore
1968 720 2108 753 presentis

331 773 442 806 publici
456 771 647 798 instrumenti
664 782 688 797 n.

1454 806 1527 835 1428,
1543 805 1658 831 Octobris
1674 806 1691 835 1,
1706 805 1821 831 Parisiis.

335 896 470 927 Originole
485 896 511 919 in
525 896 601 919 Arch.
618 899 672 919 nat.
689 895 782 923 Paris„
800 896 823 919 Μ
839 897 889 925 69⁸⁵,
907 900 935 918 no
947 896 971 918 9.
987 909 1017 912 —
1033 895 1218 923 D'Anossmne,
1236 895 1390 924 Galama„
1407 895 1440 923 12',
1456 903 1482 925 p.
1498 896 1543 918 226
1559 903 1608 926 sq.y
1632 903 1662 917 ex
1684 894 1771 925 primo
1795 893 1916 925 Registro
1937 894 1998 917 ms2⁰
2018 901 2108 917 censu-

242 949 331 964 rarum
348 941 437 964 facult.
454 940 534 964 theol.
549 940 633 964 Paris.
649 954 680 957 ——
692 940 753 963 Maii
769 940 807 968 21,
824 948 866 963 nn.
881 940 950 972 1429,
968 943 1041 963 notat
1056 940 1176 963 bedellus
1191 939 1324 963 facultatis
1337 947 1342 962 ·.
1361 948 1371 962 (ι
1384 940 1433 962 Ρι·ο
1444 939 1618 962 instrumento
1630 938 1802 970 subjectionis
1815 940 1847 961 fr.
1859 938 1929 962 Petri
1940 938 1971 961 dc
1983 938 2108 962 Cheriaco

242 985 350 1009 Minoris
366 988 425 1009 actu
438 985 549 1016 legentis
566 985 679 1008 Bibliam
695 984 733 1018 iiij
748 984 797 1008 sol.
816 985 880 1008 ltem
894 993 942 1016 pro
958 984 1098 1008 scribendo
1114 985 1200 1008 rotulo
1214 984 1386 1007 articulorum
1401 987 1426 1007 et
1441 984 1653 1015 propositionum
1669 983 1732 1006 dicti
1747 984 1778 1007 fr.
1793 983 1863 1007 Petri
1877 983 1922 1014 viij
1936 983 1984 1008 sol.
2001 992 2014 1005 n
2028 983 2107 1013 (Bibl.

242 1034 295 1055 nat.
312 1030 409 1058 Pnris.,
423 1038 472 1054 ms.
489 1030 534 1053 lat.
552 1031 659 1061 5494,p.
676 1031 725 1060 89).

336 1115 359 1139 1.
378 1114 487 1138 Articuli
503 1123 553 1137 non
566 1114 758 1145 exprimuntur.
776 1114 868 1137 Petrus
884 1113 915 1136 de
931 1113 1056 1137 Chcriaco
1072 1114 1166 1137 Carolo
1182 1114 1227 1136 Vll
1243 1113 1412 1136 adhaerebat.
1426 1114 1472 1136 An.
1487 1114 1546 1136 1448
1558 1113 1679 1136 dominus
1692 1113 1722 1135 de
1734 1112 1877 1141 Gaucourt,
1889 1112 1963 1143 cujus
1974 1113 2109 1135 confessor

242 1163 267 1183 et
282 1159 434 1191 capellanus
450 1160 542 1183 Petrus
559 1159 616 1187 ruit,
633 1159 666 1182 ad
679 1159 815 1182 Nicolaum
829 1159 849 1181 V
861 1159 891 1181 dc
903 1167 932 1182 eo
946 1158 1039 1181 scribit
1054 1166 1059 1181 τ
1077 1168 1090 1180 α
1105 1158 1149 1190 qui
1164 1166 1212 1189 pro
1229 1161 1299 1181 statu
1313 1161 1338 1181 et
1352 1158 1450 1181 honore
1465 1157 1680 1181 christianissimi
1696 1157 1766 1188 regis
1784 1157 1947 1180 Francorum
1961 1157 2109 1181 retroactis

242 1204 411 1235 temporibus
426 1204 545 1227 diversas
561 1203 752 1232 tribulationes,
774 1203 994 1227 incarcerationes
1015 1206 1040 1226 et
1063 1203 1168 1226 labores
1188 1202 1254 1226 alios
1277 1203 1411 1230 sustinuit,
1433 1211 1463 1225 ac
1483 1203 1593 1226 verbum
1615 1202 1659 1226 Dei
1680 1210 1727 1233 per
1746 1202 1836 1233 plures
1857 1210 1939 1225 annos
1961 1201 2109 1233 predicavit

242 1252 267 1273 et
281 1248 393 1272 Biblinm
409 1249 525 1273 parisius
541 1257 588 1280 per
603 1249 668 1272 duos
684 1257 766 1271 annos
781 1247 846 1279 legit
861 1256 872 1271 ))
891 1248 995 1279 (Suppl.
1009 1248 1102 1277 Nicol„
1119 1252 1147 1271 11⁰
1159 1248 1212 1278 416,
1229 1248 1274 1271 sol.
1290 1247 1356 1275 25112,
1370 1248 1403 1270 nd
1417 1247 1505 1270 Martii
1518 1248 1550 1277 2).

244 1416 388 1453 2317.
417 1425 592 1451 Universitas
612 1425 707 1450 Paris.
733 1428 865 1459 testatur,
890 1424 1024 1450 abbatem
1041 1428 1068 1450 et
1083 1428 1246 1450 conventum
1264 1426 1291 1450 S.
1313 1424 1431 1451 Victoris
1453 1424 1549 1450 Paris.
1570 1433 1632 1449 csse
1652 1423 1737 1449 bonos
1758 1427 1785 1449 et
1807 1422 1948 1458 legitimos
1963 1422 2110 1448 scholares

332 1474 492 1500 Parisiens.
511 1475 539 1500 in
555 1474 675 1500 diversis
689 1474 907 1508 facultatibus1.
930 1475 994 1500 Dat.
1017 1474 1140 1500 Parisius
1158 1474 1189 1500 in
1214 1476 1312 1500 nostra
1334 1474 1558 1507 congregatione
1578 1474 1705 1507 generali
1726 1473 1805 1507 apud
1825 1472 1851 1498 S.
1867 1473 2050 1499 Maturinum
2063 1473 2109 1499 dle

331 1524 432 1550 martis
452 1525 517 1557 post
531 1524 640 1550 festum
659 1524 687 1549 b.
705 1523 791 1550 Lucie
806 1524 925 1558 virginis
944 1525 973 1550 ct
996 1523 1132 1556 martyris
1151 1531 1229 1549 anno
1249 1524 1334 1550 Dom.
1357 1523 1513 1549 millesimo
1532 1522 1822 1556 quadringentesimo
1843 1522 1978 1548 vicesimo
1997 1523 2106 1548 octavo.

335 1584 347 1597 α
364 1573 507 1599 Universis
522 1575 668 1607 presentes
682 1573 791 1599 litteras
855 1574 892 1599 Ut
906 1573 946 1599 ait
959 1573 1063 1600 Seneca
1080 1583 1104 1598 7).
1384 1573 1420 1598 M.
1435 1572 1574 1598 Hmmrm.

1405 1663 1479 1691 1428,
1495 1661 1643 1688 Decembris
1656 1661 1693 1690 14,
1709 1660 1823 1686 Parisiis.

340 1750 476 1781 Originale
489 1750 514 1773 in
531 1750 608 1774 Arch.
625 1753 678 1774 nat.
695 1750 786 1778 Paris„
805 1751 831 1774 L.
847 1752 901 1780 889,
918 1755 946 1773 n⁰
961 1752 983 1774 9.
1001 1751 1128 1782 Superest
1141 1752 1235 1782 fragm.
1255 1751 1337 1782 sigilli
1354 1751 1474 1774 Univers.
1490 1750 1573 1774 Paris.
1590 1750 1616 1773 in
1632 1758 1691 1773 cera
1706 1750 1798 1774 rubea.
1812 1764 1841 1768 —
1856 1750 1932 1778 BUL„
1949 1749 1979 1778 V,
1993 1749 2046 1773 210.

338 1835 363 1860 1.
382 1836 416 1859 Ut
431 1835 456 1858 in
474 1836 613 1863 Chartut„
630 1836 662 1865 11,
680 1839 708 1858 n⁰
719 1837 773 1859 675.

247 1976 390 2014 2318.
415 1986 569 2012 Licentiati
585 1986 614 2011 in
628 1985 772 2020 facultate
786 1985 956 2020 theologiae.

1431 2028 1503 2058 1429,
1520 2028 1640 2054 «Ianuarii
1650 2029 1694 2057 27,
1710 2028 1825 2054 Parisiis.

337 2117 402 2150 Die
438 2117 530 2162 xxvij
569 2117 729 2150 Januarii
769 2118 1046 2151 CCCCXXVIII
1079 2118 1226 2150 suerunt
1259 2117 1433 2150 licentiati
1469 2129 1533 2162 per
1566 2117 1779 2161 magistrum
1816 2123 1978 2149 nostrum
2014 2128 2107 2160 mag.

246 2183 445 2217 ,Iohannem
468 2184 724 2229 Pulcripatrisz

336 2332 410 2366 Mag.
427 2332 575 2358 Johannes
590 2332 756 2359 Germani2.
1299 2348 1333 2352 —
1371 2333 1531 2360 Richardus
1544 2333 1579 2359 dc
1594 2331 1751 2358 Mesnilloss.

355 2395 390 2400 —
427 2381 511 2414 Hugo
526 2381 666 2414 Majorisss.
1282 2384 1358 2409 Frat.
1373 2383 1538 2416 Stephanus
1552 2382 1650 2411 Avole,
1665 2381 1828 2407 carmelita.

353 2445 388 2448 —
426 2431 527 2456 Petrus
542 2430 679 2456 Beuvin⁴.
1178 2395 1181 2468 l
1763 2429 1797 2465 [7]

342 2518 411 2541 Bibl.
428 2521 481 2541 nat.
498 2518 592 2543 Paris..
607 2526 656 2541 ms.
673 2519 719 2542 lut.
737 2520 807 2548 5494,
825 2528 849 2550 p.
867 2521 907 2543 80.
922 2533 952 2537 —
970 2520 1018 2543 Ms.
1037 2520 1082 2543 lat.
1100 2521 1182 2548 5057¹³‚
1204 2520 1247 2542 rol.
1271 2520 1308 2542 17.
1332 2520 1359 2542 In
1382 2521 1442 2542 msssfl
1462 2519 1554 2550 priori.
1571 2527 1597 2550 p.
1615 2520 1653 2548 7¹³,
1674 2517 1796 2549 magistri
1815 2520 1934 2548 regentes
1957 2516 2110 2545 afferuntur,

336 2282 434 2308 Primo
447 2290 524 2315 mag.
543 2283 644 2309 Petrus
660 2282 815 2309 Mauricii⁴.
1177 2286 1180 2394 Ι
1282 2285 1355 2318 Mag.
1374 2285 1474 2310 Petrus
1489 2284 1619 2312 Yerffird.
1636 2282 1801 2315 Anglicusffi'.

249 2563 344 2594 quibus
361 2562 486 2586 licentiati
503 2562 639 2586 solverunt
658 2563 773 2592 (cuilibet
788 2565 801 2586 5
822 2564 880 2591 soI.,
899 2564 1071 2595 vicesgcrenti
1093 2565 1130 2594 10,
1148 2564 1265 2587 facultati
1286 2565 1315 2587 32
1333 2565 1391 2591 sol..
1411 2564 1513 2587 bcdcllo
1529 2567 1554 2586 ct
1569 2563 1723 2586 subbedello
1737 2564 1750 2585 9
1765 2563 1818 2592 ἡκ).
1834 2562 1940 2585 Praeter
1955 2561 2024 2584 infra
2039 2562 2111 2592 Sept.

249 2607 343 2630 allatos
359 2607 401 2630 hic
416 2607 586 2630 inveniuntur
601 2615 607 2630 2
623 2607 756 2630 Johannes
770 2608 794 2631 le
807 2609 955 2639 Bouesgue,
971 2609 1084 2632 Thomas
1101 2609 1182 2636 liobe,
1200 2609 1309 2639 Egidius
1325 2609 1356 2631 de
1368 2608 1520 2631 Bellobecco
1536 2608 1618 2630 abbas
1633 2607 1821 2637 Fiscamnens„
1833 2607 1948 2629 Emi-dus
1960 2607 2112 2637 Emengart.

248 2651 406 2676 Guillelmus
421 2651 616 2683 Pinguisavisz
630 2652 788 2675 Eustachius
802 2653 832 2675 de
846 2653 974 2682 Mesuillo,
988 2653 1069 2684 episc.
1081 2653 1219 2684 Meldens.,
1231 2653 1291 2677 Joh.
1303 2653 1430 2684 Darques.
1445 2653 1572 2676 Robertus
1585 2652 1654 2683 Piry,
1669 2652 1810 2675 Nicholaus
1825 2650 1897 2680 Midi,
1909 2650 1969 2674 Joh.
1981 2651 2110 2678 d'Arnem,

249 2696 409 2720 Guillermus
425 2696 528 2724 Erardi,
543 2697 634 2719 Petrus
651 2696 754 2726 Medici,
770 2697 922 2721 Gauffridus
939 2698 1082 2727 Coclearis,
1098 2697 1209 2720 Michacl
1225 2698 1337 2729 Anglici.

340 2780 363 2805 1.
381 2780 508 2811 Magister
522 2780 583 2803 Maii
595 2781 632 2810 23,
656 2789 666 2803 (4
683 2783 708 2803 et
725 2781 774 2804 suit
789 2781 891 2812 primus
908 2782 933 2804 in
952 2782 1071 2811 licencia,
1089 2785 1113 2805 et
1130 2782 1240 2805 facultas
1257 2782 1402 2805 reservavit
1414 2782 1530 2813 primum
1545 2782 1631 2804 Iocum
1647 2781 1672 2804 in
1690 2781 1842 2812 magisterio
1857 2789 1868 2803 ))
1884 2782 1921 2812 (p.
1935 2782 1985 2810 90).
2002 2781 2036 2804 De
2050 2780 2108 2812 ipso

249 2825 303 2848 vid.
323 2825 521 2853 BEAUREPAIRE‚
543 2825 624 2850 Notes
643 2832 695 2849 sur
714 2826 750 2850 les
766 2826 860 2858 juqes⁷
877 2829 935 2855 etc.,
957 2835 982 2858 p.
1000 2828 1029 2849 86
1045 2835 1102 2857 sqq.
1124 2828 1171 2850 An.
1189 2828 1258 2856 1430,
1276 2827 1335 2850 Jan.
1352 2828 1374 2857 8,
1398 2835 1490 2850 canon.
1511 2827 1705 2857 Rotomagcns..
1727 2826 1824 2849 electus
1841 2826 1874 2848 nb
1894 2825 2005 2848 ilenrico
2022 2826 2063 2848 Vl.
2080 2839 2107 2843 —

249 2869 275 2894 2.
288 2870 414 2901 Magister
428 2870 515 2893 Martii
526 2871 539 2893 3
554 2872 589 2901 (p.
603 2871 652 2899 80).
670 2871 715 2893 An.
733 2871 801 2899 1430,
817 2871 938 2895 Deccmb.
955 2872 993 2900 15,
1011 2873 1092 2895 sactus
1113 2875 1153 2894 cst
1172 2871 1313 2902 episcopus
1334 2872 1487 2895 Nivernens.
1506 2879 1564 2894 cum
1584 2874 1654 2894 esset
1668 2871 1782 2894 decanus
1798 2871 1914 2901 capellae
1930 2870 2025 2893 ducum
2042 2870 2110 2893 Bur·

250 2915 362 2945 gundiae
378 2915 529 2939 Divionens.
545 2916 616 2946 (Reg.
633 2915 690 2939 Lat.
704 2915 779 2938 Mart.
796 2916 825 2945 V,
843 2920 871 2938 n⁰
888 2917 943 2945 300,
962 2917 1006 2940 sol.
1027 2916 1103 2946 2:37'2),
1119 2924 1161 2940 nn.
1178 2917 1237 2939 1433
1253 2916 1327 2939 ducis
1345 2916 1513 2947 Burgundiae
1528 2916 1705 2939 ambassiator
1720 2916 1752 2939 ad
1764 2915 1862 2939 Concil.
1880 2915 1959 2938 Basil.
1978 2916 2024 2940 An.
2041 2915 2109 2943 1436,
