2502 3418
374 309 439 342 686
946 319 1268 341 cuAn‘rULAnluM
1303 319 1496 342 UNIVERS.
1529 320 1664 342 mnis.
2107 320 2113 324 ·
2144 307 2244 345 Ε1449

467 392 612 416 comment.
630 393 679 416 sac.
703 393 781 422 med„
803 393 835 423 11,
851 402 878 424 p.
895 394 934 417 86.
954 407 984 412 —-
1007 394 1073 417 Nov.
1088 394 1111 422 2,
1130 394 1244 417 decanus
1266 395 1315 418 sac.
1336 394 1434 418 electus
1454 397 1494 418 est
1513 393 1671 418 Guillelmus
1692 394 1723 417 de
1745 394 1864 423 Camere,
1881 393 1925 425 qui
1946 393 2052 426 quidem
2068 394 2125 426 jam
2140 394 2201 419 Maii
2216 395 2244 418 11

374 438 491 469 ejusdem
507 437 579 466 anni,
593 438 717 461 defuncto
732 438 846 462 Roberto
861 438 993 467 Julienne,
1010 439 1167 462 decanatum
1182 442 1367 470 occupaverat.

467 521 492 547 1.
513 522 642 546 Ultimum
658 522 726 546 inter
740 525 860 554 regentes
877 522 1037 546 nominatur.
1060 522 1141 553 Cujus
1157 531 1216 546 mox
1233 522 1349 546 defuncti
1364 522 1390 545 in
1406 523 1483 545 domo
1500 531 1557 551 suu,
1575 522 1601 545 in
1619 522 1676 546 vico
1693 522 1843 552 Stramini3‚
1860 530 1956 554 corpus
1969 531 1985 546 a
2002 522 2119 554 capitulo
2137 523 2248 548 Nostrae

376 566 503 590 Dominae
520 566 754 598 processionaliter
768 567 887 591 ablatum
907 571 947 591 est
966 568 1011 599 (cs.
1026 568 1128 596 ΗΛΖΟΝ,
1145 567 1249 596 Notice,
1264 576 1291 598 p.
1312 567 1360 597 17).
1381 567 1505 598 Ejusdem
1521 567 1609 590 obitus
1627 567 1654 590 in
1670 567 1822 590 scholarum
1842 567 1939 590 sacello
1960 568 2084 591 fundatus
2105 570 2163 591 est:
2177 578 2191 590 «ι
2206 568 2249 592 dio

377 613 444 635 festo
459 612 484 635 S.
502 612 626 639 Thomas,
643 611 751 643 vigiliae
764 620 812 643 pro
828 613 897 644 Mag.
915 612 1026 635 Hem-ico
1042 612 1166 641 Thibout,
1182 611 1368 643 penitemini-io
1383 615 1409 635 et
1423 611 1547 635 canonico
1563 612 1626 635 eccl.
1643 612 1739 639 Paris„
1755 615 1781 635 et
1795 611 1837 635 die
1856 612 1975 644 sequenti
1991 611 2073 636 missa
2088 622 2101 633 υ
2117 612 2210 642 (Ritus
2223 616 2250 637 et

376 663 448 682 usus
461 658 516 687 sac.
533 658 614 686 med„
627 657 698 687 1751,
713 665 739 688 p.
754 659 786 687 5).
802 671 832 675 --
847 656 870 682 2.
887 657 985 681 Nomen
1000 657 1071 680 linea
1086 657 1212 680 deletum.

379 770 525 808 2642.
555 780 730 806 Universitas
750 780 847 806 Paris.
872 780 1028 806 remedium
1051 783 1241 816 opportunum
1261 779 1377 815 quaerit
1392 789 1407 806 ι
1423 789 1510 815 super
1530 782 1610 814 facto
1630 780 1782 816 cujusdam
1805 780 1938 807 mandati
1959 780 2032 815 regii
2053 780 2202 817 impetrati
2225 784 2253 806 et

467 829 613 865 publicati
635 838 688 865 per
708 829 782 855 dom.
798 829 997 865 praepositum
1018 829 1131 855 Paris.¹
1150 833 1249 855 contra
1268 829 1422 865 privilegia
1448 829 1648 855 Universitatis
1670 838 1695 856 ›.
1722 829 1846 863 Quidam
1868 829 2008 856 notabilis
2031 830 2169 865 magister
2190 838 2252 855 cum

468 878 588 904 solemni
603 878 734 904 comitiva
756 878 846 904 adeat
857 878 1058 914 praepositum
1074 882 1101 904 et
1116 878 1192 904 alios
1212 878 1342 904 dominos
1356 878 1516 913 generales,
1535 882 1680 905 monentes
1696 887 1752 914 eos,
1771 882 1801 904 ut
1819 878 1856 904 ab
1872 878 2036 914 hujusmodi
2055 878 2254 906 vexationibus

470 931 497 953 et
512 927 750 954 tribulationibus
764 931 884 953 cessent.

1584 963 1657 994 7449,
1671 964 1789 990 danuarli
1800 965 1837 994 16,
1852 964 1969 990 Parisiis.

476 1018 596 1041 Aue-tur.
614 1017 752 1045 Charmei„
767 1017 799 1045 ΙΙ,
814 1025 842 1048 p.
861 1017 916 1046 753,
933 1017 971 1045 22,
987 1017 1025 1040 28.

478 1100 503 1125 1.
519 1101 662 1125 Robertum
678 1100 888 1125 d'Estouteville.

385 1242 530 1279 2643.
555 1252 772 1286 Inguerrandus
791 1252 826 1278 de
843 1253 977 1288 Parenty,
995 1261 1071 1287 mag.
1089 1261 1191 1287 regens
1209 1252 1238 1278 in
1252 1254 1312 1287 fac.
1333 1252 1502 1287 medicinae,
1521 1252 1670 1288 supplicat
1684 1251 1805 1279 Nicolao
1825 1252 1853 1286 V,
1872 1255 1903 1278 ut
1920 1252 1982 1288 ipse
1998 1251 2027 1277 in
2045 1250 2128 1277 domo
2143 1250 2262 1277 habita-

474 1302 561 1328 tionis
578 1310 659 1336 suae,
680 1310 695 1327 ‹
710 1302 738 1327 in
758 1311 816 1337 qua
833 1301 935 1328 beatus
954 1301 1111 1328 Marcellus
1126 1304 1283 1337 confessor,
1300 1302 1409 1329 dudum
1429 1302 1582 1338 episcopus
1597 1302 1705 1336 Paris„
1723 1305 1810 1328 natus
1825 1305 1853 1328 et
1867 1301 1993 1327 nutritus
2012 1300 2110 1327 extitit
2126 1309 2151 1335 »‚
2174 1309 2259 1326 unum

474 1350 569 1377 altare
584 1350 624 1376 ad
639 1350 772 1377 honorem
786 1351 858 1377 dicti
872 1351 976 1385 sancti,
996 1352 1024 1377 in
1043 1360 1097 1387 quo
1114 1352 1221 1378 missae
1236 1355 1264 1378 et
1276 1352 1338 1378 alia
1355 1351 1451 1378 divina
1468 1351 1560 1385 officia
1577 1351 1716 1378 celebrari
1727 1351 1851 1388 possint,
1871 1354 2034 1377 construere
2052 1353 2079 1376 et
2095 1358 2261 1386 componere

476 1395 580 1422 valeat.
598 1396 663 1422 Dat.
681 1397 772 1423 Rome
785 1404 831 1430 ap.
849 1397 878 1423 S.
895 1397 1017 1424 Petrum
1028 1397 1096 1424 idus
1110 1397 1270 1427 Februarii,
1286 1405 1334 1424 an.
1349 1397 1489 1424 secundo.

1589 1473 1663 1503 mo.
1678 1473 1811 1500 Februarii
1823 1473 1859 1503 1³,
1874 1473 1976 1499 Romae.

482 1562 577 1593 Suppl.
593 1561 675 1585 Nicol.
694 1562 721 1591 V,
738 1565 767 1585 n⁰
781 1563 835 1592 427,
854 1562 898 1586 fol.
915 1562 950 1586 5¹³.
964 1576 995 1580 —
1010 1562 1107 1585 Eodem
1123 1570 1177 1593 an„
1192 1562 1264 1594 Sept.
1282 1562 1319 1591 15,
1332 1561 1473 1586 obtinuit«
1488 1564 1516 1585 ut
1529 1561 1587 1594 ipse
1602 1561 1628 1585 in
1642 1561 1790 1585 sacerdotio
1805 1560 1975 1590 constitutus,
1991 1560 2088 1591 legere,
2106 1559 2254 1591 practicam

389 1606 537 1638 disputare,
552 1609 705 1638 ceterosque
722 1610 795 1630 actus
812 1607 967 1631 scolasticos
983 1617 996 1629 »
1012 1607 1038 1631 in
1056 1608 1105 1632 sac.
1119 1607 1214 1631 medic.
1228 1615 1347 1631 exercere
1361 1610 1453 1639 posset
1468 1606 1553 1637 (ibid.,
1567 1611 1597 1630 n⁰
1612 1607 1668 1635 434,
1686 1606 1731 1631 fol.
1748 1606 1826 1636 311b).

397 1797 541 1835 2644.
570 1807 746 1833 Universitas
770 1807 915 1834 concludit
936 1807 1149 1833 ambassiatam
1165 1806 1334 1834 mittendam
1359 1806 1399 1833 ad
1413 1816 1553 1834 summum
1568 1807 1735 1843 pontificem
1757 1815 1844 1843 super
1861 1805 2024 1842 provisione
2039 1806 2267 1842 suppositorum.

483 1858 609 1884 Articuli
620 1867 674 1895 per
689 1858 845 1895 deputatos
860 1859 1001 1886 solemnes
1018 1859 1151 1885 mittendi
1166 1868 1182 1885 ‹
1197 1859 1319 1886 celerius
1335 1867 1390 1895 quo
1406 1859 1513 1895 poterit
1526 1868 1549 1893 ι,
1567 1858 1718 1885 videantur
1730 1862 1757 1884 et
1772 1858 1964 1893 corrigantur.

1647 1948 1726 1978 1449,
1742 1948 1803 1974 aulis
1816 1948 1853 1977 14,
1868 1948 1984 1974 Parisiis.

492 2038 611 2061 Λυσίαν.
629 2037 770 2067 Chartul.‚
783 2038 814 2065 11,
831 2046 858 2069 p.
875 2038 929 2067 769,
946 2037 984 2068 18,
1001 2038 1039 2063 22.
1051 2051 1081 2055 —-
1092 2038 1158 2069 Aug.
1170 2038 1184 2060 6
1195 2037 1393 2060 deliberabatur
1407 2037 1438 2060 de
1450 2037 1531 2060 bursa
1543 2036 1632 2060 debita
1645 2036 1883 2060 ambassiatoribus
1897 2035 1960 2066 (771,
1978 2036 2016 2065 11,
2030 2035 2079 2064 21).
2096 2034 2229 2066 Septemb.
2242 2035 2271 2058 15

400 2081 605 2105 ambassiatores
622 2082 737 2105 nondum
752 2082 827 2106 electi
842 2085 918 2105 erant
930 2083 994 2112 (775,
1008 2083 1056 2114 29).
1075 2083 1103 2105 In
1119 2082 1213 2114 Suppl.
1230 2082 1287 2106 vat.
1304 2082 1335 2105 de
1347 2082 1397 2105 hoc
1412 2090 1463 2105 non
1478 2081 1577 2114 egitur.

404 2269 550 2306 2645.
577 2277 739 2314 Capitulum
753 2277 890 2313 generale
906 2278 1022 2305 Cisterc.
1039 2277 1222 2305 scholaribus
1239 2281 1267 2304 S.
1285 2277 1428 2304 Bernardi
1444 2277 1573 2304 concedit
1588 2276 1699 2303 hortum
1715 2280 1790 2302 retro
1804 2275 1918 2302 chorum
1934 2275 2062 2310 Collegii.

1544 2365 1617 2395 1449,
1632 2364 1793 2398 Septembris
1809 2365 1846 2394 121
1864 2364 1991 2390 cistercii.

498 2456 654 2488 presens
675 2454 880 2500 Capitulum
902 2454 1075 2500 generale
1096 2454 1264 2488 concedit
1284 2454 1489 2488 scolaribus
1515 2453 1672 2486 nationis
1694 2453 1843 2486 Francie
1868 2452 2103 2485 studentibus
2128 2452 2165 2484 in
2192 2450 2277 2485 Col-

408 2521 506 2566 legio
529 2523 564 2555 S.
588 2522 763 2555 Bernardi
785 2522 946 2555 Parisius
966 2522 1059 2555 illud
1080 2522 1239 2567 spacium
1263 2528 1357 2555 terre
1379 2520 1628 2554 inhabitabilis
1654 2527 1751 2553 retro
1777 2520 1927 2553 chorum
1954 2519 2040 2552 dicti
2061 2518 2208 2563 collegii
2233 2517 2278 2551 ad

410 2589 614 2622 faciendum
642 2590 733 2634 ipsis
757 2601 868 2622 unum
894 2589 1079 2622 hortulum
1106 2589 1183 2623 sive
1208 2590 1491 2635 spaciamentum
1517 2588 1595 2621 suis
1623 2587 1808 2633 expensis,
1830 2593 1866 2620 et
1888 2586 2058 2620 similiter·
2076 2585 2204 2619 annuit
2224 2585 2279 2618 eis

412 2656 619 2700 ingressum
642 2669 706 2701 pet·
727 2669 855 2702 parvas
877 2656 1035 2690 scholas.

507 2755 617 2778 Constit.
633 2758 658 2778 et
673 2756 755 2786 Capp,
772 2755 890 2786 general.
906 2755 970 2779 Cist.
985 2755 1011 2778 in
1027 2754 1105 2778 Arch.
1120 2755 1210 2778 Status
1225 2755 1344 2784 Luzern„
1362 2763 1410 2778 ms.
1428 2755 1481 2783 544,
1498 2763 1525 2785 p.
1542 2754 1580 2778 19.
