2502 3418
446 311 489 343 36
1021 316 1338 340 CHARTULARIUM
1373 315 1562 338 UN1vEns.
1598 314 1727 336 PARIS.
2202 297 2302 334 [1398

447 402 540 422 xxvnx,
557 396 579 418 7.
592 408 622 412 —
637 393 678 419 11.
694 394 728 417 lv
741 393 817 424 Κεφ,
831 401 849 421 1,
863 394 886 416 2.
902 407 928 410 —
944 390 986 418 12.
1002 393 1031 415 In
1046 392 1103 415 cod.
1119 391 1203 415 Paris.
1219 391 1245 414 in
1261 390 1379 421 margine
1394 390 1509 421 legitur:
1527 397 1537 412 ι
1555 389 1623 412 sicut
1638 388 1663 411 in
1678 388 1790 419 legenda
1806 387 1832 410 S.
1849 385 1944 410 Mathei
1967 382 2094 408 set-ibitur
2107 393 2129 408 ».
2150 398 2180 402 —
2199 383 2240 409 13.
2261 384 2304 408 Sic

446 440 503 462 Vnt.
520 439 591 470 Reg.;
608 439 671 462 alii:
690 447 700 461 t(
714 438 807 469 pieque
823 446 845 461 ».
862 452 888 455 —
905 437 946 462 14.
962 438 999 460 Ad
1016 445 1121 460 sensum
1136 436 1162 459 in
1180 437 1262 459 Serm.
1276 436 1320 458 165
1337 435 1487 466 (supposit.)
1502 437 1527 457 et
1542 434 1586 457 278
1603 433 1652 462 (ed.
1669 433 1768 456 men.
1784 432 1811 459 V,
1828 440 1855 462 p.
1871 432 1942 459 3049,
1959 431 2029 453 3093.
2043 443 2072 448 -
2087 428 2128 454 15.
2145 429 2192 452 Hic
2207 428 2304 452 desinit

446 484 503 507 cod.
518 483 575 506 Vnt.
593 484 654 513 Reg.
671 497 701 500 —
717 482 757 508 16.
775 482 898 513 Sequitur
912 481 1041 513 probatio,
1059 489 1137 512 quam
1152 483 1181 503 ut
1196 480 1273 503 etiam
1290 480 1315 502 in
1331 479 1499 511 sequentibus
1520 477 1675 501 omittimus.
1690 490 1721 494 —
1734 476 1776 501 17.
1793 476 1843 499 Seu
1860 483 1871 499 α
1888 483 1932 498 eus
1946 483 1969 498 n.
1986 488 2012 492 —
2027 473 2069 499 18.
2083 474 2132 497 Ms.
2148 481 2154 497 :
2170 481 2181 497 e
2195 476 2265 497 artes
2280 481 2302 499 ι).

447 541 474 545 —
490 527 532 552 19.
550 528 623 551 Hunc
640 527 780 551 articulum
795 527 918 550 omittunt
930 525 1106 550 D'Axmmnm'
1122 528 1146 548 et
1161 525 1220 548 edd.

451 726 590 763 1750.
614 734 748 769 Magistri
763 737 890 768 regentes
903 733 1056 767 facultatis
1072 732 1230 758 medicinae
1243 740 1291 757 an.
1307 731 1469 758 1398-1399.

1641 771 1715 801 1398.
1732 770 1846 797 Horemb.
1864 771 1890 799 5,
1905 769 2018 796 Parisii&

533 866 638 898 Anno
660 864 803 897 Domini
825 865 876 896 Μο
888 864 993 897 CCC⁰
1009 862 1246 907 nonagesimo
1264 868 1403 902 octavo⁷
1421 860 1479 893 die
1499 859 1623 892 martis
1644 865 1727 904 post
1745 859 1877 891 festum
1898 857 2068 891 Omnium
2091 856 2303 889 Sanctorum
2337 898 2341 902 Ι

446 943 515 976 que
536 932 602 964 fuit
622 932 744 976 quinta
765 929 994 971 Novembris,
1010 930 1225 974 inceperunt
1244 928 1420 961 lectiones
1442 938 1526 960 suas
1546 925 1748 959 ordinarias
1769 924 1931 970 magistri
1953 923 2015 969 qui
2036 929 2210 956 secuntur·
2227 934 2234 956 :

533 1030 606 1062 Mag.
620 1029 746 1054 Thomas
760 1029 795 1054 de
810 1029 837 1054 S.
853 1028 946 1057 Petro,
1493 1025 1565 1058 Mag.
1582 1025 1682 1051 Petrus
1695 1025 1730 1050 de
1745 1024 1883 1053 Vallibus,

550 1092 585 1095 —
622 1077 797 1102 Guillelmus
811 1075 973 1105 Boucherii‚
1511 1090 1544 1093 —
1583 1075 1683 1100 Petrus
1697 1074 1733 1099 de
1747 1073 1885 1099 Castanea
1891 1071 1912 1102 ²,

620 1124 766 1152 =Iohannes
780 1124 816 1149 de
830 1124 1020 1152 Bellomonte.
1581 1122 1698 1155 Egidius
1712 1121 1748 1148 de
1763 1120 1919 1150 Dulendio,

619 1172 790 1205 Radulphus
804 1172 839 1198 de
853 1171 963 1204 Herpis,
1579 1171 1726 1197 Johannes
1740 1169 1776 1195 de
1791 1169 1888 1199 Marla‚

621 1219 760 1245 Martinus
774 1219 868 1249 Gazel,
1579 1219 1726 1245 ,Iohannes
1740 1218 1776 1245 de
1790 1218 1938 1248 Fontanis.

620 1269 721 1294 Petrus
735 1268 771 1294 de
785 1268 947 1296 Aussonno‚
1579 1268 1721 1294 Robertus
1733 1267 1769 1293 de
1782 1267 1886 1293 Sancto
1901 1267 2059 1294 Germano.

620 1315 795 1341 Guillelmus
808 1316 844 1341 de
858 1315 1006 1344 Camera⁴,
1580 1316 1719 1342 Girardus
1733 1316 1769 1342 de
1784 1316 1931 1349 Lingonis.

619 1362 766 1389 Albericus
781 1363 891 1392 Divitis,
1579 1365 1726 1391 Johannes
1740 1365 1781 1390 du
1797 1365 1927 1397 Maltray.

618 1412 765 1438 Johannes
779 1411 908 1441 Comitis,
1578 1413 1725 1440 Johannes
1740 1413 1863 1442 Fusoris,

620 1460 782 1486 Bonisacius
796 1460 831 1486 de
847 1458 1006 1489 Saunieres.
1579 1461 1729 1495 Philippus
1744 1462 1862 1495 Herpin.

618 1508 754 1534 Ricardus
765 1508 801 1534 (18
816 1508 1017 1536 Baudribosco‚
1577 1510 1700 1536 Jacobus
1716 1508 1901 1543 saqueespee,

618 1556 759 1589 Georgius
772 1556 808 1582 de
822 1556 930 1585 Castro,
964 1585 967 1589 .
1579 1558 1727 1584 Johannes
1742 1558 1827 1587 Petri,

618 1605 764 1631 Johannes
779 1605 903 1638 Leporis,
1577 1607 1718 1633 Henricus
1731 1607 1867 1640 Dongny,

619 1654 719 1679 Petrus
734 1653 823 1682 Mioti,
1577 1655 1728 1681 Hebernus
1740 1655 1755 1680 J
1758 1655 1859 1681 utsaes.

619 1701 793 1727 Guillelmus
807 1701 843 1727 de
859 1700 988 1730 Senonis,
1577 1703 1725 1729 Johannes
1739 1702 1775 1729 de
1790 1703 1959 1732 Floricurte,

617 1751 742 1777 Thomas
756 1751 794 1776 Le
807 1751 919 1783 Mauge,
1577 1751 1708 1776 Nicolaus
1722 1750 1858 1780 Gervasii,

548 1814 584 1819 —-
619 1799 760 1825 Henricus
775 1798 874 1829 Pelati,
1578 1799 1679 1825 Petrus
1694 1799 1789 1825 Biteti.

547 1862 581 1866 —
617 1847 764 1873 Johannes
778 1847 954 1880 Tanquardi,
2087 1847 2143 1882 [35]

547 1187 584 1720 11111111111!

546 1766 581 1770 Ι

1505 1186 1543 1818 ΙΙΙΙΙΙΙΙΙΙΙΙΙΙ

534 1935 677 1959 Comment.
695 1936 743 1959 sac.
760 1935 828 1958 med.
844 1935 937 1961 Paris..
953 1938 972 1958 t.
989 1935 1009 1964 1,
1022 1943 1049 1966 p.
1064 1936 1103 1958 40.
1117 1948 1147 1953 -
1161 1935 1225 1959 Νῦν.
1242 1936 1264 1964 2,
1281 1935 1437 1959 Guillelmus
1453 1936 1484 1959 de
1498 1936 1607 1960 Camere
1620 1937 1734 1960 decanus
1751 1937 1800 1961 fae.
1816 1937 1914 1960 electus
1929 1939 1996 1960 erat.

533 2032 557 2057 1.
577 2041 587 2056 α
602 2032 647 2056 Die
662 2033 717 2055 xix¹²
729 2033 826 2055 mensis
839 2032 1000 2063 Septembris
1013 2032 1075 2055 anni
1090 2032 1254 2064 nonagesimi
1268 2033 1354 2057 octavi
1366 2034 1415 2057 fuit
1427 2035 1494 2057 sucta
1504 2035 1670 2066 congregatio
1684 2035 1817 2058 facultatis
1832 2035 1858 2058 in
1875 2035 1971 2058 Sancto
1986 2035 2117 2058 Matutino
2167 2037 2193 2058 et
2204 2033 2304 2058 ibidem
2319 2028 2322 2030 “

442 2085 511 2108 mag.
525 2077 682 2100 Guillelmus
698 2077 729 2100 de
742 2077 850 2100 Camera
866 2077 1027 2108 supplicavit
1041 2077 1190 2108 dispensari
1212 2077 1244 2101 de
1266 2078 1394 2109 regentia,
1407 2079 1470 2110 quia
1485 2079 1652 2110 conjugatus.
1666 2080 1751 2111 Super
1763 2088 1814 2111 quo
1829 2080 1940 2103 facultas
1953 2079 2038 2103 voluit
2052 2078 2155 2102 consuli
2168 2086 2217 2110 pex-
2227 2078 2304 2110 jure-

440 2122 539 2152 peritos
555 2121 696 2152 magistros
710 2124 735 2144 et
750 2121 868 2144 dominos
884 2121 1040 2144 reverendos
1055 2122 1208 2153 episcopum
1224 2123 1419 2146 Atrebatensem
1439 2132 1508 2155 mag.
1524 2124 1583 2149 Joh.
1599 2124 1735 2152 Quennart
1754 2124 1783 2153 (i.
1803 2133 1825 2147 e.
1844 2125 1967 2154 Canard),
1983 2124 2106 2148 abbatem
2121 2123 2210 2147 Sancti
2224 2122 2305 2155 Eligii

441 2165 620 2189 Noviomensis
638 2166 753 2197 [Petu-um
769 2166 800 2188 de
820 2165 977 2198 Agnovilla],
992 2169 1018 2189 et
1031 2166 1178 2189 ,Iohannem
1193 2167 1224 2190 de
1239 2168 1356 2198 Crepone
1369 2168 1533 2192 decretorum
1548 2169 1697 2192 doctores...
1718 2169 1813 2192 Presati
1830 2169 1950 2192 doctores
1965 2169 2138 2192 decreverunt
2153 2168 2304 2192 fucultatem

440 2219 518 2241 posse
533 2218 621 2233 secum
634 2210 782 2241 dispensari
799 2210 868 2233 licite
883 2213 908 2233 et
923 2210 978 2233 sine
993 2210 1144 2234 difficultate
1157 2215 1182 2234 et
1203 2211 1239 2234 ita
1254 2212 1361 2236 effeetus
1376 2216 1416 2236 est
1434 2221 1538 2244 regens.
1554 2222 1565 2236 υ
1583 2213 1692 2243 (Comm.
1712 2215 1760 2237 sac.
1777 2214 1856 2243 med„
1872 2217 1891 2236 t.
1907 2214 1927 2242 I,
1944 2222 1971 2245 p.
1985 2215 2034 2243 36).
2048 2214 2140 2237 Plures
2154 2221 2237 2236 annos
2251 2220 2304 2236 nou

441 2258 550 2282 rexerat,
567 2263 717 2286 quanquam
739 2263 809 2285 mng.
832 2263 925 2285 regens
947 2255 981 2278 ab
996 2263 1037 2278 un.
1056 2256 1114 2278 1387
1130 2256 1280 2286 (ChartuL.
1299 2257 1345 2285 ΙΙΙ,
1363 2266 1390 2288 p.
1406 2258 1472 2289 397),
1493 2258 1538 2281 sed
1560 2258 1668 2281 servitio
1688 2258 1794 2289 reginae
1815 2266 1858 2282 an.
1882 2258 1985 2282 1392-98
2007 2258 2128 2281 addictus
2150 2260 2220 2286 παις
2242 2265 2304 2280 nam

441 2299 550 2322 Carolus
571 2307 616 2322 rex
637 2299 761 2322 Franciae
783 2302 903 2322 munerat
923 2308 934 2321 a
952 2299 983 2323 G.
999 2300 1030 2323 de
1051 2300 1077 2323 la
1092 2300 1230 2328 Chambre,
1246 2301 1347 2324 fizicien
1362 2302 1393 2324 de
1413 2302 1439 2325 lu
1453 2302 1533 2331 reinc,
1557 2311 1626 2334 pour
1647 2311 1688 2326 ses
1710 2303 1776 2326 bons
1798 2303 1884 2326 offices
1908 2306 1934 2326 et
1953 2302 2176 2326 l'uccroissement
2199 2302 2231 2326 de
2255 2309 2303 2325 non

441 2344 557 2374 maringe
570 2354 593 2367 ι).
610 2344 656 2373 (ΒΕ
671 2345 807 2372 Lumnmz,
819 2345 895 2368 Ducs
907 2345 940 2367 de
953 2345 1131 2375 Bourqoyne,
1149 2345 1270 2374 Preuves,
1287 2346 1332 2375 ΙΙΙ,
1348 2355 1375 2377 p.
1395 2347 1459 2376 472.)
1481 2361 1511 2365 —
1531 2347 1556 2371 2.
1572 2348 1642 2379 Sept.
1660 2348 1689 2371 19
1710 2348 1738 2371 P.
1758 2348 1790 2370 de
1806 2348 1934 2371 Castanea
1950 2347 2150 2379 supplicaverat
2163 2349 2193 2370 ut
2212 2347 2307 2378 ponet

440 2389 527 2419 legere
543 2397 554 2411 (t
570 2388 595 2411 in
611 2389 695 2411 tertiis
709 2397 721 2411 »
735 2392 860 2420 tanquam
876 2397 983 2420 regens;
998 2389 1067 2420 quod
1082 2389 1241 2414 obtinuerat.

445 2592 585 2629 1751.
607 2601 734 2627 Decemb.
753 2602 787 2627 13
801 2601 915 2627 litterae
935 2601 1133 2627 Universitatis
1148 2603 1243 2628 Paris.
1264 2603 1394 2639 Capitulo
1414 2604 1509 2630 Paris.
1530 2613 1582 2640 pro
1600 2609 1686 2640 parte
1705 2614 1780 2639 mag.
1801 2605 1940 2631 Iohannis
1961 2605 1997 2631 de
2017 2605 2194 2632 Bellomonte
2210 2612 2302 2641 prae-

527 2653 658 2675 sentatae
673 2654 746 2683 sunt,
764 2653 794 2675 ut
808 2650 869 2675 suis
883 2650 918 2676 de
935 2650 1080 2685 beneficiis
1095 2651 1135 2676 ad
1149 2651 1328 2678 collationem
1345 2653 1471 2689 Capituli
1483 2653 1688 2689 provideretur.
1706 2654 1867 2690 Capitulum
1884 2655 1979 2681 Paris.
1993 2654 2123 2680 Decemb.
2139 2654 2172 2681 21
2189 2653 2303 2680 Univer-

527 2698 610 2723 sitan
623 2699 717 2724 Paris.
735 2698 894 2735 respondet,
917 2699 1068 2725 canonicos
1092 2700 1244 2734 magistros
1265 2702 1508 2728 recommendatos
1529 2702 1687 2738 bonamque
1711 2704 1891 2738 affectionem
1911 2703 2018 2730 habere
2038 2704 2080 2730 eis
2095 2703 2131 2729 de
2154 2701 2302 2737 beneficiis

525 2747 701 2783 providendi,
717 2751 803 2783 prout
814 2748 931 2783 poterit.

1568 2789 1644 2818 7398,
1661 2788 1775 2814 Decemb.
1794 2790 1830 2818 73.
1845 2790 1878 2815 21
1901 2789 2015 2816 Parisiis.

530 2871 606 2895 Arch.
622 2874 675 2895 nat.
690 2871 783 2895 Pax-is..
799 2872 837 2895 LL
851 2872 916 2900 1081),
931 2881 956 2903 p.
974 2873 1026 2901 415,
1043 2873 1096 2896 419.
1116 2874 1173 2896 Vid.
1191 2873 1259 2897 insi-a
1277 2875 1308 2897 nd
1325 2883 1368 2898 an.
1401 2877 1455 2905 399,
1471 2876 1529 2899 Jan.
1545 2877 1568 2899 4.
