2502 3418
406 325 494 347 XVIII
1189 322 1479 345 INTRODUCTIO.

407 399 735 436 archidiaconatum
762 398 1033 442 Silvanectens.,
1065 398 1129 445 cui,
1151 398 1327 434 deservire
1356 408 1427 433 non
1456 401 1585 444 potest,
1613 400 1646 432 et
1670 397 1771 444 cujus
1799 395 1934 431 fructus
1966 398 2033 432 100
2053 396 2135 432 libr.
2173 399 2262 439 tur.‚

405 470 571 518 resignat,
596 470 662 506 sihi
678 470 847 518 pensione
862 481 980 505 annua
996 472 1041 506 50
1057 473 1148 505 scut.
1167 468 1244 505 auri
1261 469 1304 504 de
1325 479 1439 516 cugno
1459 467 1550 515 regis
1566 467 1736 504 Franciae
1751 466 1960 503 reservata⁴.

503 544 686 577 Postremo
705 541 732 577 si
750 544 875 577 auctor
894 540 997 576 diarii
1015 540 1127 576 solum
1145 540 1188 576 de
1207 540 1276 575 illis
1293 539 1451 575 ecclesiis
1473 539 1677 583 Parisiens.,
1695 550 1786 586 quae
1803 550 1885 574 cum
1900 538 1982 574 Joh.
2002 538 2162 574 Chuffart
2177 549 2265 574 con-

402 616 546 660 gruunt,
561 613 782 660 loqueretur,
801 615 1052 657 argumentum
1067 611 1216 647 fortasse
1232 610 1343 658 pluris
1358 610 1497 646 valeret.
1522 611 1585 645 Ast
1600 613 1723 646 auctor
1737 621 1810 645 non
1837 609 1956 645 minus
1976 609 2020 645 de
2048 610 2125 645 aliis
2147 610 2259 646 Paris.

402 683 560 719 ecclesiis
576 687 610 719 et
624 683 884 719 circumvicinis
897 682 1142 718 memorabilia
1154 682 1267 727 affert,
1284 694 1316 717 v.
1335 694 1368 729 g.
1389 683 1425 717 S.
1447 681 1620 717 Johannis
1636 681 1672 716 in
1692 680 1826 725 Gravia,
1844 682 1880 716 S.
1899 681 2081 725 Mederici,
2103 682 2138 717 S.
2166 683 2260 717 Mar-

399 755 463 790 tini
482 755 525 790 de
547 754 702 802 Campis,
722 754 809 790 eccl.
827 754 1119 801 Augustinorum,
1140 754 1174 789 S.
1194 753 1365 801 Dionysii,
1383 756 1451 788 etc.

497 826 566 861 Sed
590 837 680 872 quae
709 836 773 860 nos
800 825 910 869 magis
926 836 1031 872 quam
1047 824 1299 871 praecedentia
1322 827 1465 860 movent
1484 836 1529 859 ne
1547 823 1634 859 thesi
1661 823 1711 858 illi
1733 823 2014 867 subscribamus,
2042 823 2196 859 breviter
2221 824 2259 859 in

401 896 633 943 sequentihus
648 907 877 943 exponemus.
892 896 1071 932 Johannes
1084 895 1256 939 Chuffart,
1270 898 1303 930 et
1318 895 1387 931 hoc
1398 906 1516 942 neque
1527 896 1670 931 TUETEY
1685 906 1800 942 neque
1817 894 1906 930 alius
1924 906 2080 941 unquam
2099 894 2259 931 animad-

398 967 510 1011 vertit,
538 967 680 1015 saepius
706 979 746 1003 ac
774 967 906 1003 diutius
930 978 950 1002 a
972 967 1109 1002 civitate
1133 966 1322 1002 Parisiensi
1347 969 1382 1001 et
1407 978 1427 1001 a
1448 977 1556 1013 regno
1580 965 1749 1001 Franciae
1771 965 1883 1001 abfuit
1906 977 2014 1013 quam
2044 970 2082 1001 ut
2103 966 2257 1002 diarium

399 1039 595 1074 Parisiense
614 1042 687 1074 tam
702 1038 891 1086 diligenter
908 1037 1163 1073 conscriberet.
1178 1037 1367 1073 Absentias
1383 1049 1648 1079 enumeramus,
1666 1041 1701 1072 at
1720 1037 1866 1073 minime
1882 1037 1969 1072 certi
1987 1049 2111 1072 sumus
2131 1049 2256 1073 omnes

397 1110 582 1145 detexisse.
604 1109 735 1153 Primo,
762 1112 933 1155 quantum
957 1109 1100 1153 scimus,
1120 1108 1233 1144 abfuit
1249 1121 1268 1144 a
1289 1109 1430 1144 Parisiis
1449 1120 1514 1155 per
1535 1112 1615 1144 octo
1639 1108 1829 1143 minimum
1850 1120 1994 1144 menses
2018 1120 2075 1144 an.
2105 1111 2211 1153 1419,
2235 1121 2256 1145 a

396 1180 587 1216 Februario
602 1180 656 1215 vel
671 1181 809 1221 Martio,
825 1180 861 1215 in
879 1180 977 1215 curia
992 1182 1153 1216 Romana
1167 1179 1319 1226 degens²
1332 1191 1339 1223 ;
1354 1179 1590 1215 nihilominus
1606 1180 1642 1214 in
1656 1179 1820 1223 Journal,
1835 1191 1869 1226 p.
1887 1182 1950 1215 121
1967 1191 2061 1226 sqq.,
2078 1191 2134 1215 res
2147 1180 2254 1227 hujus

393 1252 561 1299 temporis
588 1251 727 1286 Parisiis
751 1255 916 1298 peractae
941 1255 1105 1287 accurate
1133 1254 1297 1286 narratae
1332 1254 1434 1294 sunt;
1461 1253 1510 1294 2⁰,
1535 1262 1592 1286 an.
1622 1253 1714 1287 1428
1737 1250 1894 1298 quinque
1920 1262 2061 1286 menses
2089 1251 2126 1286 in
2156 1251 2252 1287 curia

393 1325 551 1358 Romana
564 1323 819 1369 consumpsit³,
837 1334 877 1358 ac
893 1322 1025 1357 mirum
1040 1322 1136 1369 quod
1147 1322 1238 1357 nihil
1254 1326 1378 1358 auctor
1392 1321 1494 1358 diarii
1510 1322 1553 1357 de
1569 1321 1668 1357 ltalia
1684 1322 1736 1357 vel
1756 1322 1853 1357 curia
1869 1321 2005 1366 afferat,
2020 1334 2101 1357 cum
2117 1326 2249 1366 tamen,

385 1394 486 1440 juxta
508 1395 663 1437 TUETEY,
682 1404 748 1428 nos
778 1405 921 1440 semper
938 1393 1071 1440 optimc
1092 1393 1261 1428 informet
1278 1393 1322 1429 de
1341 1393 1430 1429 locis
1456 1392 1585 1440 quibus
1607 1392 1766 1429 Chuffart
1789 1393 1928 1429 vinculo
1947 1393 2103 1440 quodam
2120 1394 2251 1441 junge-

387 1464 506 1507 batur,
525 1467 573 1507 3⁰,
589 1476 646 1499 an.
670 1466 774 1507 1429,
795 1464 904 1499 Paris.
939 1464 1026 1500 urbe
1047 1464 1171 1499 relicta
1192 1466 1390 1499 Tornacum
1419 1463 1556 1511 petiit⁴;
1580 1467 1616 1499 4ο
1632 1467 1666 1499 et
1682 1467 1731 1506 5⁰,
1746 1475 1804 1499 an.
1826 1465 1918 1499 1436
1941 1464 1995 1500 bis
2015 1464 2142 1500 absens
2167 1464 2247 1510 fuit,

388 1535 482 1582 prius
500 1535 623 1583 (April.
643 1536 786 1570 27—Jun.
808 1535 839 1580 1)
855 1547 937 1571 cum
955 1535 1130 1582 deputatis
1152 1535 1298 1570 civitatis
1320 1534 1522 1579 Parisiens.,
1550 1535 1643 1583 apud
1666 1547 1787 1582 regem
1807 1535 1974 1571 Carolum
1988 1534 2093 1578 V11⁵‚
2117 1535 2248 1572 deinde

390 1606 425 1653 (a
438 1608 522 1642 Dec.
543 1609 562 1642 5
579 1618 691 1653 usque
706 1606 763 1641 ad.
790 1609 895 1648 1437,
911 1606 994 1642 circ.
1015 1606 1118 1642 Febr.
1139 1609 1181 1642 15
1198 1606 1249 1642 vel
1267 1606 1325 1653 19)
1348 1607 1383 1641 in
1407 1606 1565 1642 Picardia
1580 1607 1617 1641 in
1629 1606 1796 1642 societate
1811 1606 2062 1642 constabularii
2079 1607 2247 1643 Arthuris

385 1677 428 1712 de
451 1677 662 1713 Richemont
678 1680 712 1713 et
732 1677 934 1713 cancellarii
959 1677 1125 1713 Franciae
1149 1677 1407 1724 archiepiscopi
1429 1677 1646 1713 Remensis⁶.
1668 1679 1731 1713 Ast
1746 1681 1870 1714 auctor
1884 1678 1986 1713 diarii
2006 1678 2118 1714 altum
2139 1678 2248 1714 silen-

384 1748 472 1783 tium
488 1751 581 1784 tenet
603 1749 645 1783 de
660 1748 835 1796 legatione
852 1748 998 1784 civitatis
1018 1748 1127 1784 Paris.
1146 1749 1456 1796 Universitatisque
1466 1748 1510 1784 ad
1526 1760 1663 1796 regem;
1678 1752 1723 1793 et,
1747 1753 1921 1796 quantum
1934 1749 1978 1784 ad
1993 1749 2140 1785 alteram
2149 1749 2245 1797 lega—

385 1818 532 1860 tionem,
551 1819 703 1855 Parisios
720 1831 778 1854 an.
802 1822 907 1863 1436,
923 1821 1010 1855 Nov.
1031 1821 1090 1862 23,
1107 1819 1287 1855 advenisse
1305 1819 1603 1856 constabularium
1620 1823 1655 1855 et
1672 1820 1884 1867 archiepisc.
1899 1822 2112 1856 Remensem
2129 1824 2242 1864 notat,

385 1902 456 1925 non
488 1893 603 1926 autem
630 1902 674 1925 an
703 1890 811 1926 iidem
838 1890 1001 1934 abierint,
1034 1891 1129 1937 quod
1167 1891 1273 1938 plane
1302 1891 1461 1926 Chuffart
1488 1891 1650 1935 interest;
1683 1891 1774 1927 unde
1800 1891 1878 1938 quis
1908 1891 2097 1927 crediderit
2120 1891 2244 1928 ambos

385 1960 527 1996 Parisiis
551 1962 781 2004 remansisse;
801 1964 849 2005 6⁰,
874 1973 918 1997 an
943 1964 1034 1997 1438
1057 1962 1193 2009 legatus
1218 1962 1460 1998 Universitatis
1481 1963 1526 1998 ad
1544 1974 1661 2010 regem
1676 1966 1710 1998 et
1729 1962 1929 1999 Concilium
1952 1963 2116 2010 Biturigis
2133 1962 2239 2007 fuit⁷;

382 2035 505 2068 auctor
520 2032 620 2067 diarii
637 2032 679 2068 de
694 2032 825 2068 talibus
853 2044 926 2068 non
943 2037 1053 2077 curat,
1072 2033 1245 2080 vituperat
1261 2036 1378 2069 autem
1389 2045 1507 2081 regem
1521 2034 1617 2081 quod
1634 2034 1819 2070 Franciam
1834 2034 1996 2081 neglegat
2011 2046 2078 2070 nec
2090 2035 2241 2071 Parisios

474 2230 495 2253 1.
512 2229 587 2260 Ibid.,
604 2234 632 2253 n0
651 2230 705 2260 366,
721 2229 764 2253 fol.
781 2230 826 2254 210
839 2239 845 2254 :
863 2241 875 2252 «
892 2230 924 2254 B.
940 2230 971 2254 P.
987 2230 1051 2254 Cum
1066 2230 1121 2254 dev.
1137 2232 1220 2254 vester
1235 2230 1365 2255 Johannes
1379 2231 1506 2262 Chufflzrt,
1522 2231 1589 2256 decr.
1609 2231 1696 2256 doctor
1711 2239 1741 2256 ac
1759 2231 1917 2256 devotissimi
1932 2233 1965 2257 V.
1982 2233 2007 2257 S.
2023 2235 2048 2256 ct
2068 2233 2171 2258 ecclesie
2190 2234 2240 2258 filii

383 2273 466 2298 Caroli
481 2274 637 2298 Francorum
657 2274 726 2305 regis
742 2274 913 2305 consiliarius,
928 2274 1163 2299 archidiaconatum
1183 2275 1285 2299 ecclesie
1307 2275 1488 2300 Silvanectens.
1510 2275 1635 2306 obtinens,
1651 2276 1677 2300 in
1697 2276 1855 2308 sexagesimo
1869 2284 1914 2300 sue
1933 2277 2010 2301 etatis
2029 2285 2095 2302 anno
2115 2277 2153 2302 vel
2173 2278 2241 2303 circa

381 2318 543 2348 constitutus,
559 2318 621 2342 adeo
640 2318 710 2342 senio
725 2318 869 2343 confractus
890 2319 1011 2351 gravique
1030 2318 1182 2344 infirmitate
1197 2319 1315 2344 detentus
1329 2319 1431 2350 existat,
1446 2320 1513 2352 quod
1532 2320 1599 2344 dieto
1613 2320 1832 2345 archidiaconatui
1847 2320 1975 2345 deservire
1990 2330 2035 2346 nee
2050 2322 2132 2354 ipsius
2151 2330 2239 2348 curam

380 2362 463 2386 debito
478 2371 592 2386 exercerc
607 2363 702 2387 valeret
717 2373 739 2393 »,
753 2365 799 2387 etc.

471 2407 494 2430 2.
510 2407 570 2431 Vid.
589 2408 729 2437 martur,
746 2407 792 2438 IV,
808 2411 836 2431 n⁰
850 2407 921 2438 2141,
937 2409 962 2431 et
976 2409 1028 2431 not.
1045 2408 1067 2432 1.

470 2451 494 2475 3.
511 2450 576 2475 Ibid.
589 2456 617 2475 n⁰
629 2451 698 2475 2238.

470 2496 493 2518 4.
509 2496 545 2519 De
562 2496 608 2519 hoe
622 2495 648 2519 in
662 2496 811 2521 Me‘moires
828 2498 860 2520 de
874 2497 903 2521 la
918 2497 978 2521 Soc.
994 2498 1092 2521 histor.
1109 2501 1134 2521 et
1148 2498 1286 2521 litteram-e
1299 2499 1332 2526 de
1349 2498 1478 2522 Tournai
1493 2498 1581 2528 (1863),
1598 2498 1671 2527 VIII,
1686 2506 1713 2530 p.
1728 2497 1839 2522 355-356.
1853 2498 1961 2523 Tornaci
1976 2498 2027 2522 fuit
2044 2499 2136 2524 saltem
2150 2507 2237 2524 mense

379 2539 538 2569 Novembris,
554 2541 579 2563 et
595 2540 741 2572 appellatur
756 2551 768 2563 α
784 2540 883 2565 officior
901 2540 932 2564 de
952 2541 978 2565 la
991 2541 1061 2565 reine
1082 2541 1258 2572 d'Angleterre
1277 2551 1300 2571 »,
1317 2541 1361 2573 qui
1376 2542 1430 2566 sinc
1445 2542 1640 2567 salvoconductu
1654 2550 1734 2567 ausus
1750 2544 1789 2567 cst
1810 2542 1904 2576 venire,
1925 2543 2042 2575 quamvis
2061 2543 2153 2575 Anglis
2167 2543 2238 2575 jura-

379 2585 492 2607 mentum
514 2584 680 2616 praestiterit.
702 2584 827 2610 Officialis
849 2585 945 2617 aliique
969 2585 1112 2610 :Iohannem
1134 2585 1254 2610 chuffart
1274 2593 1385 2618 purgare
1405 2586 1455 2610 nisi
1477 2588 1546 2617 sunt,
1563 2597 1575 2609 «
1591 2595 1621 2611 en
1642 2586 1775 2618 aueguant
1794 2587 1856 2619 qu'il
1875 2587 1940 2611 n'cst
1963 2595 2010 2619 pas
2029 2595 2062 2612 au
2078 2587 2173 2612 service
2192 2588 2237 2613 des

377 2628 492 2659 Anglais,
509 2630 534 2651 et
548 2628 609 2659 qu'il
622 2629 686 2652 n'est
703 2637 767 2652 vcnu
782 2636 829 2661 par
843 2629 904 2661 deca
918 2637 967 2661 que
981 2638 1046 2662 pour
1058 2631 1163 2654 toucher
1177 2630 1214 2654 les
1228 2630 1400 2662 assignations
1414 2630 1490 2655 faites
1503 2639 1551 2663 par
1564 2631 1589 2655 lc
1603 2630 1652 2655 duc
1666 2631 1697 2655 de
1715 2631 1868 2662 Bourgogne
1887 2639 1917 2655 en
1935 2631 2025 2656 iavcur
2039 2631 2070 2655 de
2086 2632 2112 2656 la
2126 2632 2196 2656 rcine
2211 2634 2237 2657 et

376 2672 407 2696 de
422 2672 538 2697 madame
553 2672 636 2697 Max-ie
651 2672 682 2696 dc
696 2673 802 2702 Francc,
817 2673 870 2698 asin
885 2673 916 2698 de
930 2674 986 2698 leur
1004 2675 1143 2706 permettre
1164 2674 1292 2699 d'aaeheter
1310 2675 1340 2699 de
1359 2675 1491 2699 fourrures
1505 2675 1536 2699 de
1555 2675 1608 2707 gris
1623 2677 1648 2699 et:
1663 2675 1693 2699 de
1712 2683 1788 2699 menn
1803 2675 1858 2700 vair
1873 2685 1896 2700 ιι.
1913 2676 2025 2700 Johanni
2046 2676 2175 2707 Chuffart,
2191 2677 2233 2708 qui

375 2719 430 2741 crat
444 2716 470 2740 in
485 2724 610 2740 carcerem
622 2717 758 2748 conjectus,
772 2717 838 2742 cives
852 2718 997 2742 libertatem
1014 2718 1149 2748 donarunt,
1166 2719 1188 2743 si
1203 2727 1283 2751 usque
1297 2719 1330 2744 ad
1345 2720 1406 2743 Jun.
1422 2720 1453 2743 24
1467 2728 1493 2744 se
1508 2721 1690 2752 praesentaret.
1707 2719 1756 2744 Sed
1770 2720 1846 2744 Febr.
1864 2720 1878 2744 7
1897 2722 2000 2752 tempus
2015 2722 2180 2752 prorogatum
2196 2722 2236 2745 est

375 2761 408 2785 ad
420 2761 536 2785 Decemb.
552 2761 582 2785 25
594 2768 635 2785 an.
653 2761 721 2792 1430,
737 2763 762 2785 ct
775 2770 876 2786 summa
892 2763 951 2786 1500
966 2770 1048 2787 coron.
1065 2763 1131 2794 auri,
1147 2770 1162 2788 a
1176 2765 1250 2796 patre
1264 2763 1378 2796 ejusdem
1393 2764 1550 2794 satisdanda,
1563 2764 1733 2789 reducebatur
1746 2764 1779 2789 ad
1793 2764 1848 2788 500.

466 2806 489 2829 5.
503 2806 579 2829 Arch.
595 2807 648 2830 nat.
662 2805 756 2836 Paris„
770 2806 813 2830 LL
829 2806 884 2837 114,
899 2815 924 2839 p.
938 2807 984 2831 208
999 2809 1024 2831 et
1037 2807 1092 2832 215.

466 2850 490 2874 6.
506 2849 581 2879 Ibid.,
596 2858 622 2882 p.
637 2850 691 2880 267,
707 2850 761 2874 278.

466 2895 489 2918 7.
505 2893 566 2919 Vid.
584 2894 722 2925 chartul„
738 2899 767 2918 n⁰
781 2894 849 2919 2522.
