<?xml version="1.0" encoding="UTF-8"?>
<!DOCTYPE html PUBLIC "-//W3C//DTD XHTML 1.0 Transitional//EN"
    "http://www.w3.org/TR/xhtml1/DTD/xhtml1-transitional.dtd">
<html xmlns="http://www.w3.org/1999/xhtml" xml:lang="en" lang="en">
 <head>
  <title>
</title>
<meta http-equiv="Content-Type" content="text/html;charset=utf-8" />
  <meta name='ocr-system' content='tesseract 3.04.00' />
  <meta name='ocr-capabilities' content='ocr_page ocr_carea ocr_par ocr_line ocrx_word'/>
</head>
<body>
  <div class='ocr_page' id='page_1' title='image "./chartulariumuniv04univuoft_0518.png"; bbox 0 0 2502 3418; ppageno 0'>
   <div class='ocr_carea' id='block_1_1' title="bbox 414 342 2278 382">
    <p class='ocr_par' dir='ltr' id='par_1_1' title="bbox 414 342 2278 382">
     <span class='ocr_line' id='line_1_1' title="bbox 414 342 2278 382; baseline -0.001 -1"><span class='ocrx_word' id='word_1_1' title='bbox 414 348 479 382; x_wconf 80' lang='lat'>474</span> <span class='ocrx_word' id='word_1_2' title='bbox 992 358 1311 380; x_wconf 71' lang='lat' dir='ltr'>cuAn&#39;rULAnluM</span> <span class='ocrx_word' id='word_1_3' title='bbox 1346 357 1536 379; x_wconf 69' lang='lat' dir='ltr'>uuivrns.</span> <span class='ocrx_word' id='word_1_4' title='bbox 1573 357 1702 380; x_wconf 66' lang='lat' dir='ltr'>rmus.</span> <span class='ocrx_word' id='word_1_5' title='bbox 2177 342 2278 380; x_wconf 85' lang='lat'>[1428</span> 
     </span>
    </p>
   </div>
   <div class='ocr_carea' id='block_1_2' title="bbox 414 430 2277 506">
    <p class='ocr_par' dir='ltr' id='par_1_2' title="bbox 414 430 2277 506">
     <span class='ocr_line' id='line_1_2' title="bbox 508 430 2277 464; baseline -0.001 -8"><span class='ocrx_word' id='word_1_6' title='bbox 508 434 570 464; x_wconf 76' lang='lat' dir='ltr'>fleg.</span> <span class='ocrx_word' id='word_1_7' title='bbox 588 433 679 464; x_wconf 84' lang='lat' dir='ltr'>Suppi.</span> <span class='ocrx_word' id='word_1_8' title='bbox 695 433 771 456; x_wconf 84' lang='lat' dir='ltr'>Mart.</span> <span class='ocrx_word' id='word_1_9' title='bbox 787 433 815 460; x_wconf 83' lang='lat' dir='ltr'>V,</span> <span class='ocrx_word' id='word_1_10' title='bbox 833 437 861 456; x_wconf 87' lang='lat' dir='ltr'>n⁰</span> <span class='ocrx_word' id='word_1_11' title='bbox 876 433 929 462; x_wconf 81' lang='lat'><strong>217,</strong></span> <span class='ocrx_word' id='word_1_12' title='bbox 947 433 991 458; x_wconf 79' lang='lat' dir='ltr'>sol.</span> <span class='ocrx_word' id='word_1_13' title='bbox 1008 433 1061 461; x_wconf 73' lang='lat'><strong>182,</strong></span> <span class='ocrx_word' id='word_1_14' title='bbox 1079 433 1128 455; x_wconf 82' lang='lat' dir='ltr'>sub</span> <span class='ocrx_word' id='word_1_15' title='bbox 1144 432 1250 456; x_wconf 76' lang='lat' dir='ltr'>rubrica</span> <span class='ocrx_word' id='word_1_16' title='bbox 1264 440 1269 455; x_wconf 91' lang='lat'>:</span> <span class='ocrx_word' id='word_1_17' title='bbox 1288 441 1299 455; x_wconf 76' lang='lat' dir='ltr'>(t</span> <span class='ocrx_word' id='word_1_18' title='bbox 1316 432 1425 455; x_wconf 80' lang='lat' dir='ltr'>Rotuius</span> <span class='ocrx_word' id='word_1_19' title='bbox 1441 440 1540 463; x_wconf 78' lang='lat' dir='ltr'>parvus</span> <span class='ocrx_word' id='word_1_20' title='bbox 1555 435 1686 455; x_wconf 86' lang='lat' dir='ltr'>certarum</span> <span class='ocrx_word' id='word_1_21' title='bbox 1704 431 1858 455; x_wconf 76' lang='lat' dir='ltr'>facultatum</span> <span class='ocrx_word' id='word_1_22' title='bbox 1875 439 1923 463; x_wconf 88' lang='lat' dir='ltr'>pro</span> <span class='ocrx_word' id='word_1_23' title='bbox 1939 430 2091 455; x_wconf 80' lang='lat' dir='ltr'>doctoribus</span> <span class='ocrx_word' id='word_1_24' title='bbox 2106 434 2131 454; x_wconf 85' lang='lat' dir='ltr'>et</span> <span class='ocrx_word' id='word_1_25' title='bbox 2141 430 2277 462; x_wconf 73' lang='lat' dir='ltr'>magistris</span> 
     </span>
     <span class='ocr_line' id='line_1_3' title="bbox 414 475 2276 506; baseline -0.001 -5"><span class='ocrx_word' id='word_1_26' title='bbox 414 486 436 502; x_wconf 88' lang='lat' dir='ltr'>s.</span> <span class='ocrx_word' id='word_1_27' title='bbox 457 478 537 501; x_wconf 77' lang='lat' dir='ltr'>theol.</span> <span class='ocrx_word' id='word_1_28' title='bbox 562 478 704 501; x_wconf 80' lang='lat' dir='ltr'>Pnrisiens.</span> <span class='ocrx_word' id='word_1_29' title='bbox 720 486 741 500; x_wconf 89' lang='lat'>».</span> <span class='ocrx_word' id='word_1_30' title='bbox 765 491 795 495; x_wconf 90' lang='lat'>—</span> <span class='ocrx_word' id='word_1_31' title='bbox 816 477 992 501; x_wconf 86' lang='lat' dir='ltr'>Nihilominus</span> <span class='ocrx_word' id='word_1_32' title='bbox 1012 477 1140 500; x_wconf 84' lang='lat' dir='ltr'>Martinus</span> <span class='ocrx_word' id='word_1_33' title='bbox 1164 478 1184 500; x_wconf 84' lang='lat' dir='ltr'>V</span> <span class='ocrx_word' id='word_1_34' title='bbox 1204 476 1319 500; x_wconf 81' lang='lat' dir='ltr'>Johanni</span> <span class='ocrx_word' id='word_1_35' title='bbox 1339 476 1475 500; x_wconf 82' lang='lat' dir='ltr'>Chuffardi</span> <span class='ocrx_word' id='word_1_36' title='bbox 1499 479 1525 500; x_wconf 80' lang='lat' dir='ltr'>et</span> <span class='ocrx_word' id='word_1_37' title='bbox 1545 477 1643 500; x_wconf 76' lang='lat' dir='ltr'>Jacobo</span> <span class='ocrx_word' id='word_1_38' title='bbox 1658 476 1809 506; x_wconf 77' lang='lat' dir='ltr'>Brnnlardi,</span> <span class='ocrx_word' id='word_1_39' title='bbox 1825 475 1967 500; x_wconf 80' lang='lat' dir='ltr'>licentiatis</span> <span class='ocrx_word' id='word_1_40' title='bbox 1989 475 2015 499; x_wconf 92' lang='lat' dir='ltr'>in</span> <span class='ocrx_word' id='word_1_41' title='bbox 2035 476 2142 504; x_wconf 65' lang='lat' dir='ltr'>decret„</span> <span class='ocrx_word' id='word_1_42' title='bbox 2163 475 2276 506; x_wconf 76' lang='lat' dir='ltr'>gratiam</span> 
     </span>
    </p>
   </div>
   <div class='ocr_carea' id='block_1_3' title="bbox 412 520 2276 597">
    <p class='ocr_par' dir='ltr' id='par_1_3' title="bbox 412 520 2276 597">
     <span class='ocr_line' id='line_1_4' title="bbox 412 520 2276 554; baseline -0.001 -8"><span class='ocrx_word' id='word_1_43' title='bbox 412 522 616 554; x_wconf 79' lang='lat' dir='ltr'>exspectativnm</span> <span class='ocrx_word' id='word_1_44' title='bbox 637 522 766 546; x_wconf 78' lang='lat' dir='ltr'>concessit</span> <span class='ocrx_word' id='word_1_45' title='bbox 785 523 871 554; x_wconf 89' lang='lat' dir='ltr'>quoad</span> <span class='ocrx_word' id='word_1_46' title='bbox 895 522 1081 546; x_wconf 83' lang='lat' dir='ltr'>cancellariam</span> <span class='ocrx_word' id='word_1_47' title='bbox 1103 522 1165 545; x_wconf 73' lang='lat' dir='ltr'>ecci.</span> <span class='ocrx_word' id='word_1_48' title='bbox 1187 522 1282 551; x_wconf 60' lang='lat' dir='ltr'>Paris„</span> <span class='ocrx_word' id='word_1_49' title='bbox 1303 530 1381 553; x_wconf 77' lang='lat' dir='ltr'>quam</span> <span class='ocrx_word' id='word_1_50' title='bbox 1400 521 1533 545; x_wconf 80' lang='lat' dir='ltr'>Johannes</span> <span class='ocrx_word' id='word_1_51' title='bbox 1553 522 1689 545; x_wconf 79' lang='lat' dir='ltr'>Chuss&#39;ardi</span> <span class='ocrx_word' id='word_1_52' title='bbox 1711 522 1760 545; x_wconf 85' lang='lat' dir='ltr'>snb</span> <span class='ocrx_word' id='word_1_53' title='bbox 1780 529 1851 553; x_wconf 79' lang='lat' dir='ltr'>papa</span> <span class='ocrx_word' id='word_1_54' title='bbox 1876 523 1999 553; x_wconf 83' lang='lat' dir='ltr'>sequente</span> <span class='ocrx_word' id='word_1_55' title='bbox 2024 520 2138 544; x_wconf 78' lang='lat' dir='ltr'>obtinuit</span> <span class='ocrx_word' id='word_1_56' title='bbox 2158 520 2220 550; x_wconf 83' lang='lat' dir='ltr'>(vid.</span> <span class='ocrx_word' id='word_1_57' title='bbox 2243 520 2276 544; x_wconf 82' lang='lat' dir='ltr'>ad</span> 
     </span>
     <span class='ocr_line' id='line_1_5' title="bbox 414 568 552 597; baseline -0.007 -6"><span class='ocrx_word' id='word_1_58' title='bbox 414 576 455 591; x_wconf 78' lang='lat' dir='ltr'>an.</span> <span class='ocrx_word' id='word_1_59' title='bbox 473 568 552 597; x_wconf 74' lang='lat'>1433).</span> 
     </span>
    </p>
   </div>
   <div class='ocr_carea' id='block_1_4' title="bbox 415 695 1992 777">
    <p class='ocr_par' dir='ltr' id='par_1_4' title="bbox 415 695 1992 777">
     <span class='ocr_line' id='line_1_6' title="bbox 415 695 1137 739; baseline -0.003 -8"><span class='ocrx_word' id='word_1_60' title='bbox 415 695 559 733; x_wconf 82' lang='grc'><strong>2308.</strong></span> <span class='ocrx_word' id='word_1_61' title='bbox 583 705 736 731; x_wconf 79' lang='lat' dir='ltr'>Licentiati</span> <span class='ocrx_word' id='word_1_62' title='bbox 752 705 779 730; x_wconf 87' lang='lat' dir='ltr'>in</span> <span class='ocrx_word' id='word_1_63' title='bbox 795 704 938 739; x_wconf 82' lang='lat' dir='ltr'><em>facultate</em></span> <span class='ocrx_word' id='word_1_64' title='bbox 952 703 1137 730; x_wconf 80' lang='lat' dir='ltr'>decretorum.</span> 
     </span>
     <span class='ocr_line' id='line_1_7' title="bbox 1577 747 1992 777; baseline 0 -4"><span class='ocrx_word' id='word_1_65' title='bbox 1577 747 1650 777; x_wconf 74' lang='lat'><em>7428,</em></span> <span class='ocrx_word' id='word_1_66' title='bbox 1667 747 1756 774; x_wconf 75' lang='lat' dir='ltr'>Mat-{1¹1⁶</span> <span class='ocrx_word' id='word_1_67' title='bbox 1767 747 1862 777; x_wconf 55' lang='lat'>29-230,</span> <span class='ocrx_word' id='word_1_68' title='bbox 1878 747 1992 773; x_wconf 71' lang='lat' dir='ltr'>Parisiis.</span> 
     </span>
    </p>
   </div>
   <div class='ocr_carea' id='block_1_5' title="bbox 413 821 2275 1069">
    <p class='ocr_par' dir='ltr' id='par_1_5' title="bbox 413 821 2275 1069">
     <span class='ocr_line' id='line_1_8' title="bbox 505 821 2275 867; baseline -0.001 -12"><span class='ocrx_word' id='word_1_69' title='bbox 505 823 567 855; x_wconf 89' lang='lat' dir='ltr'>Dic</span> <span class='ocrx_word' id='word_1_70' title='bbox 590 823 673 855; x_wconf 90' lang='lat' dir='ltr'>lune</span> <span class='ocrx_word' id='word_1_71' title='bbox 690 823 771 855; x_wconf 84' lang='lat' dir='ltr'>xxix</span> <span class='ocrx_word' id='word_1_72' title='bbox 785 822 902 855; x_wconf 85' lang='lat' dir='ltr'>Martii</span> <span class='ocrx_word' id='word_1_73' title='bbox 919 822 1065 854; x_wconf 83' lang='lat' dir='ltr'>fuerunt</span> <span class='ocrx_word' id='word_1_74' title='bbox 1082 822 1279 866; x_wconf 85' lang='lat' dir='ltr'>presentati</span> <span class='ocrx_word' id='word_1_75' title='bbox 1354 821 1547 855; x_wconf 86' lang='lat' dir='ltr'>bachalarii</span> <span class='ocrx_word' id='word_1_76' title='bbox 1563 822 1772 856; x_wconf 87' lang='lat' dir='ltr'>venerando</span> <span class='ocrx_word' id='word_1_77' title='bbox 1795 834 1888 867; x_wconf 85' lang='lat' dir='ltr'>mag.</span> <span class='ocrx_word' id='word_1_78' title='bbox 1911 823 2018 855; x_wconf 84' lang='lat' dir='ltr'>Petro</span> <span class='ocrx_word' id='word_1_79' title='bbox 2039 822 2084 855; x_wconf 90' lang='lat' dir='ltr'>de</span> <span class='ocrx_word' id='word_1_80' title='bbox 2101 821 2275 867; x_wconf 87' lang='lat' dir='ltr'>Dierreyo</span> 
     </span>
     <span class='ocr_line' id='line_1_9' title="bbox 413 888 2274 935; baseline -0.001 -12"><span class='ocrx_word' id='word_1_81' title='bbox 413 890 450 923; x_wconf 90' lang='lat' dir='ltr'>in</span> <span class='ocrx_word' id='word_1_82' title='bbox 472 902 571 923; x_wconf 88' lang='lat' dir='ltr'>sacra</span> <span class='ocrx_word' id='word_1_83' title='bbox 592 890 721 935; x_wconf 80' lang='lat' dir='ltr'>pagina</span> <span class='ocrx_word' id='word_1_84' title='bbox 742 889 942 934; x_wconf 70' lang='lat' dir='ltr'>professori</span> <span class='ocrx_word' id='word_1_85' title='bbox 971 889 1178 921; x_wconf 71' lang='lat' dir='ltr'>commisso*</span> <span class='ocrx_word' id='word_1_86' title='bbox 1196 900 1261 933; x_wconf 88' lang='lat' dir='ltr'>pro</span> <span class='ocrx_word' id='word_1_87' title='bbox 1287 888 1435 921; x_wconf 89' lang='lat' dir='ltr'>domino</span> <span class='ocrx_word' id='word_1_88' title='bbox 1464 889 1679 922; x_wconf 83' lang='lat' dir='ltr'>cancellario</span> <span class='ocrx_word' id='word_1_89' title='bbox 1708 889 1819 922; x_wconf 87' lang='lat' dir='ltr'>Paris.</span> <span class='ocrx_word' id='word_1_90' title='bbox 1843 890 1912 932; x_wconf 83' lang='lat' dir='ltr'>Qui</span> <span class='ocrx_word' id='word_1_91' title='bbox 1941 889 2087 934; x_wconf 81' lang='lat' dir='ltr'>quidem</span> <span class='ocrx_word' id='word_1_92' title='bbox 2117 888 2274 934; x_wconf 83' lang='lat' dir='ltr'>benigne</span> 
     </span>
     <span class='ocr_line' id='line_1_10' title="bbox 414 955 2273 1002; baseline 0 -12"><span class='ocrx_word' id='word_1_93' title='bbox 414 957 603 1002; x_wconf 85' lang='lat' dir='ltr'>respondit</span> <span class='ocrx_word' id='word_1_94' title='bbox 627 957 736 1001; x_wconf 76' lang='lat' dir='ltr'>quod⁷</span> <span class='ocrx_word' id='word_1_95' title='bbox 765 968 807 988; x_wconf 86' lang='lat' dir='ltr'>ex</span> <span class='ocrx_word' id='word_1_96' title='bbox 833 968 903 1000; x_wconf 93' lang='lat' dir='ltr'>quo</span> <span class='ocrx_word' id='word_1_97' title='bbox 928 955 1065 988; x_wconf 91' lang='lat' dir='ltr'>domini</span> <span class='ocrx_word' id='word_1_98' title='bbox 1091 956 1260 989; x_wconf 82' lang='lat' dir='ltr'>doctores</span> <span class='ocrx_word' id='word_1_99' title='bbox 1286 956 1501 1001; x_wconf 87' lang='lat' dir='ltr'>reputabant</span> <span class='ocrx_word' id='word_1_100' title='bbox 1525 957 1683 1002; x_wconf 85' lang='lat' dir='ltr'>prefatos</span> <span class='ocrx_word' id='word_1_101' title='bbox 1708 956 1933 990; x_wconf 88' lang='lat' dir='ltr'>bachalarios</span> <span class='ocrx_word' id='word_1_102' title='bbox 1956 956 2101 989; x_wconf 83' lang='lat' dir='ltr'>licentia</span> <span class='ocrx_word' id='word_1_103' title='bbox 2127 956 2273 1001; x_wconf 77' lang='lat' dir='ltr'>dignos,</span> 
     </span>
     <span class='ocr_line' id='line_1_11' title="bbox 413 1022 2273 1069; baseline 0 -13"><span class='ocrx_word' id='word_1_104' title='bbox 413 1024 510 1069; x_wconf 89' lang='lat' dir='ltr'>quod</span> <span class='ocrx_word' id='word_1_105' title='bbox 532 1022 807 1056; x_wconf 83' lang='lat' dir='ltr'>contentabatur</span> <span class='ocrx_word' id='word_1_106' title='bbox 827 1029 862 1055; x_wconf 87' lang='lat' dir='ltr'>et</span> <span class='ocrx_word' id='word_1_107' title='bbox 882 1023 1061 1067; x_wconf 84' lang='lat' dir='ltr'>quamcito</span> <span class='ocrx_word' id='word_1_108' title='bbox 1083 1029 1209 1066; x_wconf 85' lang='lat' dir='ltr'>posset</span> <span class='ocrx_word' id='word_1_109' title='bbox 1234 1034 1298 1055; x_wconf 91' lang='lat' dir='ltr'>eos</span> <span class='ocrx_word' id='word_1_110' title='bbox 1325 1022 1529 1057; x_wconf 83' lang='lat' dir='ltr'>licentiaret</span> <span class='ocrx_word' id='word_1_111' title='bbox 1554 1023 1682 1057; x_wconf 85' lang='lat' dir='ltr'>ordine</span> <span class='ocrx_word' id='word_1_112' title='bbox 1708 1024 1744 1056; x_wconf 91' lang='lat' dir='ltr'>in</span> <span class='ocrx_word' id='word_1_113' title='bbox 1770 1023 1889 1056; x_wconf 84' lang='lat' dir='ltr'>rotulo</span> <span class='ocrx_word' id='word_1_114' title='bbox 1916 1035 2021 1068; x_wconf 91' lang='lat' dir='ltr'>quem</span> <span class='ocrx_word' id='word_1_115' title='bbox 2047 1022 2117 1056; x_wconf 90' lang='lat' dir='ltr'>sibi</span> <span class='ocrx_word' id='word_1_116' title='bbox 2142 1023 2273 1056; x_wconf 87' lang='lat' dir='ltr'>tradidi</span> 
     </span>
    </p>
   </div>
   <div class='ocr_carea' id='block_1_6' title="bbox 412 1089 2274 1136">
    <p class='ocr_par' dir='ltr' id='par_1_6' title="bbox 412 1089 2274 1136">
     <span class='ocr_line' id='line_1_12' title="bbox 412 1089 2274 1136; baseline -0.001 -12"><span class='ocrx_word' id='word_1_117' title='bbox 412 1091 570 1136; x_wconf 85' lang='lat' dir='ltr'>sigillato</span> <span class='ocrx_word' id='word_1_118' title='bbox 592 1090 714 1135; x_wconf 83' lang='lat' dir='ltr'>sigillo</span> <span class='ocrx_word' id='word_1_119' title='bbox 736 1102 816 1122; x_wconf 87' lang='lat' dir='ltr'>meo</span> <span class='ocrx_word' id='word_1_120' title='bbox 838 1090 873 1130; x_wconf 90' lang='lat' dir='ltr'>[i.</span> <span class='ocrx_word' id='word_1_121' title='bbox 896 1101 927 1122; x_wconf 91' lang='lat' dir='ltr'>e.</span> <span class='ocrx_word' id='word_1_122' title='bbox 951 1089 1077 1122; x_wconf 85' lang='lat' dir='ltr'>decani</span> <span class='ocrx_word' id='word_1_123' title='bbox 1098 1089 1178 1122; x_wconf 92' lang='lat' dir='ltr'>Joh.</span> <span class='ocrx_word' id='word_1_124' title='bbox 1202 1089 1247 1122; x_wconf 89' lang='lat' dir='ltr'>de</span> <span class='ocrx_word' id='word_1_125' title='bbox 1269 1090 1443 1131; x_wconf 89' lang='lat' dir='ltr'>Brecons]</span> <span class='ocrx_word' id='word_1_126' title='bbox 1465 1091 1500 1123; x_wconf 92' lang='lat' dir='ltr'>in</span> <span class='ocrx_word' id='word_1_127' title='bbox 1522 1091 1641 1124; x_wconf 92' lang='lat' dir='ltr'>medio</span> <span class='ocrx_word' id='word_1_128' title='bbox 1664 1097 1699 1124; x_wconf 89' lang='lat' dir='ltr'>et</span> <span class='ocrx_word' id='word_1_129' title='bbox 1719 1090 2020 1131; x_wconf 71' lang='lat' dir='ltr'>extremitatibus,</span> <span class='ocrx_word' id='word_1_130' title='bbox 2042 1102 2108 1123; x_wconf 90' lang='lat' dir='ltr'>nec</span> <span class='ocrx_word' id='word_1_131' title='bbox 2130 1090 2274 1124; x_wconf 85' lang='lat' dir='ltr'>volebat</span> 
     </span>
    </p>
   </div>
   <div class='ocr_carea' id='block_1_7' title="bbox 411 1157 2273 1336">
    <p class='ocr_par' dir='ltr' id='par_1_7' title="bbox 411 1157 2273 1336">
     <span class='ocr_line' id='line_1_13' title="bbox 412 1157 765 1202; baseline -0.003 -12"><span class='ocrx_word' id='word_1_132' title='bbox 412 1157 548 1202; x_wconf 89' lang='lat' dir='ltr'>aliquid</span> <span class='ocrx_word' id='word_1_133' title='bbox 564 1157 765 1190; x_wconf 85' lang='lat' dir='ltr'>immutare.</span> 
     </span>
     <span class='ocr_line' id='line_1_14' title="bbox 500 1223 2273 1266; baseline 0.001 -10"><span class='ocrx_word' id='word_1_134' title='bbox 500 1225 605 1257; x_wconf 86' lang='lat' dir='ltr'>Anno</span> <span class='ocrx_word' id='word_1_135' title='bbox 627 1224 771 1256; x_wconf 85' lang='lat' dir='ltr'>Domini</span> <span class='ocrx_word' id='word_1_136' title='bbox 799 1223 993 1256; x_wconf 89' lang='lat' dir='ltr'>millesimo</span> <span class='ocrx_word' id='word_1_137' title='bbox 1020 1223 1183 1257; x_wconf 69' lang='lat' dir='ltr'>CCCan</span> <span class='ocrx_word' id='word_1_138' title='bbox 1194 1224 1358 1266; x_wconf 76' lang='lat' dir='ltr'>XXV110‚</span> <span class='ocrx_word' id='word_1_139' title='bbox 1382 1224 1440 1257; x_wconf 91' lang='lat' dir='ltr'>die</span> <span class='ocrx_word' id='word_1_140' title='bbox 1462 1230 1542 1257; x_wconf 73' lang='lat' dir='ltr'>xxx⁵</span> <span class='ocrx_word' id='word_1_141' title='bbox 1562 1225 1687 1258; x_wconf 87' lang='lat' dir='ltr'>Marcii</span> <span class='ocrx_word' id='word_1_142' title='bbox 1712 1231 1793 1258; x_wconf 88' lang='lat' dir='ltr'>ante</span> <span class='ocrx_word' id='word_1_143' title='bbox 1819 1224 1966 1266; x_wconf 73' lang='lat' dir='ltr'>Pascha,</span> <span class='ocrx_word' id='word_1_144' title='bbox 1994 1224 2141 1258; x_wconf 86' lang='lat' dir='ltr'>fuerunt</span> <span class='ocrx_word' id='word_1_145' title='bbox 2161 1224 2273 1258; x_wconf 85' lang='lat' dir='ltr'>licen-</span> 
     </span>
     <span class='ocr_line' id='line_1_15' title="bbox 411 1290 2273 1336; baseline 0.001 -13"><span class='ocrx_word' id='word_1_146' title='bbox 411 1292 486 1324; x_wconf 83' lang='lat' dir='ltr'>tiati</span> <span class='ocrx_word' id='word_1_147' title='bbox 506 1291 542 1323; x_wconf 93' lang='lat' dir='ltr'>in</span> <span class='ocrx_word' id='word_1_148' title='bbox 559 1291 638 1324; x_wconf 89' lang='lat' dir='ltr'>aula</span> <span class='ocrx_word' id='word_1_149' title='bbox 655 1291 791 1323; x_wconf 88' lang='lat' dir='ltr'>domini</span> <span class='ocrx_word' id='word_1_150' title='bbox 809 1290 972 1336; x_wconf 90' lang='lat' dir='ltr'>episcopi</span> <span class='ocrx_word' id='word_1_151' title='bbox 989 1290 1102 1323; x_wconf 85' lang='lat' dir='ltr'>Paris.</span> <span class='ocrx_word' id='word_1_152' title='bbox 1121 1302 1186 1335; x_wconf 87' lang='lat' dir='ltr'>per</span> <span class='ocrx_word' id='word_1_153' title='bbox 1203 1291 1388 1324; x_wconf 91' lang='lat' dir='ltr'>dominum</span> <span class='ocrx_word' id='word_1_154' title='bbox 1406 1292 1695 1325; x_wconf 79' lang='lat' dir='ltr'>commissarium</span> <span class='ocrx_word' id='word_1_155' title='bbox 1713 1291 1907 1325; x_wconf 83' lang='lat' dir='ltr'>hachalarii</span> <span class='ocrx_word' id='word_1_156' title='bbox 1928 1291 2082 1325; x_wconf 85' lang='lat' dir='ltr'>inferius</span> <span class='ocrx_word' id='word_1_157' title='bbox 2099 1291 2273 1325; x_wconf 82' lang='lat' dir='ltr'>nominati</span> 
     </span>
    </p>
   </div>
   <div class='ocr_carea' id='block_1_8' title="bbox 410 1357 1487 1403">
    <p class='ocr_par' dir='ltr' id='par_1_8' title="bbox 410 1357 1487 1403">
     <span class='ocr_line' id='line_1_16' title="bbox 410 1357 1487 1403; baseline 0.001 -13"><span class='ocrx_word' id='word_1_158' title='bbox 410 1359 446 1391; x_wconf 90' lang='lat' dir='ltr'>in</span> <span class='ocrx_word' id='word_1_159' title='bbox 468 1359 595 1391; x_wconf 85' lang='lat' dir='ltr'>ordine</span> <span class='ocrx_word' id='word_1_160' title='bbox 616 1358 746 1391; x_wconf 79' lang='lat' dir='ltr'>tradito</span> <span class='ocrx_word' id='word_1_161' title='bbox 768 1358 916 1390; x_wconf 90' lang='lat' dir='ltr'>domino</span> <span class='ocrx_word' id='word_1_162' title='bbox 938 1357 1202 1399; x_wconf 77' lang='lat' dir='ltr'>commissario,</span> <span class='ocrx_word' id='word_1_163' title='bbox 1226 1358 1287 1403; x_wconf 91' lang='lat' dir='ltr'>qui</span> <span class='ocrx_word' id='word_1_164' title='bbox 1308 1364 1365 1391; x_wconf 85' lang='lat' dir='ltr'>est</span> <span class='ocrx_word' id='word_1_165' title='bbox 1385 1358 1487 1391; x_wconf 88' lang='lat' dir='ltr'>talis:</span> 
     </span>
    </p>
   </div>
   <div class='ocr_carea' id='block_1_9' title="bbox 494 1443 1793 2955">
    <p class='ocr_par' dir='ltr' id='par_1_9' title="bbox 494 1443 1793 1915">
     <span class='ocr_line' id='line_1_17' title="bbox 497 1443 1762 1477; baseline 0 -7"><span class='ocrx_word' id='word_1_166' title='bbox 497 1444 605 1470; x_wconf 84' lang='lat' dir='ltr'>Alanus</span> <span class='ocrx_word' id='word_1_167' title='bbox 619 1443 777 1470; x_wconf 85' lang='lat' dir='ltr'>Kierketon</span> <span class='ocrx_word' id='word_1_168' title='bbox 792 1443 961 1477; x_wconf 75' lang='lat' dir='ltr'>[Anglicus],</span> <span class='ocrx_word' id='word_1_169' title='bbox 1354 1443 1409 1470; x_wconf 83' lang='lat' dir='ltr'>sub</span> <span class='ocrx_word' id='word_1_170' title='bbox 1428 1444 1550 1471; x_wconf 90' lang='lat' dir='ltr'>domino</span> <span class='ocrx_word' id='word_1_171' title='bbox 1571 1444 1597 1471; x_wconf 91' lang='lat' dir='ltr'>S.</span> <span class='ocrx_word' id='word_1_172' title='bbox 1615 1443 1762 1471; x_wconf 82' lang='lat' dir='ltr'>Taurini&#39;.</span> 
     </span>
     <span class='ocr_line' id='line_1_18' title="bbox 496 1492 1700 1522; baseline 0.001 -3"><span class='ocrx_word' id='word_1_173' title='bbox 496 1493 619 1520; x_wconf 88' lang='lat' dir='ltr'>Jacobus</span> <span class='ocrx_word' id='word_1_174' title='bbox 634 1492 729 1522; x_wconf 86' lang='lat' dir='ltr'>Piscis,</span> <span class='ocrx_word' id='word_1_175' title='bbox 1442 1509 1478 1513; x_wconf 96' lang='lat'><strong>—</strong></span> <span class='ocrx_word' id='word_1_176' title='bbox 1568 1494 1700 1520; x_wconf 85' lang='lat' dir='ltr'>Huberti.</span> 
     </span>
     <span class='ocr_line' id='line_1_19' title="bbox 496 1540 1671 1572; baseline 0 -3"><span class='ocrx_word' id='word_1_177' title='bbox 496 1543 643 1569; x_wconf 84' lang='lat' dir='ltr'>Johannes</span> <span class='ocrx_word' id='word_1_178' title='bbox 656 1540 797 1572; x_wconf 84' lang='lat' dir='ltr'>Joliveti2,</span> <span class='ocrx_word' id='word_1_179' title='bbox 1441 1558 1475 1562; x_wconf 89' lang='lat'><strong>—</strong></span> <span class='ocrx_word' id='word_1_180' title='bbox 1567 1543 1671 1569; x_wconf 88' lang='lat' dir='ltr'>Lauco.</span> 
     </span>
     <span class='ocr_line' id='line_1_20' title="bbox 496 1590 1728 1624; baseline 0 -6"><span class='ocrx_word' id='word_1_181' title='bbox 496 1592 636 1618; x_wconf 88' lang='lat' dir='ltr'>Henricus</span> <span class='ocrx_word' id='word_1_182' title='bbox 648 1591 684 1617; x_wconf 86' lang='lat' dir='ltr'>de</span> <span class='ocrx_word' id='word_1_183' title='bbox 698 1590 852 1624; x_wconf 83' lang='lat' dir='ltr'>Novavilla,</span> <span class='ocrx_word' id='word_1_184' title='bbox 1441 1608 1475 1610; x_wconf 96' lang='lat'><strong>—</strong></span> <span class='ocrx_word' id='word_1_185' title='bbox 1567 1592 1728 1618; x_wconf 86' lang='lat' dir='ltr'>Poichardi.</span> 
     </span>
     <span class='ocr_line' id='line_1_21' title="bbox 495 1640 1728 1674; baseline -0.001 -7"><span class='ocrx_word' id='word_1_186' title='bbox 495 1642 643 1667; x_wconf 86' lang='lat' dir='ltr'>Johannes</span> <span class='ocrx_word' id='word_1_187' title='bbox 658 1640 783 1674; x_wconf 81' lang='lat' dir='ltr'>Landry.</span> <span class='ocrx_word' id='word_1_188' title='bbox 1441 1656 1476 1660; x_wconf 93' lang='lat'>-—</span> <span class='ocrx_word' id='word_1_189' title='bbox 1567 1641 1728 1668; x_wconf 89' lang='lat' dir='ltr'>Poichardi.</span> 
     </span>
     <span class='ocr_line' id='line_1_22' title="bbox 495 1688 1700 1724; baseline -0.001 -7"><span class='ocrx_word' id='word_1_190' title='bbox 495 1691 670 1717; x_wconf 90' lang='lat' dir='ltr'>Guillelmus</span> <span class='ocrx_word' id='word_1_191' title='bbox 684 1689 751 1723; x_wconf 71' lang='lat' dir='ltr'>Clyr</span> <span class='ocrx_word' id='word_1_192' title='bbox 764 1688 935 1724; x_wconf 76' lang='lat' dir='ltr'>[Anglicus].</span> <span class='ocrx_word' id='word_1_193' title='bbox 1440 1705 1475 1708; x_wconf 87' lang='lat'><strong>—</strong></span> <span class='ocrx_word' id='word_1_194' title='bbox 1566 1689 1700 1716; x_wconf 85' lang='lat' dir='ltr'>Levinus.</span> 
     </span>
     <span class='ocr_line' id='line_1_23' title="bbox 494 1739 1792 1768; baseline -0.002 -2"><span class='ocrx_word' id='word_1_195' title='bbox 494 1740 618 1766; x_wconf 84' lang='lat' dir='ltr'>Jacobus</span> <span class='ocrx_word' id='word_1_196' title='bbox 633 1739 726 1768; x_wconf 83' lang='lat' dir='ltr'>Galet‚</span> <span class='ocrx_word' id='word_1_197' title='bbox 1442 1754 1476 1758; x_wconf 83' lang='lat'>-—</span> <span class='ocrx_word' id='word_1_198' title='bbox 1567 1739 1792 1766; x_wconf 80' lang='lat' dir='ltr'>Frainchelains.</span> 
     </span>
     <span class='ocr_line' id='line_1_24' title="bbox 494 1787 1687 1822; baseline -0.001 -7"><span class='ocrx_word' id='word_1_199' title='bbox 494 1789 638 1815; x_wconf 84' lang='lat' dir='ltr'>Robertus</span> <span class='ocrx_word' id='word_1_200' title='bbox 649 1788 685 1814; x_wconf 88' lang='lat' dir='ltr'>de</span> <span class='ocrx_word' id='word_1_201' title='bbox 700 1787 848 1817; x_wconf 87' lang='lat' dir='ltr'>Fontanis,</span> <span class='ocrx_word' id='word_1_202' title='bbox 1440 1803 1474 1806; x_wconf 83' lang='lat'><strong>—</strong></span> <span class='ocrx_word' id='word_1_203' title='bbox 1565 1787 1687 1822; x_wconf 80' lang='lat' dir='ltr'>Conty3.</span> 
     </span>
     <span class='ocr_line' id='line_1_25' title="bbox 496 1836 1793 1866; baseline 0 -2"><span class='ocrx_word' id='word_1_204' title='bbox 496 1838 643 1864; x_wconf 86' lang='lat' dir='ltr'>Johannes</span> <span class='ocrx_word' id='word_1_205' title='bbox 654 1837 690 1864; x_wconf 87' lang='lat' dir='ltr'>de</span> <span class='ocrx_word' id='word_1_206' title='bbox 702 1836 808 1866; x_wconf 79' lang='lat' dir='ltr'>Vorda.</span> <span class='ocrx_word' id='word_1_207' title='bbox 1440 1852 1475 1856; x_wconf 93' lang='lat'><strong>—</strong></span> <span class='ocrx_word' id='word_1_208' title='bbox 1568 1837 1793 1864; x_wconf 86' lang='lat' dir='ltr'>Frainchelains.</span> 
     </span>
     <span class='ocr_line' id='line_1_26' title="bbox 495 1885 1695 1915; baseline 0 -2"><span class='ocrx_word' id='word_1_209' title='bbox 495 1888 643 1914; x_wconf 84' lang='lat' dir='ltr'>Johannes</span> <span class='ocrx_word' id='word_1_210' title='bbox 657 1886 693 1913; x_wconf 87' lang='lat' dir='ltr'>de</span> <span class='ocrx_word' id='word_1_211' title='bbox 706 1885 884 1915; x_wconf 84' lang='lat' dir='ltr'>Graturolio,</span> <span class='ocrx_word' id='word_1_212' title='bbox 1441 1903 1475 1906; x_wconf 83' lang='lat'>—</span> <span class='ocrx_word' id='word_1_213' title='bbox 1565 1886 1695 1913; x_wconf 87' lang='lat' dir='ltr'>Taurini.</span> 
     </span>
    </p>

    <p class='ocr_par' dir='ltr' id='par_1_10' title="bbox 494 1935 1790 2955">
     <span class='ocr_line' id='line_1_27' title="bbox 495 1935 1671 1965; baseline -0.001 -2"><span class='ocrx_word' id='word_1_214' title='bbox 495 1937 510 1963; x_wconf 90' lang='lat' dir='ltr'>J</span> <span class='ocrx_word' id='word_1_215' title='bbox 513 1937 643 1963; x_wconf 87' lang='lat' dir='ltr'>ohannes</span> <span class='ocrx_word' id='word_1_216' title='bbox 657 1935 805 1965; x_wconf 86' lang='lat' dir='ltr'>Hosconis,</span> <span class='ocrx_word' id='word_1_217' title='bbox 1441 1951 1476 1955; x_wconf 97' lang='lat'><strong>—</strong></span> <span class='ocrx_word' id='word_1_218' title='bbox 1567 1936 1671 1962; x_wconf 87' lang='lat' dir='ltr'>Lauco.</span> 
     </span>
     <span class='ocr_line' id='line_1_28' title="bbox 494 1985 1668 2018; baseline -0.001 -6"><span class='ocrx_word' id='word_1_219' title='bbox 494 1986 642 2012; x_wconf 86' lang='lat' dir='ltr'>Johannes</span> <span class='ocrx_word' id='word_1_220' title='bbox 656 1985 772 2014; x_wconf 84' lang='lat' dir='ltr'>Nicolai,</span> <span class='ocrx_word' id='word_1_221' title='bbox 1441 2001 1475 2004; x_wconf 83' lang='lat'>—</span> <span class='ocrx_word' id='word_1_222' title='bbox 1565 1985 1668 2018; x_wconf 84' lang='lat' dir='ltr'>Conty.</span> 
     </span>
     <span class='ocr_line' id='line_1_29' title="bbox 495 2034 1743 2067; baseline -0.001 -6"><span class='ocrx_word' id='word_1_223' title='bbox 495 2036 597 2062; x_wconf 85' lang='lat' dir='ltr'>Petrus</span> <span class='ocrx_word' id='word_1_224' title='bbox 611 2034 756 2064; x_wconf 85' lang='lat' dir='ltr'>Courtini‚</span> <span class='ocrx_word' id='word_1_225' title='bbox 1442 2049 1476 2053; x_wconf 91' lang='lat'><strong>—</strong></span> <span class='ocrx_word' id='word_1_226' title='bbox 1565 2034 1602 2060; x_wconf 88' lang='lat' dir='ltr'>de</span> <span class='ocrx_word' id='word_1_227' title='bbox 1616 2034 1743 2067; x_wconf 86' lang='lat' dir='ltr'>Quercu.</span> 
     </span>
     <span class='ocr_line' id='line_1_30' title="bbox 495 2082 1718 2112; baseline -0.002 -2"><span class='ocrx_word' id='word_1_228' title='bbox 495 2085 593 2111; x_wconf 81' lang='lat' dir='ltr'>Frater</span> <span class='ocrx_word' id='word_1_229' title='bbox 608 2084 754 2110; x_wconf 81' lang='lat' dir='ltr'>Johannes</span> <span class='ocrx_word' id='word_1_230' title='bbox 768 2082 912 2112; x_wconf 68' lang='lat' dir='ltr'>Raulini⁴.</span> <span class='ocrx_word' id='word_1_231' title='bbox 1442 2099 1477 2102; x_wconf 97' lang='lat'><strong>—</strong></span> <span class='ocrx_word' id='word_1_232' title='bbox 1567 2082 1718 2110; x_wconf 79' lang='lat' dir='ltr'>Brecons⁵.</span> 
     </span>
     <span class='ocr_line' id='line_1_31' title="bbox 495 2132 1742 2166; baseline -0.001 -7"><span class='ocrx_word' id='word_1_233' title='bbox 495 2134 593 2159; x_wconf 83' lang='lat' dir='ltr'>Frater</span> <span class='ocrx_word' id='word_1_234' title='bbox 607 2133 755 2159; x_wconf 84' lang='lat' dir='ltr'>Johannes</span> <span class='ocrx_word' id='word_1_235' title='bbox 769 2132 930 2166; x_wconf 64' lang='lat' dir='ltr'>Touppetss.</span> <span class='ocrx_word' id='word_1_236' title='bbox 1441 2149 1476 2152; x_wconf 82' lang='lat'>—</span> <span class='ocrx_word' id='word_1_237' title='bbox 1565 2133 1601 2159; x_wconf 92' lang='lat' dir='ltr'>de</span> <span class='ocrx_word' id='word_1_238' title='bbox 1616 2133 1742 2166; x_wconf 87' lang='lat' dir='ltr'>Quercu.</span> 
     </span>
     <span class='ocr_line' id='line_1_32' title="bbox 495 2173 1703 2216; baseline -0.001 -7"><span class='ocrx_word' id='word_1_239' title='bbox 495 2184 624 2216; x_wconf 83' lang='lat' dir='ltr'>Rogerus</span> <span class='ocrx_word' id='word_1_240' title='bbox 638 2182 674 2208; x_wconf 86' lang='lat' dir='ltr'>dc</span> <span class='ocrx_word' id='word_1_241' title='bbox 688 2181 871 2211; x_wconf 83' lang='lat' dir='ltr'>Monasterio.</span> <span class='ocrx_word' id='word_1_242' title='bbox 1441 2198 1476 2201; x_wconf 88' lang='lat'>—</span> <span class='ocrx_word' id='word_1_243' title='bbox 1520 2173 1528 2181; x_wconf 71' lang='lat'><em>&#39;</em></span> <span class='ocrx_word' id='word_1_244' title='bbox 1567 2182 1703 2208; x_wconf 83' lang='lat' dir='ltr'>Boisselli.</span> 
     </span>
     <span class='ocr_line' id='line_1_33' title="bbox 496 2230 1693 2258; baseline -0.001 0"><span class='ocrx_word' id='word_1_245' title='bbox 496 2233 594 2258; x_wconf 82' lang='lat' dir='ltr'>Frater</span> <span class='ocrx_word' id='word_1_246' title='bbox 608 2232 754 2258; x_wconf 82' lang='lat' dir='ltr'>Johannes</span> <span class='ocrx_word' id='word_1_247' title='bbox 769 2230 890 2258; x_wconf 86' lang='lat' dir='ltr'>Morelli.</span> <span class='ocrx_word' id='word_1_248' title='bbox 1444 2247 1475 2250; x_wconf 88' lang='lat'>——</span> <span class='ocrx_word' id='word_1_249' title='bbox 1564 2231 1693 2257; x_wconf 89' lang='lat' dir='ltr'>Taurini.</span> 
     </span>
     <span class='ocr_line' id='line_1_34' title="bbox 496 2280 1701 2309; baseline -0.002 -2"><span class='ocrx_word' id='word_1_250' title='bbox 496 2281 627 2307; x_wconf 88' lang='lat' dir='ltr'>Nicolaus</span> <span class='ocrx_word' id='word_1_251' title='bbox 642 2280 804 2309; x_wconf 81' lang='lat' dir='ltr'>Lambaert,</span> <span class='ocrx_word' id='word_1_252' title='bbox 1441 2297 1476 2300; x_wconf 85' lang='lat'><em>-</em></span> <span class='ocrx_word' id='word_1_253' title='bbox 1567 2280 1701 2307; x_wconf 86' lang='lat' dir='ltr'>Huberti.</span> 
     </span>
     <span class='ocr_line' id='line_1_35' title="bbox 496 2329 1698 2359; baseline -0.001 -3"><span class='ocrx_word' id='word_1_254' title='bbox 496 2330 624 2356; x_wconf 84' lang='lat' dir='ltr'>Andreas</span> <span class='ocrx_word' id='word_1_255' title='bbox 636 2329 731 2359; x_wconf 81' lang='lat' dir='ltr'>Cotin.</span> <span class='ocrx_word' id='word_1_256' title='bbox 1442 2346 1475 2349; x_wconf 97' lang='lat'><strong>—</strong></span> <span class='ocrx_word' id='word_1_257' title='bbox 1566 2330 1698 2356; x_wconf 86' lang='lat' dir='ltr'>Brecons.</span> 
     </span>
     <span class='ocr_line' id='line_1_36' title="bbox 497 2377 1722 2413; baseline -0.001 -8"><span class='ocrx_word' id='word_1_258' title='bbox 497 2380 625 2405; x_wconf 79' lang='lat' dir='ltr'>Andreas</span> <span class='ocrx_word' id='word_1_259' title='bbox 640 2377 713 2408; x_wconf 68' lang='lat' dir='ltr'>Pele,</span> <span class='ocrx_word' id='word_1_260' title='bbox 1441 2396 1476 2399; x_wconf 93' lang='lat'>—</span> <span class='ocrx_word' id='word_1_261' title='bbox 1566 2380 1722 2413; x_wconf 79' lang='lat' dir='ltr'>Paquerus.</span> 
     </span>
     <span class='ocr_line' id='line_1_37' title="bbox 498 2427 1694 2461; baseline 0 -7"><span class='ocrx_word' id='word_1_262' title='bbox 498 2428 593 2455; x_wconf 92' lang='lat' dir='ltr'>Guido</span> <span class='ocrx_word' id='word_1_263' title='bbox 608 2427 772 2461; x_wconf 79' lang='lat' dir='ltr'>Haguenin.</span> <span class='ocrx_word' id='word_1_264' title='bbox 1440 2444 1476 2447; x_wconf 96' lang='lat'><strong>—</strong></span> <span class='ocrx_word' id='word_1_265' title='bbox 1565 2428 1694 2454; x_wconf 84' lang='lat' dir='ltr'>Taurini.</span> 
     </span>
     <span class='ocr_line' id='line_1_38' title="bbox 498 2477 1699 2505; baseline -0.001 -2"><span class='ocrx_word' id='word_1_266' title='bbox 498 2477 627 2504; x_wconf 82' lang='lat' dir='ltr'>Nicolaus</span> <span class='ocrx_word' id='word_1_267' title='bbox 639 2477 675 2503; x_wconf 90' lang='lat' dir='ltr'>de</span> <span class='ocrx_word' id='word_1_268' title='bbox 690 2477 773 2505; x_wconf 86' lang='lat' dir='ltr'>Besis.</span> <span class='ocrx_word' id='word_1_269' title='bbox 1443 2493 1477 2497; x_wconf 81' lang='lat'>—-</span> <span class='ocrx_word' id='word_1_270' title='bbox 1567 2478 1699 2504; x_wconf 88' lang='lat' dir='ltr'>Brecons.</span> 
     </span>
     <span class='ocr_line' id='line_1_39' title="bbox 499 2526 1703 2559; baseline 0.001 -7"><span class='ocrx_word' id='word_1_271' title='bbox 499 2526 645 2552; x_wconf 85' lang='lat' dir='ltr'>Firminus</span> <span class='ocrx_word' id='word_1_272' title='bbox 660 2526 695 2552; x_wconf 90' lang='lat' dir='ltr'>de</span> <span class='ocrx_word' id='word_1_273' title='bbox 711 2526 837 2559; x_wconf 84' lang='lat' dir='ltr'>Campis,</span> <span class='ocrx_word' id='word_1_274' title='bbox 1441 2542 1477 2546; x_wconf 85' lang='lat'>—</span> <span class='ocrx_word' id='word_1_275' title='bbox 1567 2527 1703 2553; x_wconf 87' lang='lat' dir='ltr'>Boisselli.</span> 
     </span>
     <span class='ocr_line' id='line_1_40' title="bbox 501 2575 1698 2604; baseline 0.001 -3"><span class='ocrx_word' id='word_1_276' title='bbox 501 2575 622 2601; x_wconf 86' lang='lat' dir='ltr'>Jacobus</span> <span class='ocrx_word' id='word_1_277' title='bbox 637 2575 746 2604; x_wconf 81' lang='lat' dir='ltr'>Merati,</span> <span class='ocrx_word' id='word_1_278' title='bbox 1441 2592 1476 2595; x_wconf 88' lang='lat'>—</span> <span class='ocrx_word' id='word_1_279' title='bbox 1566 2576 1698 2603; x_wconf 90' lang='lat' dir='ltr'>Levinus.</span> 
     </span>
     <span class='ocr_line' id='line_1_41' title="bbox 501 2624 1700 2657; baseline 0.001 -7"><span class='ocrx_word' id='word_1_280' title='bbox 501 2624 655 2657; x_wconf 82' lang='lat' dir='ltr'>Gregorius</span> <span class='ocrx_word' id='word_1_281' title='bbox 671 2624 799 2657; x_wconf 84' lang='lat' dir='ltr'>Pinguis,</span> <span class='ocrx_word' id='word_1_282' title='bbox 1443 2641 1473 2645; x_wconf 71' lang='lat'>--</span> <span class='ocrx_word' id='word_1_283' title='bbox 1568 2625 1700 2652; x_wconf 86' lang='lat' dir='ltr'>Huberti.</span> 
     </span>
     <span class='ocr_line' id='line_1_42' title="bbox 503 2673 1659 2702; baseline 0.003 -4"><span class='ocrx_word' id='word_1_284' title='bbox 503 2674 678 2699; x_wconf 85' lang='lat' dir='ltr'>Guillelmus</span> <span class='ocrx_word' id='word_1_285' title='bbox 692 2673 796 2702; x_wconf 86' lang='lat' dir='ltr'>Colini,</span> <span class='ocrx_word' id='word_1_286' title='bbox 1442 2691 1477 2693; x_wconf 97' lang='lat'><strong>—</strong></span> <span class='ocrx_word' id='word_1_287' title='bbox 1567 2673 1659 2701; x_wconf 77' lang='lat' dir='ltr'>Fieve.</span> 
     </span>
     <span class='ocr_line' id='line_1_43' title="bbox 502 2722 1700 2751; baseline 0.003 -4"><span class='ocrx_word' id='word_1_288' title='bbox 502 2722 621 2748; x_wconf 86' lang='lat' dir='ltr'>Michael</span> <span class='ocrx_word' id='word_1_289' title='bbox 633 2722 735 2750; x_wconf 83' lang='lat' dir='ltr'>Amici.</span> <span class='ocrx_word' id='word_1_290' title='bbox 1442 2739 1478 2743; x_wconf 84' lang='lat'>—-</span> <span class='ocrx_word' id='word_1_291' title='bbox 1569 2724 1700 2751; x_wconf 86' lang='lat' dir='ltr'>Levinus.</span> 
     </span>
     <span class='ocr_line' id='line_1_44' title="bbox 503 2771 1790 2800; baseline 0.002 -4"><span class='ocrx_word' id='word_1_292' title='bbox 503 2771 644 2797; x_wconf 83' lang='lat' dir='ltr'>Robertus</span> <span class='ocrx_word' id='word_1_293' title='bbox 658 2771 759 2799; x_wconf 86' lang='lat' dir='ltr'>chtc.</span> <span class='ocrx_word' id='word_1_294' title='bbox 1444 2789 1477 2792; x_wconf 91' lang='lat'>-—</span> <span class='ocrx_word' id='word_1_295' title='bbox 1567 2773 1790 2800; x_wconf 85' lang='lat' dir='ltr'>Frainchelains.</span> 
     </span>
     <span class='ocr_line' id='line_1_45' title="bbox 505 2820 1723 2856; baseline 0.003 -12"><span class='ocrx_word' id='word_1_296' title='bbox 505 2820 665 2845; x_wconf 89' lang='lat' dir='ltr'>Ludovicus</span> <span class='ocrx_word' id='word_1_297' title='bbox 680 2820 768 2849; x_wconf 82' lang='lat' dir='ltr'>Scact.</span> <span class='ocrx_word' id='word_1_298' title='bbox 1443 2838 1478 2841; x_wconf 86' lang='lat'><strong>—</strong></span> <span class='ocrx_word' id='word_1_299' title='bbox 1568 2823 1723 2856; x_wconf 88' lang='lat' dir='ltr'>Paquerus.</span> 
     </span>
     <span class='ocr_line' id='line_1_46' title="bbox 505 2868 1658 2898; baseline 0.004 -5"><span class='ocrx_word' id='word_1_300' title='bbox 505 2868 685 2894; x_wconf 85' lang='lat' dir='ltr'>Theobaldus</span> <span class='ocrx_word' id='word_1_301' title='bbox 700 2868 735 2894; x_wconf 86' lang='lat' dir='ltr'>de</span> <span class='ocrx_word' id='word_1_302' title='bbox 749 2868 946 2897; x_wconf 80' lang='lat' dir='ltr'>Courtaonno.</span> <span class='ocrx_word' id='word_1_303' title='bbox 1443 2888 1478 2890; x_wconf 96' lang='lat'><strong>—</strong></span> <span class='ocrx_word' id='word_1_304' title='bbox 1568 2870 1658 2898; x_wconf 67' lang='lat' dir='ltr'>Fieve.</span> 
     </span>
     <span class='ocr_line' id='line_1_47' title="bbox 506 2917 1742 2955; baseline -0.001 -13"><span class='ocrx_word' id='word_1_305' title='bbox 506 2917 652 2942; x_wconf 81' lang='lat' dir='ltr'>Johannes</span> <span class='ocrx_word' id='word_1_306' title='bbox 666 2917 791 2950; x_wconf 82' lang='lat' dir='ltr'>Jouglet,</span> <span class='ocrx_word' id='word_1_307' title='bbox 1442 2937 1478 2941; x_wconf 79' lang='grc'>..-</span> <span class='ocrx_word' id='word_1_308' title='bbox 1566 2922 1602 2948; x_wconf 64' lang='lat' dir='ltr'>de</span> <span class='ocrx_word' id='word_1_309' title='bbox 1617 2922 1742 2955; x_wconf 68' lang='lat' dir='ltr'>Quercu,</span> 
     </span>
    </p>
   </div>
   <div class='ocr_carea' id='block_1_10' title="bbox 538 2966 576 2987">
    <p class='ocr_par' dir='ltr' id='par_1_11' title="bbox 538 2966 576 2987">
     <span class='ocr_line' id='line_1_48' title="bbox 538 2966 576 2987; baseline 0 0"><span class='ocrx_word' id='word_1_310' title='bbox 538 2966 576 2987; x_wconf 80' lang='lat'>60.</span> 
     </span>
    </p>
   </div>
   <div class='ocr_carea' id='block_1_11' title="bbox 2475 2680 2502 3418">
    <p class='ocr_par' dir='ltr' id='par_1_12' title="bbox 2475 2680 2502 3418">
     <span class='ocr_line' id='line_1_49' title="bbox 2475 2680 2502 3418; baseline 0 0"><span class='ocrx_word' id='word_1_311' title='bbox 2475 2680 2502 3418; x_wconf 95' lang='lat' dir='ltr'> </span> 
     </span>
    </p>
   </div>
  </div>
 </body>
</html>
