2502 3418
334 309 430 345 1452]
676 322 722 343 AB
756 322 862 343 Anno
896 321 1183 344 MCCCLxxxxtv
1217 322 1346 350 USQUE
1378 322 1425 343 AD
1460 322 1597 343 ANNUM
1632 322 1836 344 mccchtr.
2125 313 2189 345 725

333 395 487 440 simplex
508 402 542 428 et
563 395 734 436 canonica
755 395 899 436 electio,
925 407 998 428 non
1026 395 1147 428 habito
1170 402 1337 440 respectu
1360 396 1403 428 ad
1431 407 1623 439 personam
1645 407 1709 428 seu
1732 396 1927 437 nationem,
1954 396 2018 428 sed
2044 395 2087 428 ad
2108 408 2187 428 eum

332 463 393 507 qui
416 463 530 508 magis
551 463 652 495 utilis
673 469 730 495 aut
751 463 916 507 ydoneus
932 462 1128 503 videbitur,
1147 469 1254 507 prout
1275 463 1311 495 iu
1327 463 1544 507 juramentis
1566 469 1601 495 et
1621 463 1764 495 statutis
1785 469 1942 495 cavetur.
1966 462 2187 495 Electioncm

332 537 448 562 autem
480 529 612 563 talibus
642 530 832 563 conventis
862 536 897 562 et
925 529 1062 562 illicitis
1093 529 1322 574 pactionibus
1352 529 1581 571 celebratam,
1603 530 1737 562 irritam
1766 529 1996 562 decernimus
2023 542 2065 562 ex
2094 542 2189 562 nunc

332 603 366 629 et
386 597 544 637 inanem,
562 603 762 629 statuentes
785 596 938 629 electum
961 596 1079 629 taliter
1094 609 1159 641 pro
1176 603 1318 629 rectore
1341 609 1411 629 non
1430 608 1511 629 esse
1528 597 1765 637 censendum,
1784 608 1850 628 nec
1873 602 2036 640 tanquam
2058 597 2190 629 rectori

332 663 375 696 ab
397 663 518 708 aliquo
539 663 592 695 illi
613 663 690 696 fore
712 664 924 708 parendum.

420 732 506 763 Item
530 731 721 763 statuimus
744 737 779 763 et
798 731 1022 772 ordinamus,
1051 738 1091 763 ut
1119 731 1163 764 (le
1192 738 1313 763 cetero
1342 731 1465 763 nullus
1495 731 1538 763 ad
1569 731 1734 775 regimen
1756 742 1951 775 puerorum
1975 742 2014 762 se
2034 731 2188 775 ingerat,

331 797 391 842 qui
418 809 490 830 non
517 797 626 830 fuerit
655 796 750 830 bone
779 798 870 830 fame
899 804 934 830 et
960 798 1249 831 conversationis
1280 798 1488 838 honestet&
1518 797 1680 842 alioquin
1712 797 1741 829 si
1773 797 1863 829 fama
1894 803 2019 830 contra
2048 797 2190 830 notorie

328 864 481 905 laboret,
500 876 580 896 eum
602 876 675 897 non
696 863 849 897 honeste
866 865 1089 903 conversari,
1108 865 1319 898 mandamus
1340 865 1458 910 ipsum
1478 876 1542 909 per
1559 871 1735 897 rectorem
1753 864 2024 905 Universitatis,
2043 864 2103 909 qui
2126 876 2190 909 pro

324 938 491 976 'tempore
518 931 639 972 fuerit,
667 931 839 964 adhibitis
861 938 1014 976 quatuor
1035 932 1219 964 nationum
1251 931 1550 977 procuratoribus
1580 931 1786 972 admoneri,
1810 931 1907 976 quod
1935 931 1965 963 si
1991 931 2190 963 monitione

330 998 491 1042 predicta
520 1010 593 1031 non
614 998 832 1043 corrigatur,
856 998 1085 1044 significetur
1108 999 1185 1032 suis
1207 998 1425 1040 scolaribus,
1451 998 1547 1043 quod
1569 1005 1712 1043 tempus
1729 1010 1802 1030 non
1819 998 2008 1042 acquirent
2027 998 2063 1030 in
2080 997 2191 1030 facul-

322 1070 400 1097 tate
422 1065 592 1109 quamdiu
615 1065 682 1098 sub
704 1065 766 1098 illo
789 1072 908 1107 erunt,
926 1066 987 1110 qui
1008 1078 1025 1098 a
1047 1078 1111 1099 sua
1134 1066 1359 1111 turpitudine
1381 1077 1454 1098 non
1476 1065 1620 1098 desistit
1639 1065 1798 1098 monitus
1820 1072 1855 1097 et
1874 1065 2087 1110 requisitus.

326 1121 329 1123 ι
419 1133 506 1164 Item
529 1133 719 1165 statuimus
741 1139 775 1165 et
796 1133 1018 1174 ordinamus,
1036 1145 1076 1166 ac
1093 1132 1160 1165 sul)
1182 1133 1476 1165 interminatione
1494 1132 1605 1165 divini
1622 1132 1753 1176 judicii
1774 1132 1996 1177 precipimus
2013 1139 2048 1164 et
2067 1144 2191 1164 mone-

329 1211 422 1240 mus,
450 1211 494 1231 ne
523 1200 604 1244 quis
635 1200 863 1245 pedagogus,
890 1200 1065 1245 magister
1092 1206 1152 1232 aut
1182 1212 1315 1245 regens
1343 1200 1466 1244 pueris
1496 1206 1556 1232 aut
1588 1199 1781 1244 discipulis
1811 1199 1879 1231 sul)
1905 1211 1948 1231 co
1970 1198 2189 1244 degentibus

328 1266 502 1299 efficiatur
523 1273 583 1299 aut
603 1267 649 1299 sit
669 1267 823 1311 alicujus
844 1267 927 1300 mali
949 1274 1009 1300 aut
1028 1267 1267 1312 turpitudinis
1289 1274 1426 1307 auctor,
1449 1266 1652 1308 consultor,
1674 1266 1750 1299 sive
1772 1273 1966 1311 patronus3
1992 1278 2070 1299 cum
2094 1266 2189 1298 enim

327 1345 461 1378 pueros
489 1334 654 1378 magistri
683 1333 839 1367 debcant
872 1346 944 1366 non
975 1341 1042 1367 tam
1073 1334 1224 1367 scientia
1252 1346 1291 1367 ac
1320 1334 1502 1375 doctrina,
1529 1346 1633 1377 quam
1668 1333 1832 1366 moribus
1862 1340 1968 1378 atque
1994 1333 2189 1366 virtutibus

326 1401 486 1442 erudire,
516 1401 617 1446 gravi
645 1401 753 1434 nimis
782 1408 867 1434 sunt
894 1401 1210 1435 animadversione
1240 1401 1437 1446 plectendi,
1465 1401 1526 1445 qui
1548 1413 1639 1445 quos
1661 1401 1793 1433 docere
1815 1400 1950 1433 debent
1969 1401 2013 1433 ad
2038 1400 2187 1442 bonum,

327 1468 508 1501 seducunt
526 1468 570 1500 ad
590 1468 729 1502 vitium.

415 1536 503 1568 Item
526 1535 732 1577 statuimus,
762 1542 800 1568 ut
826 1535 984 1581 singulis
1005 1536 1110 1568 annis
1143 1542 1261 1568 rector
1283 1535 1343 1580 qui
1376 1547 1441 1580 pro
1469 1542 1631 1580 tempore
1659 1535 1779 1576 suerit,
1808 1534 1936 1567 habeat
1962 1546 2187 1580 congregare

326 1602 529 1635 facultatem
552 1602 679 1635 artium
709 1603 803 1635 inter
823 1603 954 1635 festum
977 1603 1091 1636 sancti
1122 1603 1279 1635 Dionisii
1302 1609 1336 1635 et
1356 1602 1526 1636 Omnium
1549 1603 1773 1643 Sanctorum,
1801 1609 1839 1634 ut
1863 1614 1881 1634 a
1907 1602 1999 1634 dicta
2020 1602 2187 1635 facultate

326 1676 481 1714 quatuor
501 1670 569 1702 viri
590 1682 632 1702 ex
653 1670 812 1715 singulis
833 1670 1055 1711 nationibus,
1078 1670 1243 1715 magistri
1266 1670 1302 1702 in
1324 1669 1475 1710 artibus,
1494 1669 1658 1714 graduati
1680 1669 1716 1701 in
1737 1669 1804 1702 alia
1827 1670 2056 1713 superiorum
2078 1669 2188 1701 sacul-

324 1742 450 1778 tatum,
471 1736 638 1770 homines
660 1736 747 1769 boni
769 1737 980 1779 testimonii,
1010 1738 1123 1770 Deum
1154 1737 1322 1770 timentes
1349 1743 1384 1770 et
1412 1736 1568 1769 solertes
1595 1737 1632 1768 in
1660 1736 1770 1769 rebus
1797 1736 1963 1781 agendis,
1993 1730 2187 1781 eligantur,

325 1803 458 1848 quibus
486 1804 726 1849 injungimus,
759 1811 793 1837 et
820 1805 1032 1837 auctoritate
1062 1804 1261 1849 apostolica
1293 1804 1552 1837 committimus
1583 1810 1689 1848 atque
1723 1803 1948 1845 mandamus,
1977 1810 2014 1836 ut
2046 1803 2188 1849 singula

324 1870 489 1916 Collegia
510 1883 549 1904 ac
570 1871 786 1916 pedagogia,
805 1872 842 1904 in
864 1871 998 1916 quibus
1019 1878 1287 1904 commorantur
1308 1871 1446 1912 artiste,
1463 1871 1625 1911 visitent,
1643 1870 1767 1915 ibique
1789 1870 1917 1903 sedulo
1934 1883 1973 1903 ac
1991 1870 2189 1916 diligenter

324 1938 522 1982 inquirant,
550 1950 619 1983 que
648 1939 695 1971 sit
714 1938 787 1972 vite
814 1945 848 1971 et
877 1939 1167 1972 conversationis
1197 1938 1383 1979 honestas,
1414 1950 1483 1982 que
1511 1938 1751 1970 communitas
1772 1938 1902 1978 victus,
1932 1949 2001 1982 que
2032 1938 2187 1970 docendi

324 2005 485 2047 solertia,
516 2017 585 2050 que
614 2005 768 2050 regendi
795 2006 985 2047 modestia,
1016 2018 1085 2050 que
1113 2006 1271 2050 denique
1302 2005 1493 2038 scolastica
1520 2004 1713 2049 disciplina
1742 2011 1920 2046 servetur,
1948 2011 1986 2037 ut
2013 2005 2185 2049 quicquid

323 2072 483 2105 viderint
502 2079 562 2105 aut
583 2073 816 2118 perceperint
839 2073 1121 2114 reformandum,
1146 2073 1346 2106 secundum
1370 2074 1483 2105 Deum
1507 2085 1545 2105 ac
1567 2072 1743 2117 justitiam
1767 2078 1802 2104 et
1822 2078 2036 2104 statutorum
2059 2071 2186 2104 obser-

324 2139 478 2172 vantiam
505 2146 628 2173 nostra
658 2147 693 2173 et
722 2140 920 2185 apostolica
948 2140 1159 2173 auctoritate
1188 2140 1269 2172 freti
1296 2140 1493 2172 reforment
1521 2146 1626 2183 atque
1660 2145 1875 2172 restaurent.
1905 2139 2118 2171 Mandantes
2148 2146 2187 2171 ut

324 2206 360 2238 id
381 2206 455 2238 illis
477 2206 677 2251 injunctum
700 2207 968 2240 reformationis
990 2207 1145 2240 officium
1169 2207 1365 2251 diligenter
1381 2219 1420 2239 ac
1442 2206 1598 2238 fideliter
1615 2213 1848 2250 exequantur.
1873 2206 1978 2248 Quod
2000 2206 2030 2238 si
2051 2206 2087 2238 in
2109 2218 2185 2251 pre-

325 2273 432 2306 dictis
453 2273 685 2319 negligentes
706 2275 891 2307 extiterint
920 2281 979 2307 aut
1009 2275 1166 2315 remissi,
1197 2286 1320 2306 corum
1344 2273 1604 2318 negligentiam
1635 2285 1699 2318 per
1719 2273 1959 2306 reverendum
1982 2273 2018 2305 in
2039 2273 2184 2306 Christo

325 2346 460 2384 patrem
482 2340 694 2386 episcopum
722 2341 963 2374 Parisiensem
995 2353 1060 2386 pro
1089 2348 1251 2386 tempore
1274 2341 1487 2373 existentem
1511 2340 1683 2385 supplere
1704 2339 1885 2380 volumus,
1913 2340 1959 2372 ita
1980 2340 2077 2384 quod
2104 2352 2185 2384 pre-

324 2406 442 2439 dictus
464 2407 660 2452 episeopus
688 2409 898 2441 auctoritate
919 2408 1116 2453 apostolica
1145 2414 1298 2452 quatuor
1318 2408 1416 2440 viros
1447 2406 1739 2451 probatissimos,
1771 2406 1979 2450 graduatos,
2007 2413 2043 2439 et
2069 2407 2182 2439 Deum

324 2473 492 2506 timentes
514 2475 631 2518 possit
651 2474 744 2507 dicte
766 2475 995 2520 inquisitioni
1017 2474 1205 2520 preficere,
1224 2474 1297 2519 qui,
1316 2481 1354 2507 ut
1375 2474 1592 2519 premissum
1613 2480 1680 2514 est,
1699 2473 1883 2517 inquirant
1902 2479 1937 2505 et
1962 2473 2185 2518 investigent

324 2540 534 2585 diligenter,
552 2547 586 2573 et
606 2541 779 2586 inquisita
800 2554 869 2586 que
890 2542 1119 2575 reformanda
1141 2541 1342 2586 putaverint
1366 2541 1538 2585 episcopo
1561 2540 1718 2572 fideliter
1740 2540 1910 2581 referant,
1934 2546 1971 2572 ut
1991 2540 2022 2572 is
2042 2547 2183 2585 aposto—

323 2606 391 2639 lica
412 2608 622 2641 auctoritate
644 2620 683 2641 ac
704 2615 840 2651 nostra,
869 2615 976 2654 prout
997 2608 1197 2641 seeundum
1220 2609 1334 2640 Deum
1358 2614 1392 2639 et
1420 2607 1645 2639 honestatem
1668 2607 1847 2650 putaverit
1867 2606 2051 2651 expedire,
2080 2619 2182 2652 opor-

323 2680 408 2706 tune
439 2674 634 2719 debiteque
670 2676 874 2720 provideat,
905 2676 1191 2709 contradictores
1225 2681 1257 2707 et
1294 2674 1451 2707 rebelles
1487 2686 1550 2718 per
1582 2685 1756 2706 censuras
1792 2673 2058 2706 ecclesiasticas
2090 2686 2182 2707 com-

324 2741 520 2786 pescendo.

412 2810 499 2841 Item
522 2821 712 2842 monemus
733 2822 859 2843 omnes
888 2817 922 2843 et
953 2810 1119 2855 singulos
1151 2809 1362 2854 pedagogos
1393 2814 1584 2852 presentes
1612 2814 1647 2840 et
1676 2808 1817 2840 futuros
1845 2807 1881 2839 in
1902 2807 2033 2840 virtute
2059 2815 2181 2841 sancte

323 2875 544 2917 obedientie,
577 2883 615 2909 ut
650 2877 701 2909 sic
734 2877 922 2910 intendant
954 2877 1123 2922 regimini
1152 2888 1301 2909 suorum
1323 2875 1605 2908 domesticorum
1633 2886 1828 2919 puerorum
1851 2881 1885 2906 et
1912 2874 2120 2917 scolarium,
2145 2883 2180 2909 ut
