2502 3418
367 344 432 376 432
946 350 1261 374 eifflnrnmmum
1297 348 1485 371 UNIVEns.
1522 348 1650 371 mam.
2131 334 2231 371 [1424

461 429 495 451 Ut
509 427 584 459 prius
600 435 613 451 e
627 427 713 459 primo
729 427 815 450 rotulo
829 426 908 450 dubia
923 426 1048 449 solvenda
1061 428 1145 455 erant,
1158 425 1195 448 sic
1210 424 1289 448 ctiam
1301 423 1439 447 e'secundo
1455 423 1550 451 rotulo,
1563 431 1588 446 v.
1602 431 1628 454 g.
1645 431 1687 447 an.
1701 423 1760 446 1425
1772 425 1899 453 quantum
1914 422 1948 445 ad
1961 422 2102 445 Martinam
2114 421 2230 450 Pinardi,

368 482 438 504 mag.
455 473 480 496 in
497 476 557 502 art.⁷
574 472 630 495 bac.
647 472 673 495 in
689 473 768 499 decr.¹
783 471 864 495 litter.
883 474 968 502 apost.
985 470 1139 502 scriptorem
1165 470 1269 500 (Suppl.
1286 473 1315 492 n⁰
1330 468 1385 498 183,
1401 468 1446 491 fol.
1463 468 1528 498 177),
1544 467 1589 499 qui
1606 476 1649 491 an.
1663 468 1734 497 1442,
1751 467 1823 498 Sept.
1841 468 1864 496 3,
1884 468 1968 490 sactus
1981 470 2021 490 est
2035 467 2117 498 episc.
2140 467 2232 491 Abrin—

368 526 437 541 cens.
450 517 536 547 (Ax-ch.
550 517 606 541 Vat.
619 517 717 548 Oblig„
732 521 760 539 n⁰
773 518 811 544 66,
827 516 872 539 sol.
888 517 941 545 60);
957 524 1000 539 an.
1014 516 1074 538 1427
1091 515 1176 546 quoad
1193 514 1335 537 llenricum
1346 513 1464 536 Thibout
1477 512 1597 544 aliosque
1612 512 1676 535 olim
1691 512 1724 535 ad
1738 511 1884 535 Concilium
1900 510 2098 535 Constantiense
2113 519 2144 535 ex
2156 515 2232 543 parte

370 562 556 586 Universitatis
570 561 713 585 destinatos
730 561 814 591 (ibid.,
829 565 857 583 n⁰
872 561 926 590 201,
944 560 987 583 sol.
1003 559 1066 589 93¹³).

462 646 486 671 1.
504 647 554 670 Sed
574 646 640 669 hanc
660 645 855 669 concessionem
873 645 1038 669 Universitas
1059 644 1208 675 approbare
1226 651 1276 666 non
1292 642 1386 674 potuit,
1406 650 1466 665 nam
1486 641 1625 673 supposita
1640 640 1813 664 nihilominus
1836 649 1887 664 non
1907 641 1993 664 solum
2013 649 2062 672 pro
2078 641 2193 664 secunda
2208 643 2233 664 et.

369 692 446 715 tertia
460 692 504 715 sed
517 691 595 714 etiam
608 690 693 722 prima
709 690 835 713 instantia
849 689 993 713 ad‘curiam
1008 689 1087 712 citata
1101 692 1170 717 sunt,
1185 691 1294 719 propter
1307 687 1377 719 quod
1390 686 1507 710 studium
1521 690 1546 710 et
1556 686 1722 710 Universitas
1738 694 1789 709 non
1802 685 1934 709 modicum
1949 685 2134 709 detrimentum
2146 685 2233 717 patie-

370 738 476 766 bantur,
491 739 520 759 ut
535 736 699 760 Universitas
715 738 774 758 ante
795 743 837 758 an.
853 735 923 765 1426,
940 734 1060 758 Decemb.
1078 734 1116 762 21,
1132 733 1203 764 apud
1219 732 1361 756 Mai-tinum
1380 732 1400 755 V
1413 731 1632 763 conquerebatur,
1649 731 1754 763 quando
1770 730 1949 762 lngerrundus
1965 731 1996 754 de
2011 730 2126 761 Parenti,
2142 734 2234 762 postea

369 790 439 813 mag.
455 780 609 810 medicinae,
624 789 672 811 pro
695 780 781 811 prima
796 779 922 803 instantia
938 779 970 802 ad
988 778 1089 802 curiam
1110 779 1183 802 Rom.
1203 777 1299 800 citatus
1322 780 1379 800 crat
1395 776 1482 806 (Arch.
1506 779 1559 799 nat.
1574 776 1669 806 Paris„
1689 776 1713 799 M
1732 777 1787 808 65⁸,
1804 762 1835 799 11⁰x
1847 777 1880 806 4).
1901 776 2045 807 Propterea
2066 775 2232 800 Universitas

367 827 468 858 judices
485 825 594 850 Parisiis
609 834 658 857 pro
673 825 795 848 omnibus
811 824 944 848 instantiis
961 823 1045 855 petiit.
1062 836 1091 841 ·—
1108 823 1132 848 2.
1150 823 1243 846 Postea
1263 821 1390 845 articulus
1412 824 1529 845 mutatus
1549 824 1589 844 est
1604 829 1610 844 t
1628 824 1656 844 ut
1675 820 1761 852 magis
1783 821 1930 852 graduatus
1945 820 2032 844 minus
2053 820 2191 852 graduato,
2208 824 2234 845 et

368 871 442 903 prius
456 871 601 902 graduatus
614 869 754 901 posteriori
768 869 907 900 graduato,
920 872 945 892 et
957 876 1082 900 praesens
1098 867 1201 891 absenti
1214 867 1390 898 praeferatur.

371 1040 514 1076 2238.
536 1047 670 1082 Magistri
684 1046 827 1072 lohannes
841 1045 1062 1081 Pulclu·ipatri3‚
1085 1044 1199 1071 Lirinus
1222 1044 1367 1079 Nenelinc,
1385 1043 1526 1070 Robertus
1541 1043 1677 1078 Ροίἰενιίι,
1694 1043 1839 1070 lohannes
1854 1043 1963 1079 Hervei,
1980 1043 2124 1070 Iohannes
2146 1043 2232 1078 Chus-

457 1096 531 1132 [ανίι
555 1100 582 1122 ct
600 1096 744 1122 Johannes
763 1095 789 1122 le
811 1094 1007 1121 Mensem-dier
1029 1098 1158 1120 oratores
1181 1094 1321 1120 destinati
1340 1094 1380 1120 ad
1401 1093 1498 1120 sedem
1520 1093 1710 1130 apostolicam
1732 1102 1794 1119 cum
1818 1093 1911 1119 rotulo
1930 1093 2055 1120 secundo
2076 1093 2235 1130 principali

462 1145 660 1172 Universitatis
674 1145 770 1171 Paris.

1601 1180 1676 1208 7424.
1691 1180 1780 1206 Martii
1789 1180 1829 1210 31,
1845 1180 1946 1206 Romus.

460 1271 522 1301 Reg.
539 1270 633 1301 Suppl.
647 1270 723 1293 Mart.
739 1269 767 1297 V,
785 1275 813 1292 n⁰
829 1269 880 1297 170,
899 1269 943 1292 fol.
961 1269 1011 1299 mh,
1029 1270 1066 1292 7⁰.
1083 1269 1196 1292 Furores
1209 1277 1258 1300 pro
1273 1268 1369 1300 scipsis
1382 1268 1524 1299 petierunt.

462 1314 492 1337 Hi
511 1313 717 1337 ambassiatores
737 1314 853 1344 (excepto
872 1313 991 1336 Johanne
1007 1313 1110 1342 Hei-vei)
1127 1313 1217 1336 eodem
1235 1321 1313 1341 anno,
1333 1312 1487 1344 Februario,
1502 1313 1583 1335 Senas
1599 1312 1633 1335 ad
1648 1312 1795 1336 Concilium
1815 1312 1938 1344 generale
1953 1314 2080 1336 venerunt
2095 1312 2234 1342 (Menum.

369 1359 472 1383 Concil.
483 1359 608 1389 yencral.
624 1365 694 1383 saec.
710 1358 772 1386 XV,
790 1361 809 1382 t.
825 1358 843 1386 Ι,
860 1366 887 1389 p.
903 1359 946 1385 48;
963 1360 1092 1386 Auctar.,
1109 1358 1140 1386 11,
1153 1366 1180 1388 p.
1194 1359 1249 1386 305,
1266 1360 1319 1380 not.
1334 1357 1368 1388 2),
1381 1357 1450 1388 quod
1467 1360 1553 1380 tamen
1566 1357 1622 1388 jam
1638 1357 1713 1380 Febr.
1728 1358 1767 1386 26,
1780 1365 1826 1380 seu
1840 1357 1929 1389 potius
1945 1357 2033 1380 Martii
2047 1358 2060 1381 7
2074 1356 2233 1380 dissolutum

368 1404 416 1427 tuit
432 1404 494 1433 (vid.
511 1404 625 1431 limma,
642 1402 888 1433 concilienqesch„
902 1406 920 1426 t.
936 1403 989 1431 Vll,
1007 1411 1032 1433 p.
1045 1403 1091 1426 407
1107 1404 1167 1433 sq.).
1185 1401 1396 1426 Ambassiatores
1412 1405 1505 1433 postea
1522 1402 1628 1426 Romam
1646 1410 1705 1425 cum
1721 1403 1807 1425 rotulo
1822 1402 1934 1434 profecti
1950 1405 2020 1431 sunt,
2037 1402 2068 1425 de
2084 1410 2134 1433 quo
2147 1401 2234 1425 rotulo

367 1449 393 1471 in
407 1448 648 1479 Universitatejam
662 1455 730 1471 anno
741 1448 810 1475 1423,
827 1447 928 1478 Octob.,
941 1447 1071 1478 agebatur
1085 1447 1165 1478 (Bibl.
1181 1450 1234 1471 nat.
1248 1446 1344 1475 Paris.y
1358 1455 1408 1470 ms.
1423 1447 1470 1470 lat.
1487 1447 1556 1474 5494,
1573 1455 1599 1478 p.
1617 1447 1666 1476 26).
1681 1447 1772 1470 Solum
1787 1447 1857 1470 circa
1872 1446 1944 1471 Junii
1957 1447 1986 1470 22
2001 1446 2117 1470 Parisios
2134 1445 2234 1470 reversi

367 1496 450 1523 erant,
465 1496 493 1516 ut
505 1493 598 1516 saltem
615 1493 646 1516 de
661 1492 753 1516 Livino
766 1493 890 1516 Neuelinc
905 1495 1029 1516 narratur
1042 1492 1105 1524 (vid.
1122 1491 1204 1516 Me'm.
1217 1493 1250 1516 de
1265 1492 1292 1516 Ια
1304 1493 1360 1522 fac.
1376 1493 1410 1516 de
1424 1493 1536 1523 decret„
1551 1493 1571 1521 1,
1587 1492 1632 1515 fol.
1650 1493 1699 1522 58).

460 1577 483 1602 1.
501 1578 598 1601 lterum
613 1586 661 1609 per
676 1577 790 1609 quinque
805 1585 908 1601 menses
924 1578 1019 1601 absens
1035 1586 1048 1601 e
1061 1577 1170 1600 Parisiis
1185 1577 1243 1601 fuit.
1260 1577 1299 1600 Cs-
1315 1584 1398 1609 supra
1413 1581 1442 1600 n⁰
1456 1576 1526 1606 2141,
1540 1579 1595 1600 not.

370 1754 513 1791 2239.
536 1763 641 1789 Potitio
657 1763 731 1798 regis
752 1763 877 1798 Angliae
893 1772 943 1789 seu
957 1764 1055 1800 potius
1071 1764 1153 1790 ducis
1168 1764 1345 1799 Bedfordiae
1361 1765 1488 1791 Mar-tino
1514 1766 1537 1792 V
1549 1768 1683 1801 porrecta
1698 1764 1738 1790 ad
1757 1764 1904 1791 licentiam
1920 1764 2103 1791 obtinendam
2119 1766 2148 1791 in
2163 1766 2237 1792 Nor-

456 1813 573 1838 mannia
589 1812 710 1848 aliquod
723 1812 849 1839 studium
863 1813 999 1848 generale
1014 1823 1076 1839 cum
1087 1813 1247 1850 privilegiis
1268 1814 1467 1841 Universitatis
1482 1815 1578 1841 Paris.
1596 1814 1736 1849 erigendi.

1608 1905 1681 1935 7424,
1696 1905 1785 1931 Mae-{1⁸1⁴
1794 1905 1834 1935 31,
1850 1906 1965 1942 Romae..

458 1993 515 2019 Hce
537 1994 606 2018 sunt
625 1992 778 2026 petitiones
799 1994 828 2019 et
849 1994 982 2027 requestc
1005 2002 1079 2027 quas
1100 1994 1319 2020 ambassiatores
1342 1994 1515 2021 serenissimi
1538 1994 1678 2029 principis
1704 1994 1819 2021 Henrici
1844 1994 1961 2021 Francie
1985 1996 2013 2021 et
2037 1994 2140 2028 Anglie
2162 1994 2236 2028 regis

369 2042 502 2068 destinati
524 2050 574 2075 pcr
589 2042 827 2069 deliberationem
843 2044 872 2069 et
886 2043 1121 2069 advisamentum
1142 2043 1256 2069 domini
1278 2044 1404 2077 regentis
1419 2046 1447 2070 et
1463 2045 1548 2078 juxta
1565 2044 1618 2070 sibi
1641 2044 1778 2077 imposita
1793 2045 1923 2077 [summo
1937 2044 2070 2078 pontifici
2085 2045 2236 2078 presenta-

369 2092 460 2123 runt].
477 2099 509 2117 ac
524 2091 613 2117 ctiam
633 2091 831 2125 responsiones
852 2100 943 2118 manu
959 2093 1076 2126 propria
1092 2093 1205 2119 domini
1225 2094 1317 2120 nostri
1332 2102 1406 2128 pape
1425 2094 1529 2128 scripte
1544 2095 1573 2120 et
1595 2094 1712 2128 prefatis
1729 2093 1985 2120 ambassiatoribus
2004 2094 2087 2124 facte,
2106 2095 2141 2120 ut
2159 2094 2236 2120 infra

369 2140 514 2166 videbitur
522 2140 528 2157 ¹
535 2161 541 2166 .

535 2231 622 2262 Item
644 2229 815 2274 dignetur
836 2230 1006 2263 sanctitas
1029 2238 1148 2264 vestra
1169 2231 1371 2265 concedere
1388 2238 1423 2265 et
1443 2232 1528 2265 dare
1550 2232 1730 2265 licentiam
1753 2239 1789 2265 et
1807 2231 2011 2265 facultatem
2027 2231 2135 2265 alicui
2155 2244 2237 2277 pre-

370 2296 441 2329 lato
463 2303 522 2329 aut
542 2308 698 2341 persone
720 2297 967 2331 ecclesiastice
989 2299 1155 2343 erigendi
1176 2299 1348 2344 generale
1370 2299 1530 2332 studium
1547 2299 1585 2332 in
1604 2299 1772 2333 facultate
1788 2299 1916 2333 artium
1933 2299 2103 2344 jurisque
2119 2299 2237 2333 civilis

372 2364 406 2395 in
429 2376 643 2408 quacunque
664 2364 820 2405 civitate,
844 2364 937 2397 hona
953 2365 1037 2398 villa
1059 2378 1123 2399 seu
1146 2366 1225 2399 loco
1248 2366 1398 2400 notabili
1419 2367 1456 2399 in
1477 2367 1665 2412 provincia
1686 2366 1985 2412 Rothomagensi,
2003 2366 2048 2400 de
2069 2379 2141 2412 quo
2162 2366 2239 2414 plaf

372 2431 487 2463 cuerit
506 2437 541 2463 et
562 2430 745 2464 videbitur
766 2431 1016 2465 illustrissimo
1038 2433 1193 2479 principi
1215 2434 1362 2467 domino
1384 2435 1540 2479 regenti,
1565 2447 1644 2467 cum
1674 2434 1930 2480 prerogativiS‚
1952 2433 2182 2468 libertatibus
2202 2440 2237 2467 et

373 2497 574 2542 privilegiis
596 2498 668 2531 illis
690 2505 725 2531 et
745 2498 926 2532 similibus
948 2499 1081 2544 quibus
1102 2501 1237 2545 gaudet
1257 2508 1291 2534 et
1311 2501 1425 2535 utitur
1445 2501 1673 2535 Universitas
1694 2501 1806 2535 studii
1825 2501 2061 2539 Parisiensis;
2085 2507 2120 2535 et
2139 2500 2236 2546 quod

374 2564 540 2608 specifice
558 2565 674 2609 possit
690 2564 749 2598 illa
767 2566 969 2610 exprimere
986 2573 1069 2612 post
1085 2568 1305 2601 erectionem
1325 2568 1450 2611 studii,
1469 2569 1713 2614 doctoresque
1730 2575 1764 2602 et
1778 2569 1974 2614 magistros
1990 2581 2030 2603 ac
2047 2568 2237 2602 studentes

374 2630 463 2663 alios
485 2632 544 2675 qui
565 2643 670 2664 causa
692 2632 803 2665 studii
819 2633 987 2666 venerint
1006 2634 1080 2667 illis
1101 2635 1218 2668 faeere
1240 2636 1291 2668 uti
1308 2642 1343 2669 et
1362 2636 1538 2681 gaudere,
1559 2648 1598 2669 ac
1619 2636 1650 2670 si
1667 2636 1837 2682 specifice
1858 2636 1916 2669 hic
1933 2635 2241 2681 exprimerentur,

375 2704 409 2730 ct
429 2710 492 2741 per
513 2699 547 2730 S.
566 2700 608 2732 V.
632 2699 867 2744 singulariter
893 2701 1037 2746 singula
1059 2714 1164 2735 manu
1190 2710 1310 2736 vestra
1337 2703 1571 2749 signarentur
1591 2716 1671 2737 cum
1693 2703 1882 2746 clausulis,
1906 2710 1973 2736 etc.
1995 2723 2040 2728 —
2060 2702 2136 2735 Fiat
2155 2714 2235 2735 cum

377 2764 576 2809 privilegiis
603 2765 751 2798 aliarum
779 2767 1060 2801 Universitatum
1089 2769 1133 2802 de
1160 2770 1320 2812 Francia,
1349 2777 1384 2804 et
1410 2771 1655 2804 committatur
1676 2771 1852 2816 episcopo
1879 2769 2077 2804 Parisiensi
2101 2769 2237 2803 vocatis

376 2831 560 2863 vocandis.
584 2832 626 2864 O.

460 2898 545 2929 ltem
568 2898 665 2942 quod
686 2899 715 2931 si
742 2912 805 2944 pro
822 2902 1010 2935 'erectione
1032 2903 1243 2948 hujusmodi
1269 2905 1380 2938 studii
1402 2905 1520 2950 aliqua
1541 2905 1693 2938 collecta
1718 2905 1924 2951 imponatur
1945 2904 2114 2950 personis
2135 2903 2237 2937 laicis
