2502 3418
305 329 400 365 1452]
645 342 690 364 ΑΒ
724 342 829 364 ΑΝΝο
863 341 1150 364 MCCCLxxxxw
1184 341 1314 369 USQUE
1349 341 1397 362 An
1431 341 1569 362 ANNUM
1604 341 1809 363 inescent.
2099 331 2160 365 731

301 415 443 449 vicibus
464 416 602 449 iteratis
624 422 691 448 tam
714 415 826 450 verbo
848 428 951 460 quam
979 415 1115 460 scripto
1137 427 1202 460 per
1221 415 1321 448 viros
1350 415 1455 447 etiam
1483 426 1612 459 graves
1639 415 1674 446 in
1701 414 1884 459 theologia
1910 415 2104 459 magistros
2130 421 2164 447 et

302 482 393 515 alios
419 483 463 515 de
491 483 588 516 omni
611 482 792 524 facultate,
820 489 855 515 et
882 482 1073 528 presertim
1100 494 1165 526 pro
1192 488 1291 526 parte
1317 481 1578 515 venerabilium
1600 481 1850 525 Collegiorum
1876 481 1984 526 hujus
2011 481 2165 515 Univer—

303 549 420 583 sitatis
455 556 491 582 et
524 550 561 582 in
590 562 721 595 magno
752 562 904 582 numero
938 549 1150 594 exposita⁶¹,
1186 549 1284 593 quod
1313 549 1485 581 antedicti
1517 554 1750 593 temptatores
1780 555 1943 593 pretextu
1980 560 2044 580 sue
2080 560 2166 581 con-

304 616 516 650 tinuationis
544 623 580 650 et
604 617 706 661 quasi
739 617 1025 662 perpetuationis
1056 616 1092 648 in
1128 616 1234 649 dictis
1268 616 1411 657 officiis,
1440 628 1518 648 cum
1549 622 1667 648 tamen
1698 627 1762 659 per
1796 615 1897 660 ipsos
1930 615 2166 648 cancellarios

302 684 447 728 possint
467 690 501 716 et
522 683 678 716 debeant
697 684 880 716 annuatim
903 684 1046 720 mutari,
1070 684 1106 716 in
1129 683 1221 716 dicta
1242 683 1410 716 facultate
1434 682 1566 715 multos
1587 682 1724 715 abusus
1745 682 2018 722 commiserunt,
2042 688 2076 714 et
2093 682 2167 726 plu-

303 750 391 783 rima
410 750 646 784 Universitati
662 750 845 783 obvenere
862 751 1053 795 dispendia
1068 753 1158 794 (nam
1177 763 1256 783 cum
1277 750 1429 795 predicti
1443 749 1637 794 pedagogi,
1653 761 1741 782 suos
1753 748 1978 781 bachalarios
1992 747 2167 781 habentes

303 817 523 850 domesticos
545 823 580 850 et
602 817 880 858 commensales,
903 818 946 850 ad
968 818 1004 850 id
1026 818 1181 850 officium
1205 817 1480 862 preficerentur,
1503 816 1740 849 immoderato
1761 816 1883 848 favore
1902 822 1937 848 et
1960 815 2166 848 inordinato

303 884 431 916 affectu
453 895 554 925 suos,
578 884 683 917 etiam
705 884 893 929 indignos,
921 884 1146 925 attollebant,
1171 884 1295 929 (lignis
1323 891 1358 917 et
1385 883 1622 916 benemeritis
1651 883 1893 928 preserentes3
1917 882 2166 927 Collegiorum

304 962 388 983 vero
411 950 637 984 bachalarios
659 958 694 984 et
713 951 805 984 alios
831 952 892 996 qui
919 951 963 984 de
987 964 1054 985 suo
1080 963 1194 996 grege
1222 963 1294 984 non
1321 957 1434 992 erant,
1462 957 1708 995 quantumque
1730 950 1863 995 dignos
1885 955 1920 982 et
1940 949 2081 991 doctos,
2105 961 2169 994 per

302 1017 469 1062 injuriam
493 1018 732 1063 repellebant,
754 1031 823 1063 que
846 1031 904 1052 res
925 1031 1056 1064 graves
1078 1019 1281 1051 discordias
1303 1031 1341 1050 ae
1368 1018 1570 1051 seditiones
1591 1023 1719 1062 posset
1743 1017 1928 1059 excitare);
1957 1028 2024 1049 nos
2050 1023 2167 1049 autem

302 1084 469 1118 volentes
500 1085 711 1130 hujusmodi
737 1085 914 1119 abusibus
941 1086 1137 1127 obviare⁵²,
1169 1092 1203 1118 et
1233 1085 1414 1125 scandala,
1445 1091 1614 1129 quantum
1643 1084 1678 1116 in
1707 1083 1814 1116 nobis
1842 1090 1909 1125 est,
1937 1083 2167 1121 submovere,

302 1152 530 1185 attendentes
552 1153 666 1185 officia
687 1165 726 1185 ac
747 1153 981 1198 magistratus
1001 1165 1142 1186 annuos
1164 1164 1246 1185 esse
1268 1152 1415 1193 debere,
1439 1164 1589 1196 eamque
1611 1152 1715 1184 etiam
1738 1151 1774 1183 in
1793 1150 2068 1196 temptatoribus
2089 1151 2169 1183 istis

301 1218 417 1251 fuisse
449 1226 603 1252 mentem
633 1220 881 1261 statuentium,
919 1226 954 1252 et
983 1220 1292 1253 continuationem
1319 1232 1357 1252 ac
1386 1219 1697 1264 perpetuationem
1729 1218 1929 1251 officiorum
1954 1217 2044 1250 nihil
2071 1217 2169 1250 aliud

303 1297 407 1330 quam
434 1286 650 1319 insolentias
677 1293 712 1319 et
738 1287 890 1331 injurias
917 1287 1121 1320 officialium
1152 1287 1187 1319 in
1215 1286 1383 1319 subditos
1407 1287 1602 1319 confovere
1627 1297 1633 1318 τ
1657 1285 1724 1318 hoc
1750 1285 2025 1318 consultissimo
2051 1284 2170 1317 decla—

302 1364 424 1385 ramus
446 1353 578 1394 edicto,
602 1353 720 1386 dictos
741 1360 978 1399 temptatores
1002 1354 1046 1387 de
1069 1361 1190 1387 cetero
1215 1366 1357 1386 annuos
1384 1365 1466 1386 esse
1488 1353 1636 1394 debere,
1661 1359 1695 1385 et
1716 1359 1892 1397 utrosque
1917 1351 2167 1394 cancellarios,

302 1419 443 1453 scilicet
464 1421 572 1453 Beate
593 1421 707 1454 Marie
729 1428 764 1454 et>
785 1422 912 1454 Sancte
935 1422 1136 1462 Genovefe,
1159 1428 1194 1454 et
1210 1421 1411 1466 quemlibet
1432 1421 1593 1465 ipsorum
1617 1432 1682 1465 pro
1705 1432 1771 1453 suo
1789 1420 1952 1452 examine
1974 1431 2038 1464 per
2054 1431 2169 1452 annos

303 1486 472 1532 singulos
498 1494 654 1532 quatuor
674 1500 789 1522 novos
816 1489 1012 1534 magistros
1034 1488 1172 1533 eligere
1198 1488 1332 1521 debere
1360 1488 1403 1520 ad
1429 1499 1578 1520 examen
1600 1494 1635 1520 et
1655 1486 1951 1532 approbationem
1975 1487 2168 1532 dignorum

303 1560 338 1586 et
358 1554 605 1599 repulsionem
629 1555 862 1600 indignorum
880 1557 981 1600 juxta
1000 1563 1106 1589 vetus
1133 1562 1303 1589 statutum
1330 1555 1543 1595 faciendam,
1567 1555 1612 1587 ita
1639 1555 1737 1599 quod
1765 1566 1838 1587 non
1864 1554 2008 1599 possint
2026 1560 2170 1587 veteres

303 1621 530 1663 confirmare,
545 1629 579 1655 et
595 1622 674 1655 aliis
692 1623 848 1655 officium
866 1623 1150 1656 continuandum
1169 1623 1390 1668 permittere.
1407 1622 1582 1667 Eligant⁶³
1601 1629 1717 1654 autem
1730 1622 1829 1655 viros
1847 1622 1988 1662 doctos,
2001 1628 2170 1666 expertos

304 1695 339 1721 et
363 1701 506 1733 graves,
534 1689 596 1734 qui
622 1702 687 1734 per
716 1702 779 1723 sex
807 1702 921 1723 annos
949 1697 1031 1723 ante
1058 1691 1101 1723 ad
1125 1690 1245 1723 minus
1273 1690 1409 1722 suerint
1435 1689 1613 1734 graduati,
1646 1689 1815 1733 proprios
1843 1688 2067 1722 bachalarios
2097 1700 2169 1720 non

303 1755 493 1789 habentes.
516 1758 698 1790 Vocamus
719 1764 836 1790 autem
862 1758 1044 1803 proprios,
1068 1758 1129 1802 qui
1151 1757 1363 1802 suntjurati
1382 1756 1450 1789 sub
1472 1757 1538 1796 eis,
1561 1763 1621 1789 aut
1642 1757 1703 1801 qui
1725 1756 1761 1788 in
1783 1756 1860 1788 suis
1882 1755 2052 1788 domibus
2073 1767 2171 1788 com-

304 1823 485 1856 mensales
506 1823 563 1856 vel
584 1831 850 1858 commorantes
872 1825 1043 1858 existunt.
1067 1824 1279 1857 Inhibemus
1300 1831 1417 1857 autem
1440 1824 1584 1868 utrique
1606 1823 1820 1856 cancellario
1844 1829 1911 1855 tam
1930 1824 2036 1856 Beate
2058 1823 2170 1855 Marie

302 1887 407 1934 'quam
432 1891 559 1924 Sancte
581 1891 768 1925 Genovefe
790 1891 858 1924 sub
884 1904 975 1937 pena
1003 1891 1387 1924 excommunicationis
1413 1903 1517 1935 quam
1546 1890 1733 1923 incurrant
1753 1890 1833 1935 ipso
1859 1891 1965 1931 sacto,
1988 1902 2032 1923 ne
2053 1902 2071 1923 a
2097 1902 2169 1923 ma-

303 1957 420 2001 gistro
442 1958 686 1991 examinatore
704 1959 756 1992 sic
773 1966 808 1991 et
829 1959 1029 1992 secundum
1048 1959 1285 1991 condiciones
1302 1958 1483 2003 predictas
1501 1957 1616 1990 electo
1634 1957 1690 1990 vel
1708 1957 1879 2002 eligendo
1897 1957 2033 2002 aliquid
2051 1957 2170 2002 exigat

304 2024 348 2057 ad
370 2036 510 2057 causam
534 2024 725 2059 electionis
748 2026 910 2071 predicte
931 2027 1021 2059 facte
1043 2026 1100 2059 vel
1121 2026 1302 2066 saciende3
1321 2037 1388 2058 nec
1409 2025 1452 2057 ad
1473 2024 1540 2057 hoc
1562 2031 1598 2057 ut
1621 2024 1777 2069 eligatur
1793 2024 1896 2057 etiam
1920 2030 2048 2069 sponte
2070 2023 2170 2057 obla-

305 2097 378 2123 tum
400 2090 443 2124 ab
465 2104 507 2124 eo
531 2092 693 2137 recipiat,
714 2093 779 2126 sed
800 2093 937 2138 absque
960 2105 1067 2138 prece
1088 2093 1145 2127 vel
1167 2093 1283 2138 pretio
1309 2092 1423 2125 libere
1448 2091 1577 2125 habeat
1597 2098 1749 2136 uterque
1775 2091 2014 2124 cancellarius
2040 2091 2077 2123 in
2102 2102 2169 2124 suo

306 2158 537 2202 temptamine
559 2160 744 2204 predictos
766 2161 962 2205 magistros
988 2160 1140 2205 eligere,
1167 2159 1236 2193 sub
1262 2159 1369 2192 modo
1395 2166 1526 2199 tamen,
1548 2160 1661 2191 forma
1688 2165 1723 2191 et
1747 2158 2017 2191 circunstantiis
2043 2170 2169 2203 supra-

305 2224 428 2266 dictis;
451 2237 469 2258 a
490 2237 559 2270 qua
581 2226 726 2271 quidem
749 2227 1122 2260 excommunicatione
1144 2226 1187 2260 ab
1204 2227 1274 2260 alio
1296 2239 1400 2271 quam
1419 2226 1592 2271 episcopo
1610 2225 1806 2258 Parisiensi
1828 2225 1967 2258 absolvi
1991 2237 2063 2257 non
2085 2237 2169 2270 pos-

305 2291 391 2333 sint,
417 2292 478 2337 qui
500 2299 619 2326 tamen
644 2294 840 2339 episcopus
863 2294 990 2327 dictam
1014 2294 1282 2328 absolutionem
1310 2305 1382 2326 non
1408 2293 1604 2337 impendat,
1634 2292 1704 2325 nisi
1731 2292 1880 2337 duplum
1907 2292 2006 2325 illius
2034 2293 2168 2337 recepti

305 2358 561 2403 persolverint,
583 2360 753 2406 simplum
776 2361 918 2394 scilicet
938 2361 1186 2402 Universitati,
1211 2367 1246 2393 et
1265 2360 1417 2393 alterum
1440 2359 1608 2404 simplum
1632 2359 1809 2404 Hospitali
1832 2360 1967 2392 Domus
1989 2359 2054 2391 Dei
2076 2359 2168 2392 Pari-

305 2425 440 2458 siensis
461 2426 728 2471 applicandum.

1023 2475 1074 2507 De
1098 2473 1445 2519 congregationibus.

396 2566 483 2598 Item
506 2566 697 2599 statuimus
718 2573 753 2600 et
769 2567 981 2600 ordinamus
1002 2574 1123 2601 vetera
1145 2567 1354 2600 renovando
1373 2573 1440 2599 tam
1457 2565 1636 2598 facultatis
1653 2577 1757 2609 quam
1779 2565 1896 2610 ipsius
1914 2565 2168 2598 Universitatis

306 2638 450 2674 statuta,
473 2639 652 2677 quatenus
672 2634 715 2666 ad
742 2635 1049 2680 congregationes
1075 2634 1255 2667 facultatis
1281 2640 1341 2666 aut
1365 2633 1469 2666 etiam
1501 2632 1769 2673 Universitatis,
1791 2632 1849 2665 vel
1877 2632 1982 2665 etiam
2012 2632 2169 2665 nationis

306 2711 378 2732 non
409 2707 620 2744 presumant
648 2701 811 2746 magistri
837 2702 965 2734 artium
995 2714 1204 2747 comparere
1233 2702 1269 2733 in
1294 2707 1394 2734 veste
1423 2706 1535 2740 curta,
1564 2706 1624 2732 aut
1652 2699 1811 2743 desuper
1838 2699 1966 2739 cincta,
1994 2711 2059 2732 nec
2088 2712 2167 2732 cum

305 2766 455 2811 capucio
484 2767 644 2808 sarciato,
671 2775 743 2808 aut,
773 2775 811 2801 ut
834 2769 1035 2813 vulgariter
1063 2769 1207 2809 dicitur,
1235 2767 1434 2808 burreleto,
1462 2778 1527 2799 nec
1557 2778 1636 2799 cum
1667 2765 1888 2798 sotularibus
1917 2767 2082 2799 rostratis
2110 2774 2170 2800 aut

306 2833 562 2878 liripipiatis‘st,
586 2835 651 2867 sed
670 2836 818 2868 omnino
839 2836 1022 2877 volumus,
1042 2843 1075 2868 et
1093 2835 1296 2868 districtius
1314 2835 1349 2866 in
1371 2835 1502 2867 virtute
1525 2840 1647 2866 sancte
1669 2832 1878 2866 obedientie
1900 2833 2167 2867 observandum

307 2900 529 2945 precipimus
555 2901 623 2934 sub
645 2914 735 2947 pena
757 2903 909 2947 perjurii
935 2910 970 2936 et
995 2903 1253 2948 suspensionis
1274 2915 1291 2934 a
1313 2901 1487 2947 gradibus
1511 2901 1741 2946 superiorum
1764 2900 1984 2942 facultatum,
2011 2902 2053 2934 ad
2076 2914 2168 2946 quos
