2502 3418
324 308 420 344 1452]
668 322 717 344 AB
751 322 858 344 ΑΝΝο
893 322 1182 344 MCCCLxxxxw
1216 322 1346 350 USQUE
1381 323 1429 344 AD
1464 323 1601 346 ANNUM
1637 324 1844 346 36666111.
2123 316 2188 349 735

321 402 356 428 61
377 407 440 440 par
460 408 500 429 ce
522 396 645 430 devoit
665 396 830 430 recevoir
850 403 885 429 et
903 396 1004 430 avoir
1027 396 1060 429 16
1083 396 1196 441 degre
1215 409 1259 429 en
1281 408 1347 429 son
1370 397 1477 429 ordre
1499 404 1533 429 et
1554 398 1687 430 devant
1708 405 1785 430 tout
1806 405 1906 431 autre
1928 411 2000 431 non
2017 399 2186 444 'qualifie;

320 463 550 496 neantmoins
575 463 690 496 lesdis
716 464 887 496 docteurs
913 463 1090 508 ausquelx
1120 463 1209 496 ledit
1239 463 1422 508 suppliant
1449 476 1466 496 a
1495 464 1660 503 satissait',
1691 477 1830 497 60111136
1858 465 1881 497 11
1903 466 1967 505 dit,
1994 466 2058 498 (165
2088 467 2187 499 (11·01Ζ

321 542 549 563 concernens
569 530 679 563 ladite
702 531 908 564 doctorerie
930 543 997 563 aux
1019 530 1200 575 pourchas
1222 537 1255 563 et
1277 537 1382 575 grant
1403 531 1640 575 importunitc
1663 531 1707 563 de
1734 532 1901 564 maistres
1923 532 2093 566 Ambrois
2115 530 2189 577 (sic)

321 597 365 629 de
386 597 577 642 Cambray,
596 598 770 630 Estienne
792 598 836 630 de
859 598 1051 644 Montigny
1067 604 1102 630 et
1122 598 1329 631 Guillaume
1352 598 1395 630 de
1418 598 1594 631 Canteleu
1613 605 1645 631 et
1663 605 1784 631 autres
1803 606 1992 643 presentez
2010 606 2043 632 et
2061 612 2188 633 receuz

319 667 426 708 apres
448 664 537 697 ledit
558 665 757 710 suppliant,
781 671 815 698 61
836 677 882 698 011
905 672 1091 710 contempt
1110 665 1154 698 de
1177 677 1216 698 ce
1239 677 1308 710 que
1330 665 1420 698 ledit
1441 665 1627 710 suppliant
1650 666 1738 698 s'est
1758 666 1933 713 entremis
1955 666 1999 698 (16
2019 666 2051 699 13
2074 668 2187 700 resor-

319 732 460 764 macion
478 735 660 776 nagueres
681 732 765 765 faite
788 743 851 777 par
871 732 1052 765 l‘autorite
1075 733 1118 765 de
1141 739 1266 765 nostre
1288 733 1384 766 saint
1404 736 1490 777 pere
1512 732 1545 765 le
1567 745 1657 778 pape
1680 739 1715 766 et
1735 733 1781 765 du
1805 745 1869 778 roy
1886 733 2058 766 touchant
2078 734 2190 767 l'Uni-

318 798 453 831 versite
475 799 519 831 de
541 799 655 840 Paris,
679 806 741 832 ont
762 799 871 832 voulu
895 806 929 832 et
949 799 1099 833 veulent
1121 806 1316 844 postposer
1336 800 1426 832 ledit
1446 800 1633 845 suppliant
1654 812 1698 833 en
1720 800 1753 833 16
1775 807 1925 833 13611331
1944 801 1977 833 16
1999 801 2190 834 derrenier

320 877 411 910 pour
437 866 470 898 16
498 866 732 899 contraindre
760 867 1042 900 iudirectement
1068 870 1086 900 a
1111 867 1243 900 laisser
1270 867 1302 900 la
1329 867 1547 900 conclusion
1573 867 1618 900 de
1645 879 1682 900 sa
1712 868 1933 901 doctorerie.
1959 870 2001 901 Et
2030 880 2122 913 pour
2147 881 2188 901 66

320 933 527 978 requerroit
546 933 750 966 inhibicion
779 940 812 966 et
841 934 993 967 defense
1021 941 1119 967 estre
1145 934 1229 967 faite
1258 934 1301 967 de
1329 946 1391 979 par
1416 934 1450 967 16
1476 946 1541 979 roy
1561 941 1596 967 et
1621 934 1653 967 la
1681 941 1786 967 court
1809 934 1935 967 ausdiz
1956 934 2129 967 docteurs
2154 942 2189 968 et

318 1000 598 1033 doctorisandes
623 1003 641 1034 a
666 1012 818 1045 grosses
845 1001 973 1046 peines
999 1013 1069 1046 que
1095 1008 1221 1034 contre
1247 1008 1280 1033 et
1309 1013 1354 1034 ou
1385 1001 1571 1046 prejudiee
1599 1001 1703 1034 dudit
1730 1001 1916 1046 suppliant
1942 1001 1986 1034 ilz
2012 1001 2146 1034 n’aient
2170 1004 2188 1035 a

315 1068 496 1112 proceder
516 1070 534 1101 a
555 1068 664 1101 ladite
693 1068 914 1109 doctorerie,
938 1069 1027 1101 mais
1049 1068 1156 1113 qu’ilz
1178 1069 1426 1113 preserassent
1445 1068 1535 1102 ledit
1553 1068 1743 1113 suppliant
1766 1072 1784 1101 a
1810 1075 1891 1102 tous
1916 1068 1971 1101 les
1992 1069 2186 1102 dessusdis

318 1147 363 1167 en
384 1135 435 1168 lui
459 1135 650 1180 assignant
674 1135 707 1168 le
730 1136 888 1181 premier
908 1135 981 1168 lieu
1005 1142 1040 1168 et
1060 1136 1162 1181 siege
1185 1142 1288 1168 avant
1316 1142 1397 1169 tous
1423 1142 1545 1169 autres
1567 1148 1639 1168 non
1666 1136 1846 1181 qualifiez,
1872 1148 2012 1169 comme
2038 1136 2090 1170 dit
2113 1143 2184 1176 est3

317 1208 353 1235 et
373 1214 418 1235 en
440 1214 500 1235 cas
528 1203 788 1248 d’opposition,
816 1202 905 1235 ledit
929 1209 1005 1235 acte
1032 1209 1067 1235 et
1091 1203 1308 1247 expedicion
1337 1203 1500 1236 doctoral
1524 1210 1631 1236 tenue
1660 1215 1704 1235 en
1732 1215 1890 1248 suspens
1919 1216 1965 1236 ou
1993 1215 2035 1236 au
2068 1204 2185 1236 moins

318 1269 507 1314 provision
524 1269 607 1302 saite
629 1269 728 1302 audit
745 1269 932 1314 suppliant
951 1269 1238 1314 prealablement
1260 1269 1431 1303 touchant
1447 1269 1536 1303 ledit
1553 1270 1712 1314 premier
1728 1270 1800 1302 lieu
1819 1277 1854 1303 et
1870 1270 1985 1315 siege,
2004 1270 2058 1303 les
2075 1275 2184 1316 oppo-

317 1348 402 1369 sans
423 1337 588 1369 feussent
609 1336 780 1381 adjornez
802 1348 923 1369 ceans.
943 1336 1115 1381 Laquelle
1139 1343 1310 1381 requeste
1331 1349 1437 1377 veue,
1461 1337 1492 1369 la
1515 1344 1619 1369 court
1640 1350 1657 1369 a
1678 1337 1740 1369 sait
1761 1337 1865 1370 venir
1886 1349 1993 1370 ceans
2017 1338 2185 1371 maistres

316 1403 439 1436 Pierre
462 1403 627 1448 Maugier
648 1410 683 1436 et
703 1403 834 1436 Martin
857 1404 900 1436 de
923 1405 1071 1444 Frenes,
1095 1404 1281 1444 docteurs,
1303 1410 1336 1436 et
1358 1404 1457 1436 aussi
1480 1416 1501 1449 y
1517 1410 1599 1437 sont
1620 1416 1734 1437 venuz
1757 1405 1923 1437 maistres
1946 1405 2119 1439 Estienne
2140 1405 2184 1438 de

316 1470 520 1515 Mondgny,
549 1470 756 1504 Guillauine
785 1471 828 1503 de
855 1470 1046 1512 Canteleu,
1074 1472 1121 1503 Le
1149 1471 1324 1516 Baugois,
1350 1472 1396 1503 Le
1426 1471 1568 1516 Beguin
1596 1477 1630 1504 et
1658 1483 1734 1516 ung
1760 1478 1861 1504 autre
1887 1461 2180 1513 doctorisandes,

317 1538 495 1583 ausquelx
516 1538 548 1570 la
565 1544 670 1571 court
690 1550 707 1570 3
725 1542 860 1583 6Χρο56
882 1538 913 1570 13
936 1545 1107 1583 requeste
1128 1538 1231 1571 dudit
1247 1538 1416 1571 maistres
1433 1538 1539 1571 Miles
1556 1538 1711 1571 (l'lliers.
1731 1538 1913 1583 Lesquelx
1934 1539 2105 1572 doeteurs
2122 1545 2185 1573 ont

319 1605 505 1649 respondu
528 1616 597 1649 que
619 1617 659 1637 ce
681 1605 788 1650 qu’ilz
809 1605 992 1646 saisoient⁷
1017 1605 1060 1637 ilz
1086 1605 1257 1638 saisoient
1276 1605 1380 1638 selon
1406 1605 1506 1638 leurs
1527 1612 1653 1646 statuz,
1677 1612 1712 1638 et
1734 1605 1806 1638 dist
1831 1605 1948 1638 oultre
1974 1605 2063 1639 ledit
2082 1607 2183 1639 Mau-

318 1672 398 1716 gier
427 1684 529 1704 60316
560 1672 678 1717 doyen
709 1672 753 1704 de
782 1672 813 1704 la
842 1672 973 1704 saeuite
1004 1673 1048 1704 de
1077 1673 1214 1712 decret,
1240 1684 1309 1716 que
1336 1672 1397 1716 qui
1426 1672 1458 1704 16
1484 1672 1592 1704 feroit
1615 1679 1820 1705 autrement
1844 1685 1914 1717 que
1939 1673 2043 1706 selon
2068 1673 2183 1706 lesdis

315 1745 430 1785 statuz
451 1738 476 1771 il
503 1739 717 1784 s'opposoit.
742 1738 993 1771 Finablement
1013 1739 1220 1784 appoinctie
1243 1746 1298 1771 est
1320 1739 1366 1771 (111
1388 1745 1666 1772 601156111613631
1692 1739 1818 1772 desdis
1841 1740 2012 1773 docteurs
2038 1747 2073 1773 et
2097 1740 2183 1773 doc,-

316 1806 523 1839 torisandes
546 1806 653 1838 d'une
675 1813 765 1851 part,
789 1813 824 1839 et
844 1806 948 1839 dudit
968 1806 1115 1839 maistre
1137 1806 1244 1839 Miles
1266 1806 1417 1847 d'autre,
1441 1818 1510 1850 que
1533 1806 1647 1839 lesdis
1666 1806 1943 1839 doctorisandes
1964 1807 2084 1840 seront
2103 1807 2183 1840 leur

313 1873 376 1906 fait
397 1880 431 1906 61
455 1880 546 1914 acte,
570 1880 605 1906 61
625 1885 694 1918 que
716 1873 807 1906 ledit
827 1874 974 1906 maistre
995 1873 1102 1906 Miles
1126 1885 1165 1906 se
1186 1885 1320 1918 pourra
1342 1873 1431 1906 faire
1458 1873 1611 1906 docteur
1632 1880 1741 1918 quant
1763 1873 1834 1906 bon
1855 1873 1906 1906 lui
1932 1873 2126 1915 5631111613,
2149 1881 2184 1913 61

315 1952 360 1973 36
387 1952 467 1973 sera
494 1947 578 1973 tenu
607 1940 741 1973 inviter
766 1943 783 1973 a
809 1952 847 1973 sa
870 1940 962 1973 feste
989 1952 1058 1985 que
1084 1940 1138 1973 les
1164 1941 1350 1981 docteurs,
1378 1940 1432 1973 les
1458 1939 1636 1973 bedeaulx
1658 1946 1691 1973 61
1717 1940 1822 1973 ceulx
1847 1941 1908 1985 qui
1930 1941 1980 1973 lui
2002 1941 2125 1986 plaira⁷
2148 1935 2183 1975 61

315 2008 439 2041 sausve
461 2010 479 2040 a
500 2007 663 2040 discuter
685 2007 728 2040 de
749 2007 780 2040 la
802 2008 1033 2052 prerogative
1051 2014 1084 2040 et
1101 2008 1357 2053 preeminence
1375 2008 1420 2040 de
1438 2007 1585 2045 l'ordre,
1604 2008 1668 2040 (les
1690 2007 1787 2040 lieux
1804 2015 1837 2040 et
1855 2007 2040 2041 honneurs
2058 2008 2182 2041 desdis

315 2075 595 2108 doctorisandes
617 2081 651 2108 et
671 2075 818 2108 maistre
841 2075 960 2107 Miles.

407 2173 484 2197 Arch.
500 2176 553 2197 nat.
570 2173 664 2201 Parim,
679 2173 726 2196 X¹¹
741 2173 811 2202 1483,
826 2173 870 2196 sol.
885 2173 935 2196 30¹³.

407 2258 433 2283 1.
453 2258 511 2282 Vid.
532 2257 562 2281 de
582 2265 612 2281 eo
633 2257 739 2288 (Milone
758 2257 871 2287 d'lliers)
892 2265 973 2288 supra
994 2261 1022 2280 n⁰
1045 2258 1115 2287 2594,
1139 2257 1183 2280 ubi
1205 2257 1343 2280 lectionem
1366 2257 1548 2280 matutinalem
1570 2257 1669 2288 recepit
1689 2259 1740 2286 (311.
1761 2258 1842 2287 111115),
1865 2258 1896 2280 (16
1916 2266 1967 2288 qua
1987 2258 2066 2281 etium
2086 2258 2111 2281 in
2133 2258 2181 2281 hoe

313 2303 479 2326 documento.

315 2423 460 2460 2692.
487 2431 663 2457 Universitas
679 2430 776 2456 Paris.
793 2430 874 2465 eligit
890 2430 930 2456 ad
948 2430 1103 2456 Concilium
1128 2430 1230 2456 Gallie.
1252 2430 1402 2464 ecclesiae,
1428 2430 1568 2463 Biturigis
1584 2439 1678 2455 mense
1697 2430 1768 2456 Julii
1784 2430 1995 2465 celebrandum,
2014 2432 2181 2458 ambassia-

403 2485 487 2515 tores,
505 2480 568 2506 scil.
584 2489 637 2516 pro
657 2482 716 2514 sac.
735 2479 820 2506 theol.
841 2479 1019 2505 Gaillelmum
1040 2480 1163 2505 Ewrardi
1183 2483 1210 2505 et
1228 2479 1384 2505 Iohannem
1405 2481 1538 2512 Boucart,
1558 2489 1611 2515 pro
1630 2482 1690 2513 sac.
1707 2479 1812 2506 decr-ee.
1834 2481 1947 2506 Petrum
1970 2482 2110 2516 Maugier,
2127 2490 2179 2518 pro

401 2530 546 2564 facultate
562 2529 721 2555 medicinae
743 2530 933 2563 Ingerannam
953 2529 988 2555 de
1008 2529 1136 2560 Parenti,
1156 2537 1209 2564 pro
1232 2528 1345 2553 artistis
1364 2528 1519 2554 ,Iohannem
1538 2529 1703 2561 Norntanni,
1723 2532 1787 2554 tunc
1810 2533 1944 2555 rectorem
1970 2530 2177 2565 Universitatis,

401 2579 537 2605 Jacobum
553 2579 588 2605 de
603 2580 702 2612 Bosco,
718 2578 885 2613 Dionysiam
904 2578 1067 2612 Citl1aredi‚-
1079 2579 1158 2603 natio
1172 2577 1363 2604 Alemanniae
1379 2577 1471 2603 divisa
1486 2581 1549 2603 erat
1560 2577 1633 2603 inter
1647 2577 1823 2603 Everardum
1840 2578 1970 2604 Custodis
1984 2583 2011 2605 et
2022 2579 2178 2606 Jolzannem

402 2628 545 2655 Kannedi.

1549 2663 1624 2691 7452.
1640 2663 1708 2689 danii
1720 2663 1760 2693 21,
1777 2664 1891 2689 Parisiis.

405 2754 523 2777 Auctar.
542 2752 728 2780 chartul.,11‚
752 2760 778 2783 p.
799 2752 852 2777 892,
874 2752 902 2774 38
923 2759 990 2782 sqq.;
1014 2751 1113 2775 Partie
1131 2752 1176 2774 des
1195 2751 1283 2781 pieres
1301 2754 1325 2774 et
1345 2754 1418 2775 actes
1438 2750 1489 2781 qui
1510 2755 1677 2775 concernent
1700 2751 1788 2775 l’estat
1808 2755 1920 2782 present
1941 2754 1973 2776 de
1993 2752 2177 2784 l'b'niversite',

312 2799 370 2821 Ree.
385 2798 452 2827 tht,
469 2797 535 2820 alias
548 2797 604 2822 Vll.
620 2805 646 2827 p.
662 2798 701 2820 35.
714 2810 744 2814 --
759 2797 817 2820 Jam
835 2796 919 2827 April.
937 2796 965 2818 14
979 2795 1144 2818 Universitas
1164 2795 1309 2826 recipiebat
1328 2795 1430 2818 litteras
1448 2795 1542 2818 missus
1560 2804 1570 2818 ((
1590 2804 1604 2818 u
1621 2804 1691 2826 rege,
1708 2796 1839 2826 superiori
1858 2799 1964 2821 nostro¹
1980 2806 1991 2820 »
2020 2798 2116 2829 quibus
2132 2807 2178 2823 rex

312 2842 518 2866 Universitatem
535 2841 666 2870 invitavit,
686 2845 713 2864 ut.
728 2841 918 2864 ambassiatam
934 2840 1048 2863 mitteret
1069 2842 1207 2870 (Auctar.‚
1224 2841 1256 2869 11,
1272 2848 1299 2871 p.
1317 2840 1372 2869 881,
1387 2841 1400 2862 8
1417 2841 1500 2871 sqq.);
1515 2840 1577 2863 Jun.
1593 2841 1606 2863 7
1623 2840 1811 2864 lnstructiones
1827 2849 1875 2872 pro
1891 2842 2054 2866 ambussiata
2069 2843 2094 2866 in
2114 2844 2178 2867 Uni-

313 2887 439 2911 versitate
453 2886 610 2918 legebantur
623 2887 685 2916 (889,
702 2887 736 2916 4).
