2502 3418
391 331 455 364 608
964 340 1293 362 CHARTULARIUM
1331 340 1523 362 uuivssns.
1562 340 1691 361 ramis.
2162 327 2261 365 [1439

477 420 598 452 propter
613 416 721 442 riarum
736 416 907 442 discrimina
923 420 1001 442 tutus
1015 425 1069 442 non
1086 419 1190 452 pateat
1206 424 1349 450 accessus,
1368 415 1520 451 dictusque
1536 415 1646 450 gradus
1663 414 1737 440 inibi
1750 415 1813 441 sine
1829 414 1950 449 magnis,
1970 415 2105 449 gravibus
2121 420 2148 442 et
2167 424 2264 442 exces-

479 466 547 491 sivis
564 466 699 502 expensis
714 474 771 491 non
792 466 935 491 consuevit
955 465 1098 502 adipisci*
1117 474 1143 492 ³».
1158 466 1333 492 Concessum
1349 467 1383 491 ut
1403 465 1514 499 petitur
1528 465 1559 491 in
1575 465 1671 491 studio
1687 465 1799 491 curie...
1817 465 1847 491 C.
1864 465 2035 491 AnmmENs.
2052 480 2085 484 —
2106 466 2170 492 Dat.
2195 466 2262 492 Flo—

479 515 572 542 rentie
586 515 710 549 septimo
726 515 782 541 kal.
799 515 903 545 Martii,
916 522 995 541 anno
1010 516 1120 541 octavo.

1536 559 1610 588 7439.
1626 558 1757 585 Februarii
1767 559 1812 588 23,
1827 558 1977 585 florentiae.

486 605 548 636 Reg.
564 604 658 636 Suppl.
672 604 772 635 Eugen.
787 604 829 633 lv,
841 609 870 627 n⁰
885 605 939 634 346,
955 604 1000 627 sol.
1016 604 1068 627 278.

484 689 508 714 1.
528 689 579 713 Sed
592 689 623 713 de
635 689 684 712 hoc
700 688 779 713 etium
792 692 919 720 quantum
935 689 967 712 ad
981 691 1098 712 caeteras
1115 688 1318 718 Universitutes,
1332 697 1356 712 v.
1373 697 1400 719 g.
1416 688 1585 718 Tolosanum,
1601 688 1840 720 conquerebantur.

393 831 538 868 2529.
565 842 709 866 Statumm
724 838 877 874 facultatis
893 838 1063 873 theologiae,
1079 838 1156 874 quod
1171 838 1307 865 licentiae
1323 839 1352 864 in
1366 837 1450 864 theol.
1467 838 1571 864 dentur
1582 838 1674 864 solum
1689 838 1724 864 de
1739 838 1851 864 biennio
1866 838 1894 864 in
1911 838 2064 864 biennium.

1618 922 1693 951 7439,
1708 921 1799 954 aprilis
1815 921 1852 952 74,
1867 922 1980 948 Parisiis.

480 1011 571 1054 Quia
588 1022 661 1043 non
682 1009 849 1043 obstante
872 1010 1114 1055 quinquennii
1137 1016 1270 1043 statuto
1297 1016 1331 1043 et
1358 1009 1592 1043 roboratione
1612 1010 1702 1043 facta
1731 1022 1796 1054 per
1816 1009 2020 1043 facultatem
2057 1021 2168 1054 super
2196 1009 2264 1043 hoc

392 1078 599 1124 specialiter
619 1077 663 1110 ad
681 1077 910 1110 statuendum
930 1089 1023 1110 anno
1041 1077 1187 1110 Domini
1205 1077 1416 1111 M⁰CCCC0
1432 1077 1619 1110 tricesimo
1641 1077 1769 1122 quinto
1788 1077 1867 1110 vice
1884 1077 1976 1110 trina
1998 1077 2263 1118 convoeatam',

391 1145 501 1190 aliqui
523 1144 691 1177 bacalarii
718 1156 817 1177 suam
841 1144 1106 1189 promotionem
1130 1144 1173 1177 ad
1202 1144 1390 1177 licenciam
1413 1144 1450 1177 in
1472 1144 1565 1177 dicta
1587 1144 1754 1177 facultate
1780 1156 1846 1190 per
1872 1144 2031 1176 medium
2062 1144 2264 1189 principum

394 1219 428 1245 et
449 1212 679 1245 dominorum
701 1224 741 1244 ac
763 1212 869 1244 etiam
905 1211 1163 1244 nonnullarum
1193 1211 1419 1245 dominarum
1451 1211 1685 1252 secularium,
1714 1223 1780 1244 nec
1811 1223 1883 1244 non
1906 1211 2109 1256 aliquorum
2141 1218 2266 1244 nostre

391 1279 572 1313 facultatis
603 1279 876 1324 magistrorum,
912 1286 1156 1324 procurarunt
1184 1286 1264 1312 ante
1295 1286 1439 1324 tempus
1469 1279 1553 1312 anni
1576 1278 1722 1323 jubilei,
1755 1285 1917 1324 tempore
1954 1278 2264 1319 extraordinario3

392 1347 487 1392 quod
518 1352 645 1391 posset
673 1345 765 1379 trahi
792 1346 835 1379 ad
863 1346 1164 1391 consequentiam
1200 1358 1265 1391 pro
1290 1345 1517 1391 temporibus
1556 1346 1701 1387 suturis⁷
1738 1346 1775 1378 in
1805 1346 2062 1379 detrimentum
2103 1345 2203 1378 scole
2233 1351 2269 1378 et

389 1414 542 1447 honoris
558 1413 739 1447 facultatis
761 1426 835 1446 non
860 1413 1056 1455 modicum7
1089 1420 1315 1458 possentque
1343 1425 1386 1446 ex
1413 1413 1548 1446 talibus
1570 1413 1658 1446 oriri
1686 1413 1848 1446 scissure
1877 1419 1912 1446 ct
1941 1413 2144 1446 divisiones
2172 1412 2268 1445 inter

392 1481 586 1527 magistros
608 1487 733 1514 nostre
755 1480 956 1522 sacultatis3
980 1480 1148 1513 volentes
1174 1487 1348 1525 quantum
1376 1480 1412 1513 in
1435 1479 1542 1513 nobis
1571 1486 1627 1513 est
1651 1479 1785 1513 talibus
1807 1479 1970 1521 obviare,
1997 1479 2191 1512 statuimus
2231 1486 2269 1512 et

392 1548 642 1582 ordinavimus
664 1548 762 1593 quod
785 1548 829 1580 de
846 1554 967 1581 cetero
985 1547 1045 1581 fiat
1060 1547 1206 1581 licentia
1228 1548 1265 1580 in
1286 1559 1380 1580 anno
1393 1547 1536 1592 jubileo
1550 1553 1585 1580 et
1602 1559 1674 1580 non
1695 1547 1731 1580 in
1748 1546 1818 1580 alio
1836 1554 2013 1592 tempore,
2032 1558 2106 1579 non
2121 1546 2267 1580 obstan-

392 1615 490 1649 tibus
512 1615 684 1661 precibus
706 1627 1020 1661 quorumcumque
1050 1615 1254 1660 principum
1285 1621 1320 1648 et
1344 1615 1574 1647 dominorum
1597 1614 1674 1648 sive
1697 1614 2027 1647 ecclesiasticorum
2057 1614 2134 1647 sive
2157 1614 2266 1647 laico-

393 1696 485 1725 rum,
508 1683 578 1716 nisi
601 1683 645 1716 de
666 1682 897 1727 beneplacito
919 1689 953 1715 et
979 1682 1163 1715 communi
1183 1694 1337 1715 assensu
1365 1682 1526 1715 omnium
1557 1688 1593 1714 et
1626 1681 1857 1727 singulorum
1889 1681 2142 1727 magistrorum
2171 1681 2266 1714 dicte

394 1758 517 1784 nostre
545 1750 739 1783 facultatis.
772 1750 808 1783 Si
829 1750 912 1795 quis
934 1757 1051 1782 autem
1080 1750 1254 1795 magister
1274 1749 1332 1783 vel
1358 1749 1560 1782 bacalarius
1589 1749 1684 1782 dicte
1709 1748 1889 1782 facultatis
1920 1749 2127 1794 oppositum
2157 1747 2266 1793 hujus

393 1825 517 1851 nostre
539 1817 782 1851 ordinationis
803 1818 1065 1862 procuraverit,
1089 1817 1194 1862 penis
1215 1817 1400 1862 subjaceat
1421 1817 1616 1862 pretaxatis
1638 1817 1675 1849 in
1697 1822 1830 1850 statuto
1852 1816 1896 1849 de
1914 1816 2179 1861 quinquennio.

486 1917 554 1942 Bibl.
570 1919 624 1940 nat.
637 1917 732 1945 Puris..
747 1924 796 1939 ms.
808 1917 854 1941 lat.
867 1917 951 1945 10402,
966 1917 1011 1940 sol.
1025 1916 1060 1945 8¹²,
1074 1919 1134 1948 post
1150 1919 1279 1940 statutum
1293 1916 1324 1939 de
1337 1916 1443 1939 birretis
1457 1924 1499 1940 nn.
1513 1916 1581 1939 1436.
1599 1915 1649 1939 Sed
1661 1916 1694 1939 ad
1710 1924 1752 1939 nn.
1770 1915 1830 1938 1439
1841 1915 1964 1946 pertinet,
1980 1923 2039 1938 nam
2054 1915 2080 1938 in
2096 1915 2156 1939 Lib.
2171 1915 2268 1940 bedelli

392 1962 491 1993 facult.
506 1962 588 1986 theol.
600 1963 658 1992 (ms-
675 1962 720 1985 lat.
739 1962 808 1991 5494,
822 1970 848 1993 p.
866 1962 919 1991 206)
934 1961 1032 1992 legitur
1047 1962 1080 1985 ad
1096 1970 1137 1985 an.
1155 1962 1215 1985 1439
1231 1969 1236 1985 :
1255 1970 1266 1984 (ι
1289 1962 1351 1985 ltem
1368 1970 1416 1993 pro
1440 1969 1490 1984 unu
1510 1964 1604 1992 quartu
1624 1960 1678 1984 vini
1697 1960 1752 1992 xiiij
1770 1960 1878 1992 Aprilis,
1900 1960 2006 1991 quando
2026 1959 2125 1983 domini
2147 1960 2267 1991 deputati

394 2008 499 2030 suerunt
513 2006 667 2038 congregati
684 2014 764 2038 super
779 2006 890 2030 materia
906 2006 1007 2036 statuti,
1021 2014 1053 2029 ne
1066 2006 1158 2030 fierent
1172 2006 1276 2030 licentie
1290 2006 1341 2029 nisi
1355 2006 1386 2029 de
1402 2006 1505 2030 duobus
1523 2005 1599 2029 annis
1612 2005 1638 2029 in
1655 2005 1768 2035 duobus,
1783 2005 1800 2037 ij
1817 2005 1866 2029 sol.
1879 2013 1901 2028 )).
1914 2019 1945 2022 -
1955 2005 2103 2034 Joummuv,
2118 2009 2147 2027 n⁰
2167 2005 2235 2033 1253,
2253 2013 2266 2029 e

394 2053 536 2081 Rmmzmo,
552 2055 570 2075 t.
588 2053 597 2075 1
612 2052 690 2081 (Bibl.
702 2055 755 2075 nat.
771 2051 864 2080 Paris„
882 2060 931 2075 ms.
948 2052 994 2074 lat.
1011 2052 1082 2081 9943,
1100 2052 1145 2075 fol.
1162 2052 1216 2083 212)
1228 2052 1260 2074 ad
1276 2060 1320 2074 an.
1333 2052 1403 2075 1436,

489 2133 511 2156 1.
525 2133 583 2157 vid.
600 2141 682 2164 supra
698 2137 727 2156 n⁰
742 2133 812 2156 2472.

396 2261 540 2298 2530.
563 2269 718 2296 Licentiati
733 2270 762 2295 in
777 2269 920 2304 facultate
936 2269 1108 2304 theologiae.

1657 2321 1732 2350 1439.
1748 2322 1816 2347 Junii
1829 2321 1847 2351 1,
1864 2321 1980 2347 Parisii&

486 2410 637 2443 Nomina
655 2410 927 2444 licenciatorum
949 2423 1043 2443 anno
1065 2411 1207 2444 0000ο
1222 2412 1389 2452 XXXIX,
1408 2410 1467 2443 die
1489 2410 1603 2455 prima
1625 2410 1762 2443 mensis
1782 2410 1880 2443 Junii
1904 2421 1911 2442 ε

487 2511 561 2536 Frat.
578 2510 719 2536 Martinus
733 2510 769 2536 de
783 2509 1005 2544 Trespadcrne⁴‚
1022 2510 1091 2536 Ord.
1103 2510 1173 2536 Min.
1434 2510 1509 2535 Frat.
1524 2510 1672 2535 Johannes
1687 2509 1722 2535 dc
1739 2509 1843 2535 Sancto
1856 2508 1966 2538 Petro⁴‚
1984 2509 2053 2535 Ord.
2071 2508 2186 2534 Cisterc.

503 2574 538 2578 —
575 2559 723 2585 Johannes
737 2558 883 2589 Menerii2.
897 2559 967 2585 Ord.
982 2559 1106 2586 Carmel.
1454 2574 1487 2577 —
1525 2559 1672 2585 Johannes
1685 2558 1720 2585 de
1736 2559 1822 2584 Curia
1829 2558 1849 2588 ⁵,
1867 2558 1936 2585 Ord.
1953 2558 2076 2590 August.

485 2609 557 2641 Mag.
575 2609 682 2635 Paulus
697 2608 859 2643 Nicholayss.
1963 2607 1965 2609 ’
2174 2606 2212 2639 [5]
2258 2642 2261 2645 ,

492 2697 560 2720 Bihl.
576 2700 630 2720 nat..
646 2697 741 2726 Paris..
757 2705 807 2721 ms.
820 2697 867 2720 lat.
883 2697 953 2727 5494,
968 2706 995 2728 p.
1012 2698 1066 2720 202.
1081 2710 1112 2715 —
1125 2697 1172 2722 Ms.
1188 2697 1235 2721 lat.
1251 2698 1334 2727 5657⁸‚
1352 2697 1396 2720 sol.
1413 2697 1452 2720 19.

493 2780 517 2804 1.
534 2780 659 2811 Magister
672 2780 763 2804 Octob.
779 2781 808 2803 19
829 2782 888 2810 (ms.
907 2781 954 2805 lat.
976 2782 1058 2810 5657=²‚
1076 2782 1122 2805 sol.
1139 2782 1187 2812 19).
1204 2795 1230 2799 ——
1247 2781 1271 2806 2.
1290 2782 1360 2813 Mag.
1380 2790 1422 2805 an.
1439 2781 1509 2811 1440,
1523 2781 1600 2805 Febr.
1617 2782 1646 2805 ‘23
1663 2781 1759 2813 (ibid.).
1775 2795 1803 2800 —
1819 2780 1845 2806 3.
1862 2781 2005 2812 Postquam
2021 2778 2143 2802 omnibus
2159 2786 2266 2810 proces-

401 2824 474 2847 sibus
490 2825 695 2854 renuntiuverut,
712 2828 737 2848 et.
752 2828 780 2848 ut
795 2825 821 2848 in
836 2825 1015 2849 Universimte
1030 2826 1193 2858 reciperetur
1207 2826 1348 2857 petiverat,
1367 2826 1480 2850 facultas
1498 2826 1590 2849 annuit
1609 2826 1632 2850 ei
1652 2826 1786 2850 licentiam
1806 2826 1878 2848 dare.
1896 2825 1955 2848 Vid.
1972 2826 2103 2858 Auctor„
2119 2824 2152 2853 Π,
2166 2831 2192 2854 p.
2211 2824 2265 2860 5⁴⁰9}

402 2869 430 2891 17
447 2877 515 2900 sqq„
532 2870 561 2892 36
577 2878 634 2900 sqq.
650 2883 680 2886 —
692 2870 717 2894 4.
736 2878 746 2892 (ι
763 2870 833 2901 Mag.
849 2870 982 2893 Johannes
1001 2871 1032 2894 de
1047 2871 1072 2894 S.
1094 2871 1180 2900 Petro,
1196 2871 1280 2894 abbas
1296 2871 1368 2894 dela
1387 2871 1472 2900 Ferte,
1489 2871 1538 2894 suit
1553 2870 1681 2902 magister
1696 2879 1745 2894 xxv
1765 2870 1838 2893 Junii
1854 2871 1905 2899 (an.
1926 2869 1995 2899 1439)
2015 2868 2070 2891 sine
2089 2859 2236 2899 prejudicio
2253 2877 2266 2888 »

403 2915 462 2943 (ms.
478 2913 523 2937 lat.
539 2914 607 2943 5494,
624 2922 650 2944 p.
664 2914 728 2943 202).
744 2928 774 2931 —
789 2914 813 2939 5.
829 2914 957 2946 Magister
971 2923 1012 2938 an.
1031 2916 1099 2944 1439,
1117 2916 1211 2939 Octob.
1228 2916 1258 2939 26
1274 2917 1334 2945 (ωε.
1349 2916 1397 2940 lat.
1413 2917 1495 2944 5657·‚
1514 2916 1559 2939 fol.
1575 2915 1623 2945 19).
