2502 3418
387 300 449 330 12ss
963 307 1281 329 ana'rULAmUM
1317 306 1507 328 UN1VEus.
1544 306 1673 327 rmus.
2149 291 2249 327 [1403

390 442 528 479 1800.
552 452 723 477 Benedictus
746 453 820 476 XIII
835 451 1009 477 cancellario
1031 451 1126 476 Paris.
1149 451 1279 485 injungit,
1303 454 1333 475 ut
1361 449 1508 476 Guillelmo
1530 449 1688 483 Boticotlffl,
1715 448 1781 474 ord.
1804 448 1922 482 praed„
1946 448 1996 483 qui
2016 448 2135 482 logicae,
2156 448 2249 484 philo-

471 501 591 537 sophiae
614 505 640 526 et
663 501 823 535 theologiae
845 509 897 536 per
919 500 1013 525 decem
1036 509 1127 525 annos
1146 499 1265 533 studuit,
1292 499 1413 533 logicam
1441 503 1468 525 et
1488 498 1702 534 philosophiam
1723 506 1775 533 per
1797 501 1854 523 tres
1877 506 1978 531 annos,
2000 497 2172 532 theologiam
2196 507 2250 534 per

472 559 565 575 novem
589 559 679 575 annos
700 550 727 575 in
750 549 880 574 domibus
906 549 973 574 ord.
997 548 1073 582 legit,
1099 552 1126 574 et
1148 549 1176 573 in
1200 548 1281 573 domo
1304 548 1504 582 Andegawensi
1524 547 1612 573 lector
1629 546 1802 583 principalis
1826 547 1891 580 suit,
1912 547 1940 572 in
1958 547 2090 582 proximo
2116 546 2250 572 aestivali

473 602 596 634 tempore
616 599 644 623 in
663 599 761 634 parvis
782 597 887 623 scholis
905 599 932 623 S.
955 597 1075 622 Thomue
1091 597 1190 622 domus
1209 596 1312 622 Praed.
1334 596 1428 622 Paris.
1446 596 1591 621 licentiam
1608 595 1721 629 legendi
1744 595 1847 620 librum
1865 595 2076 620 Sententiarum
2092 595 2246 629 largiatur.

472 648 537 673 Dat.
554 648 668 673 Sallonc
681 648 837 673 Arelatens.
853 647 927 673 dioc.
942 647 998 672 kal.
1014 647 1162 675 Novemb..
1177 654 1255 672 anno
1270 645 1393 672 decimo.
1413 656 1426 669 «
1444 646 1519 671 Cum
1536 653 1613 671 sacre
1628 645 1759 671 lectIonis
1775 655 1799 670 ».

1591 735 1665 764 1403,
1683 734 1799 760 Movemb.
1819 734 1837 763 1,
1855 734 1963 759 Sauone.

479 772 540 802 ch.
557 773 636 794 Aven.
651 771 746 794 Bcned.
764 771 830 797 XIII,
845 771 894 793 voli
913 771 1020 798 XXXIX,
1039 770 1162 794 Iol.'181¹‘.

480 855 501 878 1.
519 855 554 878 Ad
568 864 608 878 nn,
628 856 687 877 1510
703 855 821 885 aliasque
837 858 945 877 vot-atur
961 864 971 876 «
988 854 1115 876 monticuli
1132 862 1152 877 7».
1171 864 1179 874 n
1201 854 1315 876 llontitot
1330 863 1349 880 ιι,
1368 863 1376 872 ν
1398 853 1534 875 lloutirrlli
1550 862 1571 876 ›1-

391 1049 530 1085 1801.
554 1058 725 1083 Benedictus
741 1059 814 1082 XIII
823 1057 942 1092 paroch.
960 1056 1059 1082 eccles.
1077 1059 1103 1082 S.
1121 1056 1259 1082 Johannis
1274 1056 1309 1081 de
1326 1056 1428 1081 Gravia
1447 1056 1540 1082 Paris.
1556 1055 1751 1081 cancellariae
1767 1055 1865 1081 eccles.
1884 1055 1979 1081 Paris.
1998 1056 2059 1081 unit
2075 1059 2103 1081 et
2118 1055 2251 1091 incorpo-

476 1111 530 1141 rat,
556 1107 597 1132 ita
618 1110 647 1132 ut
666 1106 692 1131 si
715 1108 857 1131 Gai-uerus
883 1107 1013 1139 (ἔαρι-ουτ,
1035 1114 1174 1141 praesens
1194 1109 1285 1130 rector
1306 1105 1402 1130 dictae
1424 1104 1563 1130 ecclesiae
1583 1105 1646 1139 (qui
1668 1104 1815 1139 resignare
1838 1104 1969 1139 intendit,
1992 1108 2023 1129 ut
2043 1104 2108 1130 unio
2129 1104 2251 1130 celerias

474 1156 613 1181 sortiatur
624 1156 775 1190 effectum),
791 1155 875 1180 cedat
892 1154 932 1180 vel
944 1154 1073 1187 decedat,
1087 1154 1230 1180 lohannes
1245 1154 1279 1179 de
1294 1155 1423 1187 Ger-sono,
1440 1154 1633 1179 cancellarius
1648 1153 1688 1179 vel
1703 1155 1764 1188 ejus
1776 1162 1956 1179 successores
1970 1153 2096 1188 ejusdem
2112 1153 2251 1180 ecclesiae

472 1205 680 1240 possessionem
707 1204 837 1240 accipere
857 1205 977 1239 possint.
1001 1205 1065 1230 Dat⁴
1088 1204 1166 1237 apud
1188 1204 1214 1229 Si
1238 1204 1382 1230 Victorem
1402 1211 1491 1237 prope
1515 1203 1667 1229 Massiliam
1689 1203 1747 1237 xiiij
1773 1203 1830 1229 kal.
1854 1203 2001 1233 Decemb..
2023 1211 2102 1229 anno
2123 1203 2248 1229 decimo.

476 1265 489 1278 a
505 1253 599 1286 Exigit
614 1254 776 1280 devotionis
789 1264 813 1279 n.

1544 1289 1618 1318 1403,
1635 1288 1749 1314 unemlz.
1769 1289 1808 1318 18,
1824 1288 1962 1314 Massiliae.

478 1391 540 1421 Reg.
557 1391 636 1414 Aven.
660 1391 756 1414 Bened.
773 1391 839 1420 XIII,
857 1391 908 1414 vol.
932 1391 1041 1419 XXXIX,
1063 1391 1106 1414 rol.
1127 1392 1180 1413 373.
1199 1390 1248 1413 Sed
1270 1390 1355 1413 solum
1378 1390 1505 1418 an.1408,
1528 1389 1604 1413 Febr.
1627 1390 1664 1418 19,
1687 1389 1843 1413 Benedictus
1865 1389 1923 1413 XIII
1944 1389 1967 1413 ei
1987 1390 2019 1413 de
2038 1390 2108 1414 dicta
2130 1390 2250 1420 ecclesia,

385 1436 507 1458 defuncto
523 1435 639 1459 Garnero
655 1436 780 1463 Gucrout,
797 1435 914 1466 providit
929 1436 1001 1466 (Rng.
1024 1436 1114 1463 Aven„
1130 1435 1183 1458 vol.
1201 1435 1255 1465 Lll,
1272 1435 1315 1458 sol.
1333 1435 1396 1464 175).
1411 1435 1551 1465 Hucusque
1567 1434 1735 1465 ignorabant,
1751 1434 1854 1465 quando
1876 1434 1936 1458 Joh.
1953 1434 2054 1459 Gerson
2069 1438 2156 1458 rector
2174 1435 2252 1459 istius

384 1480 509 1503 ecclesiae
523 1481 606 1503 sactus
623 1484 701 1503 esset.
717 1480 775 1503 Vid.
793 1481 916 1509 Scnwtm,
932 1481 1073 1504 Jolzcmnes
1090 1480 1204 1508 Gerson,
1218 1488 1244 1510 p.
1261 1480 1314 1508 223,
1332 1483 1385 1503 not.
1401 1480 1423 1503 2.
1438 1481 1485 1502 An.
1503 1479 1574 1511 1410,
1592 1479 1645 1502 Jul.
1666 1479 1703 1507 211,
1720 1479 1853 1502 Johuunes
1867 1480 1948 1503 XXIII
1964 1488 2022 1503 cum
2041 1480 2069 1512 jn
2083 1480 2253 1511 possessione

385 1525 526 1547 decanatus
551 1525 576 1547 S.
600 1524 738 1547 Donatiani
754 1525 883 1555 Brugens.
900 1528 925 1547 ct
939 1525 1001 1547 eccl.
1019 1525 1045 1547 S.
1061 1524 1190 1547 Johannis
1206 1524 1232 1547 in
1247 1524 1345 1548 Gravia
1367 1523 1540 1552 confirmavit,
1562 1532 1621 1547 cum
1642 1524 1796 1547 molestatus
1814 1524 1907 1548 fuisset
1922 1525 1995 1555 (Βεζ-
2011 1524 2068 1548 Lat.
2084 1524 2143 1548 Joh.
2160 1525 2252 1554 XXIII,

385 1573 414 1592 no
430 1569 483 1599 145,
501 1570 545 1593 sol.
560 1570 624 1599 260).

392 1723 532 1760 1802.
556 1741 571 1758 ⁴(
589 1734 713 1768 Sequens
730 1733 895 1767 informatio
916 1733 1100 1759 librariorum
1116 1734 1279 1768 juratorum
1306 1733 1506 1759 Universitatis
1521 1734 1698 1759 Parisiensis
1717 1742 1753 1759 ex
1768 1733 1950 1759 ordinatione
1967 1733 2093 1769 ejusdem
2114 1733 2253 1759 Universi-

477 1782 545 1807 latis
568 1784 651 1816 facta
675 1791 750 1808 anno
772 1783 886 1808 Domini
908 1783 985 1815 1403,
1009 1782 1056 1808 die
1080 1783 1250 1809 duodecima
1275 1783 1448 1814 Decembris,
1470 1783 1554 1809 debet
1577 1783 1634 1818 legi
1656 1783 1699 1809 bis
1719 1792 1794 1809 anno
1817 1782 1952 1819 quolibet,
1976 1782 2105 1809 videlicet
2127 1783 2155 1809 in
2176 1784 2251 1818 festo

478 1832 606 1856 Omnium
623 1834 789 1856 »Sanctorum
804 1835 870 1867 post
893 1831 1074 1857 collationem
1089 1832 1218 1861 rectoris,
1236 1836 1262 1857 et
1284 1832 1311 1857 in
1329 1832 1376 1858 die
1392 1832 1535 1858 dominica
1551 1836 1618 1858 ante
1638 1832 1855 1868 carnisprivium
1877 1841 1939 1858 cum
1958 1832 2027 1858 ali1's
2045 1841 2099 1868 que
2116 1831 2209 1858 solent
2223 1832 2251 1858 in

476 1879 535 1905 illis
551 1880 652 1906 diebus
667 1880 732 1915 legi.
748 1890 762 1905 ›>

1566 1918 1640 1947 1403,
1658 1917 1773 1943 Decemb.
1792 1918 1829 1947 12,
1849 1917 1963 1943 Parisiis.

1031 2033 1046 2049 «
1073 2019 1284 2052 ,lm-amenta
1310 2019 1562 2052 librariorum.
1592 2028 1607 2049 >5

477 2116 527 2147 Ex
548 2115 777 2148 ordinatione
795 2116 1051 2149 Universitatis
1073 2117 1291 2149 Parisiensis
1312 2117 1355 2149 ad
1377 2129 1603 2150 communem
1627 2117 1817 2150 utilitatem
1840 2117 2096 2163 magistrorum
2119 2124 2155 2150 et
2175 2129 2251 2150 sco-

387 2181 514 2214 larium
535 2182 698 2226 ejusdem
723 2182 813 2215 facta
834 2195 928 2215 anno
958 2183 1103 2215 Domini
1133 2185 1183 2216 M⁰
1196 2184 1333 2218 CCCC⁰
1360 2185 1477 2226 tertio,
1503 2184 1562 2217 die
1583 2185 1629 2229 xij
1652 2185 1878 2226 Decembris,
1901 2184 2056 2230 quilibet
2079 2184 2250 2217 librarius

386 2255 574 2293 antequam
597 2249 634 2280 111
655 2260 695 2281 ea
716 2249 759 2281 ad
780 2250 935 2282 ossicium
958 2249 1165 2283 librariatus
1192 2251 1399 2284 admittatur
1419 2252 1476 2285 vel
1508 2252 1715 2297 recipiatur,
1743 2252 1845 2285 tactis
1875 2251 2116 2285 sacrosanctis
2143 2263 2251 2284 evan-

386 2315 493 2359 geliis
524 2315 712 2360 sequentia
740 2315 877 2360 jurabit
911 2316 947 2348 111
978 2317 1265 2362 congregatione
1295 2318 1458 2363 generali
1491 2319 1608 2363 ipsius
1639 2319 1895 2352 Universitatis
1925 2325 1984 2351 aut
2015 2318 2052 2351 in
2083 2317 2250 2351 manibus

387 2382 552 2414 rectoris.

476 2449 608 2491 Primo,
626 2449 723 2494 quod
740 2450 831 2482 infra
848 2457 929 2482 octo
947 2450 1025 2483 dies
1043 2458 1125 2495 post
1141 2452 1386 2496 receptionem
1405 2464 1504 2485 suam
1523 2453 1622 2486 dabit
1637 2453 1838 2486 cautionem
1858 2453 2033 2498 burgenS.
2051 2452 2248 2485 Parisiens.

387 2516 430 2548 (le
451 2516 617 2549 ducentis
638 2516 743 2549 libris
765 2517 973 2561 parisiens.7
997 2518 1027 2550 si
1049 2517 1096 2550 sit
1116 2530 1210 2551 unus
1232 2518 1276 2551 de
1297 2526 1451 2563 quatuor
1471 2520 1734 2565 principalibus
1756 2520 1928 2561 librariis,
1946 2519 2003 2552 vel
2025 2519 2069 2552 de
2090 2526 2248 2561 centum,

387 2582 418 2614 si
439 2583 485 2615 sit
505 2595 599 2616 unus
617 2583 661 2616 de
678 2583 798 2616 minus
820 2583 1096 2629 principalibus,
1115 2597 1220 2629 quam
1242 2586 1446 2618 cautionem
1468 2578 1498 2619 si
1520 2578 1704 2632 contingat
1726 2587 1846 2632 perire
1862 2586 1920 2620 vel
1936 2587 2056 2619 minus
2072 2586 2249 2631 ydoneam

387 2649 464 2681 fieri
486 2661 549 2693 per
565 2650 621 2682 sui
643 2650 874 2694 fidejussoris
894 2658 1061 2693 mortem,
1083 2664 1193 2696 grave
1210 2652 1448 2685 infortunium
1466 2653 1522 2686 vel
1543 2653 1643 2695 alias,
1662 2653 1730 2686 hoc
1753 2653 1927 2687 revelabit
1945 2653 2078 2686 rectori
2095 2652 2250 2686 Univer-

387 2716 502 2748 sitatis
523 2723 606 2748 tunc
628 2717 797 2749 existenti
818 2717 909 2750 insra
931 2724 1011 2750 octo
1034 2718 1112 2751 dies
1134 2726 1323 2763 postquam
1346 2720 1437 2752 illud
1462 2720 1505 2753 ad
1531 2732 1631 2753 suam
1658 2721 1826 2754 noticiam
1849 2720 2068 2766 pervenerit,
2095 2726 2131 2753 et
2157 2719 2249 2752 infra

388 2782 481 2814 idem
504 2789 644 2827 teinpus
665 2783 709 2815 de
736 2783 845 2816 simili
866 2785 1032 2817 cautione
1048 2786 1149 2829 juxta
1176 2798 1275 2819 suam
1298 2786 1577 2831 possibilitatem
1604 2787 1674 2820 sihi
1695 2788 1913 2832 providebit.

478 2851 563 2881 Item
587 2850 682 2893 quod
704 2850 794 2883 insra
816 2851 910 2884 idem
938 2858 1080 2896 teinpus
1101 2852 1249 2886 habebit
1269 2865 1374 2886 unam
1398 2853 1553 2886 tabulam
1574 2854 1618 2887 de
1639 2867 1860 2900 pergameno
1882 2855 1918 2887 111
1939 2854 2121 2887 communi
2142 2866 2250 2899 repo—
