<?xml version="1.0" encoding="UTF-8"?>
<!DOCTYPE html PUBLIC "-//W3C//DTD XHTML 1.0 Transitional//EN"
    "http://www.w3.org/TR/xhtml1/DTD/xhtml1-transitional.dtd">
<html xmlns="http://www.w3.org/1999/xhtml" xml:lang="en" lang="en">
 <head>
  <title>
</title>
<meta http-equiv="Content-Type" content="text/html;charset=utf-8" />
  <meta name='ocr-system' content='tesseract 3.04.00' />
  <meta name='ocr-capabilities' content='ocr_page ocr_carea ocr_par ocr_line ocrx_word'/>
</head>
<body>
  <div class='ocr_page' id='page_1' title='image "./chartulariumuniv04univuoft_0312.png"; bbox 0 0 2502 3418; ppageno 0'>
   <div class='ocr_carea' id='block_1_1' title="bbox 393 325 2264 371">
    <p class='ocr_par' dir='ltr' id='par_1_1' title="bbox 393 325 2264 371">
     <span class='ocr_line' id='line_1_1' title="bbox 393 325 2264 371; baseline -0.006 0"><span class='ocrx_word' id='word_1_1' title='bbox 393 338 459 371; x_wconf 87' lang='lat'><em>268</em></span> <span class='ocrx_word' id='word_1_2' title='bbox 973 344 1292 367; x_wconf 70' lang='lat' dir='ltr'>CHARTULARIUM</span> <span class='ocrx_word' id='word_1_3' title='bbox 1327 342 1518 365; x_wconf 69' lang='lat' dir='ltr'><em>umvnas.</em></span> <span class='ocrx_word' id='word_1_4' title='bbox 1555 341 1685 363; x_wconf 72' lang='lat' dir='ltr'>PARIS-</span> <span class='ocrx_word' id='word_1_5' title='bbox 2164 325 2264 362; x_wconf 89' lang='lat'><strong>[1413</strong></span> 
     </span>
    </p>
   </div>
   <div class='ocr_carea' id='block_1_2' title="bbox 401 462 2270 654">
    <p class='ocr_par' dir='ltr' id='par_1_2' title="bbox 401 462 2270 654">
     <span class='ocr_line' id='line_1_2' title="bbox 401 462 2266 505; baseline -0.006 -6"><span class='ocrx_word' id='word_1_6' title='bbox 401 463 542 500; x_wconf 79' lang='grc'><strong>1996.</strong></span> <span class='ocrx_word' id='word_1_7' title='bbox 568 473 634 498; x_wconf 86' lang='lat' dir='ltr'><em>Cum</em></span> <span class='ocrx_word' id='word_1_8' title='bbox 649 471 730 497; x_wconf 84' lang='lat' dir='ltr'><em>card.</em></span> <span class='ocrx_word' id='word_1_9' title='bbox 747 471 875 497; x_wconf 86' lang='lat' dir='ltr'><em>Pisanus</em></span> <span class='ocrx_word' id='word_1_10' title='bbox 890 471 1080 504; x_wconf 83' lang='lat' dir='ltr'><em>Alamannus,</em></span> <span class='ocrx_word' id='word_1_11' title='bbox 1099 470 1213 505; x_wconf 81' lang='lat' dir='ltr'><em>legatus</em></span> <span class='ocrx_word' id='word_1_12' title='bbox 1235 469 1263 495; x_wconf 87' lang='lat' dir='ltr'><em>in</em></span> <span class='ocrx_word' id='word_1_13' title='bbox 1283 468 1416 501; x_wconf 84' lang='lat' dir='ltr'><em>Francia,</em></span> <span class='ocrx_word' id='word_1_14' title='bbox 1433 471 1499 504; x_wconf 80' lang='lat' dir='ltr'><em>post</em></span> <span class='ocrx_word' id='word_1_15' title='bbox 1513 475 1596 493; x_wconf 86' lang='lat' dir='ltr'><em>suum</em></span> <span class='ocrx_word' id='word_1_16' title='bbox 1610 464 1775 492; x_wconf 78' lang='lat' dir='ltr'><em>adventum⁴</em></span> <span class='ocrx_word' id='word_1_17' title='bbox 1793 464 1903 490; x_wconf 83' lang='lat' dir='ltr'><em>nullum</em></span> <span class='ocrx_word' id='word_1_18' title='bbox 1920 462 2076 490; x_wconf 81' lang='lat' dir='ltr'><em>remedium</em></span> <span class='ocrx_word' id='word_1_19' title='bbox 2091 462 2189 499; x_wconf 87' lang='lat' dir='ltr'><em>quoad</em></span> <span class='ocrx_word' id='word_1_20' title='bbox 2205 462 2266 489; x_wconf 91' lang='lat' dir='ltr'><em>col—</em></span> 
     </span>
     <span class='ocr_line' id='line_1_3' title="bbox 483 511 2270 555; baseline -0.006 -8"><span class='ocrx_word' id='word_1_21' title='bbox 483 521 619 547; x_wconf 83' lang='lat' dir='ltr'><em>lationem</em></span> <span class='ocrx_word' id='word_1_22' title='bbox 648 520 850 555; x_wconf 82' lang='lat' dir='ltr'><em>beneficiorum</em></span> <span class='ocrx_word' id='word_1_23' title='bbox 874 519 1030 553; x_wconf 81' lang='lat' dir='ltr'><em>attulisset,</em></span> <span class='ocrx_word' id='word_1_24' title='bbox 1056 527 1152 545; x_wconf 86' lang='lat' dir='ltr'><em>mense</em></span> <span class='ocrx_word' id='word_1_25' title='bbox 1171 517 1302 544; x_wconf 84' lang='lat' dir='ltr'><em>Decemb.</em></span> <span class='ocrx_word' id='word_1_26' title='bbox 1326 517 1407 543; x_wconf 85' lang='lat' dir='ltr'><em>curia</em></span> <span class='ocrx_word' id='word_1_27' title='bbox 1421 515 1608 553; x_wconf 78' lang='lat' dir='ltr'><em>parlamenti,</em></span> <span class='ocrx_word' id='word_1_28' title='bbox 1626 524 1644 540; x_wconf 90' lang='lat' dir='ltr'><em>a</em></span> <span class='ocrx_word' id='word_1_29' title='bbox 1665 523 1730 549; x_wconf 79' lang='lat' dir='ltr'><em>rege</em></span> <span class='ocrx_word' id='word_1_30' title='bbox 1745 514 1862 547; x_wconf 87' lang='lat' dir='ltr'><em>monita,</em></span> <span class='ocrx_word' id='word_1_31' title='bbox 1884 521 1946 538; x_wconf 87' lang='lat' dir='ltr'><em>cum</em></span> <span class='ocrx_word' id='word_1_32' title='bbox 1965 512 2063 538; x_wconf 83' lang='lat' dir='ltr'><em>multis</em></span> <span class='ocrx_word' id='word_1_33' title='bbox 2076 511 2222 549; x_wconf 82' lang='lat' dir='ltr'><em>praelatis</em></span> <span class='ocrx_word' id='word_1_34' title='bbox 2242 515 2270 538; x_wconf 80' lang='lat' dir='ltr'><em>et</em></span> 
     </span>
     <span class='ocr_line' id='line_1_4' title="bbox 484 560 2269 605; baseline -0.005 -9"><span class='ocrx_word' id='word_1_35' title='bbox 484 569 632 605; x_wconf 77' lang='lat' dir='ltr'><em>magistris</em></span> <span class='ocrx_word' id='word_1_36' title='bbox 653 570 851 595; x_wconf 79' lang='lat' dir='ltr'><em>Universitatis</em></span> <span class='ocrx_word' id='word_1_37' title='bbox 867 569 980 603; x_wconf 82' lang='lat' dir='ltr'><em>statuit,</em></span> <span class='ocrx_word' id='word_1_38' title='bbox 999 573 1030 594; x_wconf 92' lang='lat' dir='ltr'><em>ut</em></span> <span class='ocrx_word' id='word_1_39' title='bbox 1054 567 1199 594; x_wconf 84' lang='lat' dir='ltr'><em>ordinatio</em></span> <span class='ocrx_word' id='word_1_40' title='bbox 1215 575 1264 592; x_wconf 88' lang='lat' dir='ltr'><em>an.</em></span> <span class='ocrx_word' id='word_1_41' title='bbox 1279 567 1358 600; x_wconf 76' lang='lat'><strong>1407,</strong></span> <span class='ocrx_word' id='word_1_42' title='bbox 1376 565 1458 591; x_wconf 84' lang='lat' dir='ltr'><em>Febr.</em></span> <span class='ocrx_word' id='word_1_43' title='bbox 1472 566 1515 599; x_wconf 87' lang='lat'><em>18,</em></span> <span class='ocrx_word' id='word_1_44' title='bbox 1534 563 1632 600; x_wconf 87' lang='lat' dir='ltr'><em>quoad</em></span> <span class='ocrx_word' id='word_1_45' title='bbox 1646 563 1828 590; x_wconf 85' lang='lat' dir='ltr'><em>collationem</em></span> <span class='ocrx_word' id='word_1_46' title='bbox 1844 561 2043 596; x_wconf 87' lang='lat' dir='ltr'><em>beneficiorum</em></span> <span class='ocrx_word' id='word_1_47' title='bbox 2058 561 2157 588; x_wconf 86' lang='lat' dir='ltr'><em>stricte</em></span> <span class='ocrx_word' id='word_1_48' title='bbox 2171 560 2269 587; x_wconf 80' lang='lat' dir='ltr'><em>obser-</em></span> 
     </span>
     <span class='ocr_line' id='line_1_5' title="bbox 485 613 1722 654; baseline -0.005 -10"><span class='ocrx_word' id='word_1_49' title='bbox 485 623 571 645; x_wconf 80' lang='lat' dir='ltr'><em>vetur.</em></span> <span class='ocrx_word' id='word_1_50' title='bbox 586 620 655 644; x_wconf 88' lang='lat' dir='ltr'><em>Item</em></span> <span class='ocrx_word' id='word_1_51' title='bbox 671 618 850 654; x_wconf 77' lang='lat' dir='ltr'><em>prohibetur,</em></span> <span class='ocrx_word' id='word_1_52' title='bbox 866 626 901 644; x_wconf 86' lang='lat' dir='ltr'><em>ne</em></span> <span class='ocrx_word' id='word_1_53' title='bbox 916 621 1065 652; x_wconf 79' lang='lat' dir='ltr'><em>argentum</em></span> <span class='ocrx_word' id='word_1_54' title='bbox 1078 625 1132 653; x_wconf 83' lang='lat' dir='ltr'><em>pro</em></span> <span class='ocrx_word' id='word_1_55' title='bbox 1149 615 1296 650; x_wconf 84' lang='lat' dir='ltr'><em>beneficiis</em></span> <span class='ocrx_word' id='word_1_56' title='bbox 1310 614 1350 640; x_wconf 88' lang='lat' dir='ltr'><em>ad</em></span> <span class='ocrx_word' id='word_1_57' title='bbox 1365 613 1473 640; x_wconf 85' lang='lat' dir='ltr'><em>curiam</em></span> <span class='ocrx_word' id='word_1_58' title='bbox 1489 613 1569 639; x_wconf 84' lang='lat' dir='ltr'><em>Rom.</em></span> <span class='ocrx_word' id='word_1_59' title='bbox 1583 616 1722 649; x_wconf 84' lang='lat' dir='ltr'><em>portetur.</em></span> 
     </span>
    </p>
   </div>
   <div class='ocr_carea' id='block_1_3' title="bbox 1641 702 1982 731">
    <p class='ocr_par' dir='ltr' id='par_1_3' title="bbox 1641 702 1982 731">
     <span class='ocr_line' id='line_1_6' title="bbox 1641 702 1982 731; baseline -0.003 -3"><span class='ocrx_word' id='word_1_60' title='bbox 1641 702 1713 731; x_wconf 76' lang='lat'><strong><em>1413,</em></strong></span> <span class='ocrx_word' id='word_1_61' title='bbox 1728 702 1852 731; x_wconf 76' lang='lat' dir='ltr'><em>oecemb..</em></span> <span class='ocrx_word' id='word_1_62' title='bbox 1867 702 1982 728; x_wconf 79' lang='lat' dir='ltr'><em>Parisiis.</em></span> 
     </span>
    </p>
   </div>
   <div class='ocr_carea' id='block_1_4' title="bbox 396 788 2271 1135">
    <p class='ocr_par' dir='ltr' id='par_1_4' title="bbox 396 788 2271 1135">
     <span class='ocr_line' id='line_1_7' title="bbox 489 788 2269 824; baseline -0.004 -4"><span class='ocrx_word' id='word_1_63' title='bbox 489 797 567 820; x_wconf 81' lang='lat' dir='ltr'><em>Arcti.</em></span> <span class='ocrx_word' id='word_1_64' title='bbox 584 800 637 820; x_wconf 83' lang='lat' dir='ltr'><em>nat.</em></span> <span class='ocrx_word' id='word_1_65' title='bbox 654 796 748 824; x_wconf 60' lang='lat' dir='ltr'><em>Paris„</em></span> <span class='ocrx_word' id='word_1_66' title='bbox 770 796 816 818; x_wconf 69' lang='lat' dir='ltr'><em>X¹³</em></span> <span class='ocrx_word' id='word_1_67' title='bbox 834 796 904 824; x_wconf 81' lang='lat'><strong>1480,</strong></span> <span class='ocrx_word' id='word_1_68' title='bbox 922 795 967 817; x_wconf 82' lang='lat' dir='ltr'><em>sol.</em></span> <span class='ocrx_word' id='word_1_69' title='bbox 984 794 1029 816; x_wconf 75' lang='lat'><em>124</em></span> <span class='ocrx_word' id='word_1_70' title='bbox 1044 793 1087 822; x_wconf 87' lang='lat' dir='ltr'><em>(ad</em></span> <span class='ocrx_word' id='word_1_71' title='bbox 1111 801 1154 816; x_wconf 84' lang='lat' dir='ltr'><em>an.</em></span> <span class='ocrx_word' id='word_1_72' title='bbox 1169 792 1250 821; x_wconf 73' lang='lat'><strong>1418).</strong></span> <span class='ocrx_word' id='word_1_73' title='bbox 1266 792 1344 823; x_wconf 54' lang='lat' dir='ltr'><em>Bur„</em></span> <span class='ocrx_word' id='word_1_74' title='bbox 1358 791 1388 820; x_wconf 86' lang='lat' dir='ltr'><em>V,</em></span> <span class='ocrx_word' id='word_1_75' title='bbox 1404 791 1449 814; x_wconf 82' lang='lat'><em>318</em></span> <span class='ocrx_word' id='word_1_76' title='bbox 1465 798 1514 823; x_wconf 63' lang='lat' dir='ltr'><em>sq„</em></span> <span class='ocrx_word' id='word_1_77' title='bbox 1530 791 1586 815; x_wconf 77' lang='lat'><em>325.</em></span> <span class='ocrx_word' id='word_1_78' title='bbox 1599 804 1631 808; x_wconf 92' lang='lat'>—</span> <span class='ocrx_word' id='word_1_79' title='bbox 1649 791 1681 814; x_wconf 84' lang='lat' dir='ltr'><em>Ut</em></span> <span class='ocrx_word' id='word_1_80' title='bbox 1695 790 1722 814; x_wconf 90' lang='lat' dir='ltr'><em>in</em></span> <span class='ocrx_word' id='word_1_81' title='bbox 1736 794 1801 814; x_wconf 84' lang='lat' dir='ltr'><em>tom.</em></span> <span class='ocrx_word' id='word_1_82' title='bbox 1817 790 1837 813; x_wconf 92' lang='lat' dir='ltr'><strong>V</strong></span> <span class='ocrx_word' id='word_1_83' title='bbox 1854 789 1982 815; x_wconf 76' lang='lat' dir='ltr'><em>Chartul.</em></span> <span class='ocrx_word' id='word_1_84' title='bbox 1997 791 2151 819; x_wconf 82' lang='lat' dir='ltr'><em>reseremus,</em></span> <span class='ocrx_word' id='word_1_85' title='bbox 2171 792 2196 812; x_wconf 89' lang='lat' dir='ltr'><em>et</em></span> <span class='ocrx_word' id='word_1_86' title='bbox 2214 788 2269 820; x_wconf 87' lang='lat' dir='ltr'><em>jam</em></span> 
     </span>
     <span class='ocr_line' id='line_1_8' title="bbox 397 834 2270 871; baseline -0.005 -5"><span class='ocrx_word' id='word_1_87' title='bbox 397 842 423 865; x_wconf 81' lang='lat' dir='ltr'><em>in</em></span> <span class='ocrx_word' id='word_1_88' title='bbox 443 843 573 870; x_wconf 78' lang='lat' dir='ltr'><em>Auctar.,</em></span> <span class='ocrx_word' id='word_1_89' title='bbox 588 842 619 871; x_wconf 86' lang='grc' dir='ltr'><em>ΙΙ,</em></span> <span class='ocrx_word' id='word_1_90' title='bbox 632 842 685 869; x_wconf 85' lang='grc'><strong>136,</strong></span> <span class='ocrx_word' id='word_1_91' title='bbox 699 844 754 864; x_wconf 84' lang='lat' dir='ltr'><em>not.</em></span> <span class='ocrx_word' id='word_1_92' title='bbox 768 842 792 869; x_wconf 86' lang='grc'><em>6,</em></span> <span class='ocrx_word' id='word_1_93' title='bbox 807 839 965 866; x_wconf 78' lang='lat' dir='ltr'><em>notavimus,</em></span> <span class='ocrx_word' id='word_1_94' title='bbox 988 838 1069 869; x_wconf 82' lang='lat' dir='ltr'><em>legati</em></span> <span class='ocrx_word' id='word_1_95' title='bbox 1085 837 1155 868; x_wconf 84' lang='lat' dir='ltr'><em>regis</em></span> <span class='ocrx_word' id='word_1_96' title='bbox 1179 840 1204 860; x_wconf 82' lang='lat' dir='ltr'><em>et</em></span> <span class='ocrx_word' id='word_1_97' title='bbox 1220 835 1417 865; x_wconf 81' lang='lat' dir='ltr'><em>Universitatis,</em></span> <span class='ocrx_word' id='word_1_98' title='bbox 1431 838 1490 866; x_wconf 63' lang='lat' dir='ltr'><em>etc„</em></span> <span class='ocrx_word' id='word_1_99' title='bbox 1504 843 1547 859; x_wconf 86' lang='lat' dir='ltr'><em>an.</em></span> <span class='ocrx_word' id='word_1_100' title='bbox 1564 836 1632 864; x_wconf 79' lang='lat'><strong>1412,</strong></span> <span class='ocrx_word' id='word_1_101' title='bbox 1649 835 1771 859; x_wconf 82' lang='lat' dir='ltr'><em>Decemb.</em></span> <span class='ocrx_word' id='word_1_102' title='bbox 1785 836 1799 858; x_wconf 78' lang='lat'>6</span> <span class='ocrx_word' id='word_1_103' title='bbox 1814 835 1856 858; x_wconf 85' lang='lat' dir='ltr'><em>vel</em></span> <span class='ocrx_word' id='word_1_104' title='bbox 1876 836 1898 864; x_wconf 90' lang='lat'><em>7,</em></span> <span class='ocrx_word' id='word_1_105' title='bbox 1913 835 2021 859; x_wconf 80' lang='lat' dir='ltr'><em>Romam</em></span> <span class='ocrx_word' id='word_1_106' title='bbox 2039 834 2072 858; x_wconf 88' lang='lat' dir='ltr'><em>ad</em></span> <span class='ocrx_word' id='word_1_107' title='bbox 2091 841 2189 866; x_wconf 86' lang='lat' dir='ltr'><em>papam</em></span> <span class='ocrx_word' id='word_1_108' title='bbox 2204 841 2270 865; x_wconf 86' lang='lat' dir='ltr'><em>pro—</em></span> 
     </span>
     <span class='ocr_line' id='line_1_9' title="bbox 397 878 2271 917; baseline -0.003 -8"><span class='ocrx_word' id='word_1_109' title='bbox 397 886 455 909; x_wconf 79' lang='lat' dir='ltr'><em>fecti</em></span> <span class='ocrx_word' id='word_1_110' title='bbox 473 889 541 914; x_wconf 85' lang='lat' dir='ltr'><em>sunt,</em></span> <span class='ocrx_word' id='word_1_111' title='bbox 559 894 634 917; x_wconf 83' lang='lat' dir='ltr'><em>quem</em></span> <span class='ocrx_word' id='word_1_112' title='bbox 654 885 721 908; x_wconf 85' lang='lat' dir='ltr'><em>inter</em></span> <span class='ocrx_word' id='word_1_113' title='bbox 741 884 794 907; x_wconf 82' lang='lat' dir='ltr'><em>alia</em></span> <span class='ocrx_word' id='word_1_114' title='bbox 811 884 935 907; x_wconf 79' lang='lat' dir='ltr'><em>inducere</em></span> <span class='ocrx_word' id='word_1_115' title='bbox 951 883 1091 912; x_wconf 76' lang='lat' dir='ltr'><em>debebant,</em></span> <span class='ocrx_word' id='word_1_116' title='bbox 1109 884 1140 904; x_wconf 89' lang='lat' dir='ltr'><em>ut</em></span> <span class='ocrx_word' id='word_1_117' title='bbox 1157 881 1272 904; x_wconf 76' lang='lat' dir='ltr'><em>decimus</em></span> <span class='ocrx_word' id='word_1_118' title='bbox 1289 884 1314 904; x_wconf 83' lang='lat' dir='ltr'><em>et</em></span> <span class='ocrx_word' id='word_1_119' title='bbox 1331 880 1382 904; x_wconf 85' lang='lat' dir='ltr'><em>alia</em></span> <span class='ocrx_word' id='word_1_120' title='bbox 1395 888 1475 904; x_wconf 89' lang='lat' dir='ltr'><em>onera</em></span> <span class='ocrx_word' id='word_1_121' title='bbox 1496 880 1721 912; x_wconf 86' lang='lat' dir='ltr'><em>insupportabilia</em></span> <span class='ocrx_word' id='word_1_122' title='bbox 1737 880 1863 903; x_wconf 68' lang='lat' dir='ltr'><em>allevaret</em></span> <span class='ocrx_word' id='word_1_123' title='bbox 1877 880 1990 909; x_wconf 80' lang='lat' dir='ltr'><em>(Chron.</em></span> <span class='ocrx_word' id='word_1_124' title='bbox 2003 880 2043 903; x_wconf 80' lang='lat' dir='ltr'><em>du</em></span> <span class='ocrx_word' id='word_1_125' title='bbox 2057 879 2110 903; x_wconf 80' lang='lat' dir='ltr'><em>rel.</em></span> <span class='ocrx_word' id='word_1_126' title='bbox 2129 880 2162 903; x_wconf 84' lang='lat' dir='ltr'><em>de</em></span> <span class='ocrx_word' id='word_1_127' title='bbox 2176 878 2271 903; x_wconf 74' lang='lat' dir='ltr'><em>Saint-</em></span> 
     </span>
     <span class='ocr_line' id='line_1_10' title="bbox 397 922 2269 961; baseline -0.005 -6"><span class='ocrx_word' id='word_1_128' title='bbox 397 931 499 961; x_wconf 73' lang='lat' dir='ltr'><em>Denys,</em></span> <span class='ocrx_word' id='word_1_129' title='bbox 516 931 546 960; x_wconf 81' lang='lat' dir='ltr'><em>V,</em></span> <span class='ocrx_word' id='word_1_130' title='bbox 563 931 611 960; x_wconf 88' lang='lat'>72).</span> <span class='ocrx_word' id='word_1_131' title='bbox 629 930 679 953; x_wconf 84' lang='lat' dir='ltr'><em>Sed</em></span> <span class='ocrx_word' id='word_1_132' title='bbox 697 937 775 960; x_wconf 85' lang='lat' dir='ltr'><em>papa,</em></span> <span class='ocrx_word' id='word_1_133' title='bbox 796 938 807 951; x_wconf 89' lang='lat'>«</span> <span class='ocrx_word' id='word_1_134' title='bbox 825 928 871 959; x_wconf 91' lang='lat' dir='ltr'><em>qui</em></span> <span class='ocrx_word' id='word_1_135' title='bbox 886 928 1063 951; x_wconf 82' lang='lat' dir='ltr'><em>notoirement</em></span> <span class='ocrx_word' id='word_1_136' title='bbox 1078 926 1202 949; x_wconf 74' lang='lat' dir='ltr'><em>delivroit</em></span> <span class='ocrx_word' id='word_1_137' title='bbox 1216 934 1249 948; x_wconf 81' lang='lat' dir='ltr'><em>au</em></span> <span class='ocrx_word' id='word_1_138' title='bbox 1265 925 1326 957; x_wconf 87' lang='lat' dir='ltr'><em>plus</em></span> <span class='ocrx_word' id='word_1_139' title='bbox 1342 925 1439 949; x_wconf 81' lang='lat' dir='ltr'><em>offrant</em></span> <span class='ocrx_word' id='word_1_140' title='bbox 1457 925 1494 948; x_wconf 85' lang='lat' dir='ltr'><em>les</em></span> <span class='ocrx_word' id='word_1_141' title='bbox 1510 925 1638 949; x_wconf 73' lang='lat' dir='ltr'><em>beneficas</em></span> <span class='ocrx_word' id='word_1_142' title='bbox 1655 933 1677 954; x_wconf 77' lang='grc'><em>1),</em></span> <span class='ocrx_word' id='word_1_143' title='bbox 1697 925 1879 948; x_wconf 86' lang='lat' dir='ltr'><em>tantummodo</em></span> <span class='ocrx_word' id='word_1_144' title='bbox 1898 924 2042 955; x_wconf 73' lang='lat' dir='ltr'><em>respondit,</em></span> <span class='ocrx_word' id='word_1_145' title='bbox 2060 931 2073 947; x_wconf 87' lang='lat' dir='ltr'><em>e</em></span> <span class='ocrx_word' id='word_1_146' title='bbox 2089 923 2164 947; x_wconf 83' lang='lat' dir='ltr'><em>brevi</em></span> <span class='ocrx_word' id='word_1_147' title='bbox 2183 922 2269 946; x_wconf 78' lang='lat' dir='ltr'><em>curdi-</em></span> 
     </span>
     <span class='ocr_line' id='line_1_11' title="bbox 396 959 2271 1001; baseline -0.004 -3"><span class='ocrx_word' id='word_1_148' title='bbox 396 976 483 998; x_wconf 84' lang='lat' dir='ltr'><em>nalem</em></span> <span class='ocrx_word' id='word_1_149' title='bbox 498 975 621 998; x_wconf 83' lang='lat' dir='ltr'><em>Pisanum</em></span> <span class='ocrx_word' id='word_1_150' title='bbox 640 973 755 997; x_wconf 77' lang='lat' dir='ltr'><em>Parisios</em></span> <span class='ocrx_word' id='word_1_151' title='bbox 774 976 915 996; x_wconf 83' lang='lat' dir='ltr'><em>venturum</em></span> <span class='ocrx_word' id='word_1_152' title='bbox 931 975 959 995; x_wconf 89' lang='lat' dir='ltr'><em>ut</em></span> <span class='ocrx_word' id='word_1_153' title='bbox 977 971 1123 995; x_wconf 79' lang='lat' dir='ltr'><em>remedium</em></span> <span class='ocrx_word' id='word_1_154' title='bbox 1140 970 1256 994; x_wconf 76' lang='lat' dir='ltr'><em>afferret.</em></span> <span class='ocrx_word' id='word_1_155' title='bbox 1272 970 1348 998; x_wconf 92' lang='lat' dir='ltr'><em>Quod</em></span> <span class='ocrx_word' id='word_1_156' title='bbox 1363 973 1451 993; x_wconf 84' lang='lat' dir='ltr'><em>tamen</em></span> <span class='ocrx_word' id='word_1_157' title='bbox 1466 969 1574 993; x_wconf 83' lang='lat' dir='ltr'><em>minime</em></span> <span class='ocrx_word' id='word_1_158' title='bbox 1590 969 1658 993; x_wconf 83' lang='lat' dir='ltr'><em>fecit.</em></span> <span class='ocrx_word' id='word_1_159' title='bbox 1674 969 1736 993; x_wconf 83' lang='lat' dir='ltr'><em>Inde</em></span> <span class='ocrx_word' id='word_1_160' title='bbox 1749 971 1907 1001; x_wconf 83' lang='lat' dir='ltr'><em>procurator</em></span> <span class='ocrx_word' id='word_1_161' title='bbox 1918 968 2001 1000; x_wconf 81' lang='lat' dir='ltr'><em>regis,</em></span> <span class='ocrx_word' id='word_1_162' title='bbox 2015 959 2183 1000; x_wconf 78' lang='lat' dir='ltr'><em>praepositus</em></span> <span class='ocrx_word' id='word_1_163' title='bbox 2201 975 2271 991; x_wconf 85' lang='lat' dir='ltr'><em>mer-</em></span> 
     </span>
     <span class='ocr_line' id='line_1_12' title="bbox 397 1011 2270 1047; baseline -0.004 -4"><span class='ocrx_word' id='word_1_164' title='bbox 397 1023 515 1043; x_wconf 83' lang='lat' dir='ltr'><em>catorum</em></span> <span class='ocrx_word' id='word_1_165' title='bbox 531 1022 556 1042; x_wconf 90' lang='lat' dir='ltr'><em>ct</em></span> <span class='ocrx_word' id='word_1_166' title='bbox 571 1018 671 1042; x_wconf 82' lang='lat' dir='ltr'><em>scabini</em></span> <span class='ocrx_word' id='word_1_167' title='bbox 687 1017 782 1047; x_wconf 64' lang='lat' dir='ltr'><em>Paris„</em></span> <span class='ocrx_word' id='word_1_168' title='bbox 801 1026 812 1040; x_wconf 83' lang='grc' dir='ltr'>α</span> <span class='ocrx_word' id='word_1_169' title='bbox 829 1017 1000 1040; x_wconf 81' lang='lat' dir='ltr'><em>considerans</em></span> <span class='ocrx_word' id='word_1_170' title='bbox 1019 1024 1068 1047; x_wconf 85' lang='lat' dir='ltr'><em>que</em></span> <span class='ocrx_word' id='word_1_171' title='bbox 1084 1023 1133 1047; x_wconf 86' lang='lat' dir='ltr'><em>par</em></span> <span class='ocrx_word' id='word_1_172' title='bbox 1148 1015 1186 1038; x_wconf 85' lang='lat' dir='ltr'><em>Ics</em></span> <span class='ocrx_word' id='word_1_173' title='bbox 1202 1014 1377 1046; x_wconf 74' lang='lat' dir='ltr'><em>promotions,</em></span> <span class='ocrx_word' id='word_1_174' title='bbox 1392 1014 1531 1038; x_wconf 79' lang='lat' dir='ltr'><em>collatinus</em></span> <span class='ocrx_word' id='word_1_175' title='bbox 1549 1017 1575 1038; x_wconf 83' lang='lat' dir='ltr'><em>et</em></span> <span class='ocrx_word' id='word_1_176' title='bbox 1593 1022 1686 1046; x_wconf 83' lang='lat' dir='ltr'><em>graces</em></span> <span class='ocrx_word' id='word_1_177' title='bbox 1706 1022 1756 1046; x_wconf 88' lang='lat' dir='ltr'><em>que</em></span> <span class='ocrx_word' id='word_1_178' title='bbox 1778 1013 1867 1037; x_wconf 76' lang='lat' dir='ltr'><em>faisoit</em></span> <span class='ocrx_word' id='word_1_179' title='bbox 1880 1013 1905 1037; x_wconf 86' lang='lat' dir='ltr'><em>le</em></span> <span class='ocrx_word' id='word_1_180' title='bbox 1921 1021 1991 1045; x_wconf 82' lang='lat' dir='ltr'><em>pape</em></span> <span class='ocrx_word' id='word_1_181' title='bbox 2003 1013 2068 1036; x_wconf 85' lang='lat' dir='ltr'><em>Jean</em></span> <span class='ocrx_word' id='word_1_182' title='bbox 2083 1013 2129 1036; x_wconf 84' lang='lat' dir='ltr'><em>des</em></span> <span class='ocrx_word' id='word_1_183' title='bbox 2141 1011 2270 1036; x_wconf 74' lang='lat' dir='ltr'><em>benefice!</em></span> 
     </span>
     <span class='ocr_line' id='line_1_13' title="bbox 397 1056 2271 1094; baseline -0.004 -7"><span class='ocrx_word' id='word_1_184' title='bbox 397 1064 496 1087; x_wconf 87' lang='lat' dir='ltr'><em>desdits</em></span> <span class='ocrx_word' id='word_1_185' title='bbox 513 1071 636 1094; x_wconf 82' lang='lat' dir='ltr'><em>royaumo</em></span> <span class='ocrx_word' id='word_1_186' title='bbox 650 1063 681 1086; x_wconf 80' lang='lat' dir='ltr'><em>de</em></span> <span class='ocrx_word' id='word_1_187' title='bbox 696 1063 794 1086; x_wconf 87' lang='lat' dir='ltr'><em>France</em></span> <span class='ocrx_word' id='word_1_188' title='bbox 808 1065 833 1085; x_wconf 84' lang='lat' dir='ltr'><em>et</em></span> <span class='ocrx_word' id='word_1_189' title='bbox 848 1061 995 1092; x_wconf 69' lang='lat' dir='ltr'><em>Dauphine,</em></span> <span class='ocrx_word' id='word_1_190' title='bbox 1009 1060 1027 1083; x_wconf 94' lang='lat' dir='ltr'><em>il</em></span> <span class='ocrx_word' id='word_1_191' title='bbox 1043 1059 1142 1091; x_wconf 82' lang='lat' dir='ltr'><em>trayoit</em></span> <span class='ocrx_word' id='word_1_192' title='bbox 1158 1061 1173 1082; x_wconf 70' lang='grc' dir='ltr'>ὁ</span> <span class='ocrx_word' id='word_1_193' title='bbox 1188 1059 1234 1091; x_wconf 85' lang='lat' dir='ltr'><em>luy</em></span> <span class='ocrx_word' id='word_1_194' title='bbox 1245 1062 1304 1083; x_wconf 88' lang='lat' dir='ltr'><em>tout</em></span> <span class='ocrx_word' id='word_1_195' title='bbox 1318 1059 1367 1082; x_wconf 86' lang='lat' dir='ltr'><em>l&#39;or</em></span> <span class='ocrx_word' id='word_1_196' title='bbox 1379 1062 1405 1082; x_wconf 78' lang='lat' dir='ltr'><em>et</em></span> <span class='ocrx_word' id='word_1_197' title='bbox 1419 1059 1532 1091; x_wconf 82' lang='lat' dir='ltr'><em>l&#39;argcnt</em></span> <span class='ocrx_word' id='word_1_198' title='bbox 1544 1058 1645 1082; x_wconf 79' lang='lat' dir='ltr'><em>d&#39;iceux</em></span> <span class='ocrx_word' id='word_1_199' title='bbox 1659 1066 1784 1090; x_wconf 78' lang='lat' dir='ltr'><em>royaume</em></span> <span class='ocrx_word' id='word_1_200' title='bbox 1797 1061 1823 1082; x_wconf 85' lang='lat' dir='ltr'><em>et</em></span> <span class='ocrx_word' id='word_1_201' title='bbox 1836 1058 1974 1090; x_wconf 74' lang='lat' dir='ltr'><em>Daupbine</em></span> <span class='ocrx_word' id='word_1_202' title='bbox 1987 1065 2010 1086; x_wconf 73' lang='grc'><em>1),</em></span> <span class='ocrx_word' id='word_1_203' title='bbox 2026 1057 2059 1081; x_wconf 86' lang='lat' dir='ltr'><em>ad</em></span> <span class='ocrx_word' id='word_1_204' title='bbox 2073 1056 2271 1089; x_wconf 75' lang='lat' dir='ltr'><em>nuprapositam</em></span> 
     </span>
     <span class='ocr_line' id='line_1_14' title="bbox 396 1105 1119 1135; baseline -0.006 -4"><span class='ocrx_word' id='word_1_205' title='bbox 396 1108 588 1131; x_wconf 74' lang='lat' dir='ltr'><em>ordinationem</em></span> <span class='ocrx_word' id='word_1_206' title='bbox 606 1107 738 1130; x_wconf 82' lang='lat' dir='ltr'><em>serendam</em></span> <span class='ocrx_word' id='word_1_207' title='bbox 755 1109 945 1129; x_wconf 88' lang='lat' dir='ltr'><em>concurrerunt</em></span> <span class='ocrx_word' id='word_1_208' title='bbox 961 1105 1025 1135; x_wconf 63' lang='lat' dir='ltr'><strong>(Xlfl,</strong></span> <span class='ocrx_word' id='word_1_209' title='bbox 1041 1105 1059 1128; x_wconf 92' lang='lat' dir='ltr'><em>l.</em></span> <span class='ocrx_word' id='word_1_210' title='bbox 1076 1106 1119 1134; x_wconf 81' lang='lat' dir='ltr'><em>c.).</em></span> 
     </span>
    </p>
   </div>
   <div class='ocr_carea' id='block_1_5' title="bbox 397 1185 2273 1311">
    <p class='ocr_par' dir='ltr' id='par_1_5' title="bbox 397 1185 2273 1311">
     <span class='ocr_line' id='line_1_15' title="bbox 491 1185 2273 1222; baseline -0.003 -7"><span class='ocrx_word' id='word_1_211' title='bbox 491 1191 515 1216; x_wconf 83' lang='lat'><em>1.</em></span> <span class='ocrx_word' id='word_1_212' title='bbox 532 1191 773 1215; x_wconf 77' lang='lat' dir='ltr'><em>Snlvusconductus</em></span> <span class='ocrx_word' id='word_1_213' title='bbox 789 1199 837 1222; x_wconf 92' lang='lat' dir='ltr'><em>pro</em></span> <span class='ocrx_word' id='word_1_214' title='bbox 860 1190 919 1221; x_wconf 83' lang='lat' dir='ltr'><em>ipso</em></span> <span class='ocrx_word' id='word_1_215' title='bbox 939 1193 980 1213; x_wconf 84' lang='lat' dir='ltr'><em>est</em></span> <span class='ocrx_word' id='word_1_216' title='bbox 999 1198 1041 1213; x_wconf 83' lang='lat' dir='ltr'><em>an.</em></span> <span class='ocrx_word' id='word_1_217' title='bbox 1058 1189 1128 1218; x_wconf 76' lang='grc'><strong>1413,</strong></span> <span class='ocrx_word' id='word_1_218' title='bbox 1151 1189 1236 1220; x_wconf 81' lang='lat' dir='ltr'><em>April.</em></span> <span class='ocrx_word' id='word_1_219' title='bbox 1261 1189 1290 1212; x_wconf 77' lang='lat'><strong>19</strong></span> <span class='ocrx_word' id='word_1_220' title='bbox 1312 1188 1388 1220; x_wconf 80' lang='lat' dir='ltr'><em>(Reg.</em></span> <span class='ocrx_word' id='word_1_221' title='bbox 1404 1188 1462 1212; x_wconf 89' lang='lat' dir='ltr'><em>Vat.</em></span> <span class='ocrx_word' id='word_1_222' title='bbox 1482 1188 1542 1212; x_wconf 84' lang='lat' dir='ltr'><em>Joh.</em></span> <span class='ocrx_word' id='word_1_223' title='bbox 1564 1187 1659 1217; x_wconf 83' lang='lat' dir='ltr'>XXIII,</span> <span class='ocrx_word' id='word_1_224' title='bbox 1675 1191 1704 1211; x_wconf 85' lang='lat' dir='ltr'><em>n⁰</em></span> <span class='ocrx_word' id='word_1_225' title='bbox 1723 1188 1777 1218; x_wconf 81' lang='lat'><strong>345,</strong></span> <span class='ocrx_word' id='word_1_226' title='bbox 1798 1187 1844 1211; x_wconf 78' lang='lat' dir='ltr'><em>sol.</em></span> <span class='ocrx_word' id='word_1_227' title='bbox 1866 1187 1935 1217; x_wconf 77' lang='lat'><strong>124);</strong></span> <span class='ocrx_word' id='word_1_228' title='bbox 1951 1195 1994 1210; x_wconf 88' lang='lat' dir='ltr'><em>an.</em></span> <span class='ocrx_word' id='word_1_229' title='bbox 2011 1187 2080 1214; x_wconf 86' lang='lat'><strong>1413,</strong></span> <span class='ocrx_word' id='word_1_230' title='bbox 2096 1186 2184 1210; x_wconf 78' lang='lat' dir='ltr'><em>Martii</em></span> <span class='ocrx_word' id='word_1_231' title='bbox 2202 1185 2232 1209; x_wconf 79' lang='lat'><strong>18</strong></span> <span class='ocrx_word' id='word_1_232' title='bbox 2246 1189 2273 1210; x_wconf 83' lang='lat' dir='ltr'><em>et</em></span> 
     </span>
     <span class='ocr_line' id='line_1_16' title="bbox 397 1231 2272 1267; baseline -0.003 -8"><span class='ocrx_word' id='word_1_233' title='bbox 397 1237 490 1260; x_wconf 88' lang='lat' dir='ltr'><em>Octob.</em></span> <span class='ocrx_word' id='word_1_234' title='bbox 506 1236 544 1264; x_wconf 88' lang='grc'><em>31,</em></span> <span class='ocrx_word' id='word_1_235' title='bbox 559 1235 686 1267; x_wconf 78' lang='lat' dir='ltr'><em>epistolas</em></span> <span class='ocrx_word' id='word_1_236' title='bbox 701 1235 812 1266; x_wconf 84' lang='lat' dir='ltr'><em>papales</em></span> <span class='ocrx_word' id='word_1_237' title='bbox 834 1234 934 1266; x_wconf 84' lang='lat' dir='ltr'><em>recepit</em></span> <span class='ocrx_word' id='word_1_238' title='bbox 953 1234 1038 1264; x_wconf 89' lang='lat' dir='ltr'><em>(ibid.,</em></span> <span class='ocrx_word' id='word_1_239' title='bbox 1063 1234 1109 1257; x_wconf 79' lang='lat' dir='ltr'><em>rol.</em></span> <span class='ocrx_word' id='word_1_240' title='bbox 1127 1233 1171 1256; x_wconf 85' lang='lat'><strong>121</strong></span> <span class='ocrx_word' id='word_1_241' title='bbox 1188 1242 1257 1265; x_wconf 66' lang='lat' dir='ltr'><em>sqq„</em></span> <span class='ocrx_word' id='word_1_242' title='bbox 1273 1236 1299 1256; x_wconf 80' lang='lat' dir='ltr'><em>et</em></span> <span class='ocrx_word' id='word_1_243' title='bbox 1315 1237 1345 1256; x_wconf 87' lang='lat' dir='ltr'><em>n⁰</em></span> <span class='ocrx_word' id='word_1_244' title='bbox 1366 1233 1420 1261; x_wconf 79' lang='lat'><em>346,</em></span> <span class='ocrx_word' id='word_1_245' title='bbox 1439 1232 1484 1256; x_wconf 81' lang='lat' dir='ltr'><em>sol.</em></span> <span class='ocrx_word' id='word_1_246' title='bbox 1501 1233 1513 1256; x_wconf 87' lang='lat'><strong>1</strong></span> <span class='ocrx_word' id='word_1_247' title='bbox 1532 1240 1600 1264; x_wconf 62' lang='lat' dir='ltr'><em>sqq„</em></span> <span class='ocrx_word' id='word_1_248' title='bbox 1617 1231 1752 1264; x_wconf 87' lang='lat' dir='ltr'><em>alibique).</em></span> <span class='ocrx_word' id='word_1_249' title='bbox 1769 1231 1903 1264; x_wconf 78' lang='lat' dir='ltr'><em>Septemb.</em></span> <span class='ocrx_word' id='word_1_250' title='bbox 1917 1232 1930 1255; x_wconf 94' lang='lat'>7</span> <span class='ocrx_word' id='word_1_251' title='bbox 1945 1231 2031 1255; x_wconf 84' lang='lat' dir='ltr'><em>adhuc</em></span> <span class='ocrx_word' id='word_1_252' title='bbox 2046 1231 2073 1254; x_wconf 90' lang='lat' dir='ltr'><em>in</em></span> <span class='ocrx_word' id='word_1_253' title='bbox 2087 1231 2162 1254; x_wconf 80' lang='lat' dir='ltr'><em>curia</em></span> <span class='ocrx_word' id='word_1_254' title='bbox 2183 1238 2272 1254; x_wconf 65' lang='lat' dir='ltr'><em>mora-</em></span> 
     </span>
     <span class='ocr_line' id='line_1_17' title="bbox 398 1279 835 1311; baseline 0 -7"><span class='ocrx_word' id='word_1_255' title='bbox 398 1282 476 1304; x_wconf 85' lang='lat' dir='ltr'><em>batur</em></span> <span class='ocrx_word' id='word_1_256' title='bbox 492 1280 601 1311; x_wconf 82' lang='lat' dir='ltr'><em>(Oblig.,</em></span> <span class='ocrx_word' id='word_1_257' title='bbox 617 1284 646 1303; x_wconf 89' lang='lat' dir='ltr'><em>n⁰</em></span> <span class='ocrx_word' id='word_1_258' title='bbox 661 1281 699 1309; x_wconf 80' lang='lat'><em>56,</em></span> <span class='ocrx_word' id='word_1_259' title='bbox 715 1280 759 1303; x_wconf 80' lang='lat' dir='ltr'><em>sol.</em></span> <span class='ocrx_word' id='word_1_260' title='bbox 773 1279 835 1309; x_wconf 74' lang='lat'><em>99¹²).</em></span> 
     </span>
    </p>
   </div>
   <div class='ocr_carea' id='block_1_6' title="bbox 403 1404 2280 1741">
    <p class='ocr_par' dir='ltr' id='par_1_6' title="bbox 403 1404 2280 1741">
     <span class='ocr_line' id='line_1_18' title="bbox 403 1404 2275 1447; baseline -0.003 -7"><span class='ocrx_word' id='word_1_261' title='bbox 403 1404 544 1441; x_wconf 77' lang='grc'><strong>1997.</strong></span> <span class='ocrx_word' id='word_1_262' title='bbox 573 1412 750 1439; x_wconf 77' lang='lat' dir='ltr'><em>Universitas</em></span> <span class='ocrx_word' id='word_1_263' title='bbox 773 1412 870 1438; x_wconf 87' lang='lat' dir='ltr'><em>Paris.</em></span> <span class='ocrx_word' id='word_1_264' title='bbox 895 1411 976 1447; x_wconf 83' lang='lat' dir='ltr'><em>apud</em></span> <span class='ocrx_word' id='word_1_265' title='bbox 996 1419 1107 1447; x_wconf 82' lang='lat' dir='ltr'><em>papam</em></span> <span class='ocrx_word' id='word_1_266' title='bbox 1132 1410 1325 1446; x_wconf 83' lang='lat' dir='ltr'><em>conqueritur,</em></span> <span class='ocrx_word' id='word_1_267' title='bbox 1350 1418 1457 1436; x_wconf 84' lang='lat' dir='ltr'><em>causas</em></span> <span class='ocrx_word' id='word_1_268' title='bbox 1483 1409 1667 1445; x_wconf 82' lang='lat' dir='ltr'><em>beneficiales</em></span> <span class='ocrx_word' id='word_1_269' title='bbox 1686 1409 1813 1446; x_wconf 85' lang='lat' dir='ltr'><em>plurium</em></span> <span class='ocrx_word' id='word_1_270' title='bbox 1832 1409 2046 1446; x_wconf 77' lang='lat' dir='ltr'><em>suppositorum</em></span> <span class='ocrx_word' id='word_1_271' title='bbox 2076 1407 2275 1435; x_wconf 78' lang='lat' dir='ltr'><em>Universitatis</em></span> 
     </span>
     <span class='ocr_line' id='line_1_19' title="bbox 486 1456 2276 1496; baseline -0.002 -9"><span class='ocrx_word' id='word_1_272' title='bbox 486 1465 586 1488; x_wconf 87' lang='lat' dir='ltr'><em>contra</em></span> <span class='ocrx_word' id='word_1_273' title='bbox 605 1461 817 1487; x_wconf 83' lang='lat' dir='ltr'><em>concessionem</em></span> <span class='ocrx_word' id='word_1_274' title='bbox 834 1464 861 1486; x_wconf 88' lang='lat' dir='ltr'><em>et</em></span> <span class='ocrx_word' id='word_1_275' title='bbox 873 1459 1056 1496; x_wconf 70' lang='lat' dir='ltr'><em>privilegium</em></span> <span class='ocrx_word' id='word_1_276' title='bbox 1075 1459 1112 1485; x_wconf 90' lang='lat' dir='ltr'><em>ab</em></span> <span class='ocrx_word' id='word_1_277' title='bbox 1135 1459 1198 1495; x_wconf 80' lang='lat' dir='ltr'><em>ipso</em></span> <span class='ocrx_word' id='word_1_278' title='bbox 1210 1467 1294 1495; x_wconf 85' lang='lat' dir='ltr'><em>papa</em></span> <span class='ocrx_word' id='word_1_279' title='bbox 1309 1458 1410 1485; x_wconf 86' lang='lat' dir='ltr'><em>datum</em></span> <span class='ocrx_word' id='word_1_280' title='bbox 1429 1459 1459 1485; x_wconf 91' lang='lat' dir='ltr'><em>in</em></span> <span class='ocrx_word' id='word_1_281' title='bbox 1476 1459 1558 1485; x_wconf 88' lang='lat' dir='ltr'><em>curia</em></span> <span class='ocrx_word' id='word_1_282' title='bbox 1573 1459 1651 1485; x_wconf 84' lang='lat' dir='ltr'><em>Rom.</em></span> <span class='ocrx_word' id='word_1_283' title='bbox 1676 1459 1807 1492; x_wconf 82' lang='lat' dir='ltr'><em>tractari,</em></span> <span class='ocrx_word' id='word_1_284' title='bbox 1826 1462 1853 1484; x_wconf 85' lang='lat' dir='ltr'><em>et</em></span> <span class='ocrx_word' id='word_1_285' title='bbox 1870 1457 2024 1495; x_wconf 80' lang='lat' dir='ltr'><em>supposita</em></span> <span class='ocrx_word' id='word_1_286' title='bbox 2045 1461 2129 1484; x_wconf 76' lang='lat' dir='ltr'><em>extra</em></span> <span class='ocrx_word' id='word_1_287' title='bbox 2143 1456 2276 1484; x_wconf 83' lang='lat' dir='ltr'><em>Parisios</em></span> 
     </span>
     <span class='ocr_line' id='line_1_20' title="bbox 486 1504 2272 1544; baseline -0.002 -8"><span class='ocrx_word' id='word_1_288' title='bbox 486 1510 574 1537; x_wconf 82' lang='lat' dir='ltr'><em>trahi.</em></span> <span class='ocrx_word' id='word_1_289' title='bbox 590 1511 666 1536; x_wconf 87' lang='lat' dir='ltr'><em>Petit</em></span> <span class='ocrx_word' id='word_1_290' title='bbox 682 1514 712 1536; x_wconf 88' lang='lat' dir='ltr'><em>ut</em></span> <span class='ocrx_word' id='word_1_291' title='bbox 725 1518 834 1535; x_wconf 85' lang='lat' dir='ltr'><em>causae</em></span> <span class='ocrx_word' id='word_1_292' title='bbox 849 1509 980 1535; x_wconf 87' lang='lat' dir='ltr'><em>Parisios</em></span> <span class='ocrx_word' id='word_1_293' title='bbox 996 1509 1185 1534; x_wconf 81' lang='lat' dir='ltr'><em>remittantur</em></span> <span class='ocrx_word' id='word_1_294' title='bbox 1200 1507 1296 1544; x_wconf 84' lang='lat' dir='ltr'><em>ibique</em></span> <span class='ocrx_word' id='word_1_295' title='bbox 1310 1508 1506 1534; x_wconf 84' lang='lat' dir='ltr'><em>terminentur.</em></span> <span class='ocrx_word' id='word_1_296' title='bbox 1523 1509 1601 1534; x_wconf 86' lang='lat' dir='ltr'><em>Inter</em></span> <span class='ocrx_word' id='word_1_297' title='bbox 1612 1508 1765 1544; x_wconf 87' lang='lat' dir='ltr'><em>supposita</em></span> <span class='ocrx_word' id='word_1_298' title='bbox 1778 1509 1940 1543; x_wconf 86' lang='lat' dir='ltr'><em>afferuntur</em></span> <span class='ocrx_word' id='word_1_299' title='bbox 1954 1506 2118 1533; x_wconf 62' lang='lat' dir='ltr'><em>aichardus</em></span> <span class='ocrx_word' id='word_1_300' title='bbox 2131 1504 2272 1541; x_wconf 76' lang='lat' dir='ltr'><em>Huchern,</em></span> 
     </span>
     <span class='ocr_line' id='line_1_21' title="bbox 488 1549 2273 1594; baseline -0.003 -8"><span class='ocrx_word' id='word_1_301' title='bbox 488 1568 563 1594; x_wconf 81' lang='lat' dir='ltr'><em>mag.</em></span> <span class='ocrx_word' id='word_1_302' title='bbox 580 1563 648 1593; x_wconf 73' lang='grc' dir='ltr'><strong>(ιι-1.,</strong></span> <span class='ocrx_word' id='word_1_303' title='bbox 667 1559 763 1585; x_wconf 88' lang='lat' dir='ltr'><em>licent.</em></span> <span class='ocrx_word' id='word_1_304' title='bbox 780 1559 808 1584; x_wconf 86' lang='lat' dir='ltr'><em>in</em></span> <span class='ocrx_word' id='word_1_305' title='bbox 827 1562 947 1594; x_wconf 85' lang='lat' dir='ltr'><em>utroque</em></span> <span class='ocrx_word' id='word_1_306' title='bbox 956 1558 1031 1593; x_wconf 72' lang='lat' dir='ltr'><em>jure,</em></span> <span class='ocrx_word' id='word_1_307' title='bbox 1050 1557 1127 1584; x_wconf 84' lang='lat' dir='ltr'><em>stud.</em></span> <span class='ocrx_word' id='word_1_308' title='bbox 1148 1557 1177 1583; x_wconf 91' lang='lat' dir='ltr'><em>in</em></span> <span class='ocrx_word' id='word_1_309' title='bbox 1198 1556 1294 1591; x_wconf 61' lang='lat' dir='ltr'><em>theol„</em></span> <span class='ocrx_word' id='word_1_310' title='bbox 1313 1557 1433 1592; x_wconf 81' lang='lat' dir='ltr'><em>litigans</em></span> <span class='ocrx_word' id='word_1_311' title='bbox 1446 1556 1482 1583; x_wconf 84' lang='lat' dir='ltr'><em>de</em></span> <span class='ocrx_word' id='word_1_312' title='bbox 1496 1565 1561 1583; x_wconf 84' lang='lat' dir='ltr'><em>can.</em></span> <span class='ocrx_word' id='word_1_313' title='bbox 1578 1560 1607 1583; x_wconf 86' lang='lat' dir='ltr'><em>et</em></span> <span class='ocrx_word' id='word_1_314' title='bbox 1616 1555 1786 1593; x_wconf 82' lang='lat' dir='ltr'><em>praebenda</em></span> <span class='ocrx_word' id='word_1_315' title='bbox 1804 1549 1979 1591; x_wconf 71' lang='lat' dir='ltr'><em>Trecorens.‚·</em></span> <span class='ocrx_word' id='word_1_316' title='bbox 1993 1556 2076 1590; x_wconf 80' lang='lat' dir='ltr'><em>Hugo</em></span> <span class='ocrx_word' id='word_1_317' title='bbox 2098 1554 2273 1590; x_wconf 64' lang='lat' dir='ltr'><em>Vaumxsoris,</em></span> 
     </span>
     <span class='ocr_line' id='line_1_22' title="bbox 489 1603 2274 1644; baseline -0.002 -10"><span class='ocrx_word' id='word_1_318' title='bbox 489 1618 564 1643; x_wconf 76' lang='lat' dir='ltr'><em>mag.</em></span> <span class='ocrx_word' id='word_1_319' title='bbox 582 1612 636 1635; x_wconf 89' lang='lat' dir='ltr'><em>art.</em></span> <span class='ocrx_word' id='word_1_320' title='bbox 657 1612 685 1634; x_wconf 88' lang='lat' dir='ltr'><em>et</em></span> <span class='ocrx_word' id='word_1_321' title='bbox 696 1607 874 1644; x_wconf 84' lang='lat' dir='ltr'><em>principalis</em></span> <span class='ocrx_word' id='word_1_322' title='bbox 893 1607 1008 1642; x_wconf 79' lang='lat' dir='ltr'><em>collegii</em></span> <span class='ocrx_word' id='word_1_323' title='bbox 1024 1606 1060 1632; x_wconf 87' lang='lat' dir='ltr'><em>de</em></span> <span class='ocrx_word' id='word_1_324' title='bbox 1076 1606 1202 1641; x_wconf 82' lang='lat' dir='ltr'><em>Becoud,</em></span> <span class='ocrx_word' id='word_1_325' title='bbox 1221 1606 1257 1632; x_wconf 86' lang='lat' dir='ltr'><em>de</em></span> <span class='ocrx_word' id='word_1_326' title='bbox 1270 1615 1335 1632; x_wconf 86' lang='lat' dir='ltr'><em>can.</em></span> <span class='ocrx_word' id='word_1_327' title='bbox 1351 1610 1378 1632; x_wconf 84' lang='lat' dir='ltr'><em>et</em></span> <span class='ocrx_word' id='word_1_328' title='bbox 1390 1606 1493 1643; x_wconf 81' lang='lat' dir='ltr'><em>praeb.</em></span> <span class='ocrx_word' id='word_1_329' title='bbox 1507 1606 1656 1640; x_wconf 82' lang='lat' dir='ltr'><em>Atrebat.;</em></span> <span class='ocrx_word' id='word_1_330' title='bbox 1673 1605 1840 1632; x_wconf 82' lang='lat' dir='ltr'><em>Guillelmus</em></span> <span class='ocrx_word' id='word_1_331' title='bbox 1854 1607 1960 1640; x_wconf 83' lang='lat' dir='ltr'><em>Musce,</em></span> <span class='ocrx_word' id='word_1_332' title='bbox 1977 1606 2006 1631; x_wconf 89' lang='lat' dir='ltr'><em>in</em></span> <span class='ocrx_word' id='word_1_333' title='bbox 2021 1609 2077 1631; x_wconf 87' lang='lat' dir='ltr'><em>art.</em></span> <span class='ocrx_word' id='word_1_334' title='bbox 2092 1613 2179 1639; x_wconf 64' lang='lat' dir='ltr'><em>mag„</em></span> <span class='ocrx_word' id='word_1_335' title='bbox 2196 1603 2274 1631; x_wconf 81' lang='lat' dir='ltr'><em>stud.</em></span> 
     </span>
     <span class='ocr_line' id='line_1_23' title="bbox 489 1653 2280 1692; baseline -0.002 -8"><span class='ocrx_word' id='word_1_336' title='bbox 489 1658 517 1684; x_wconf 87' lang='lat' dir='ltr'><em>in</em></span> <span class='ocrx_word' id='word_1_337' title='bbox 532 1659 592 1692; x_wconf 86' lang='lat' dir='ltr'><em>fac.</em></span> <span class='ocrx_word' id='word_1_338' title='bbox 607 1657 731 1692; x_wconf 83' lang='lat' dir='ltr'><em>decret.‚·</em></span> <span class='ocrx_word' id='word_1_339' title='bbox 754 1657 921 1683; x_wconf 83' lang='lat' dir='ltr'><em>Guillelmus</em></span> <span class='ocrx_word' id='word_1_340' title='bbox 934 1655 1078 1691; x_wconf 73' lang='lat' dir='ltr'><em>Boni-don,</em></span> <span class='ocrx_word' id='word_1_341' title='bbox 1098 1664 1174 1690; x_wconf 77' lang='lat' dir='ltr'><em>mag.</em></span> <span class='ocrx_word' id='word_1_342' title='bbox 1193 1659 1250 1682; x_wconf 91' lang='lat' dir='ltr'><em>art.</em></span> <span class='ocrx_word' id='word_1_343' title='bbox 1267 1659 1295 1681; x_wconf 87' lang='lat' dir='ltr'><em>et</em></span> <span class='ocrx_word' id='word_1_344' title='bbox 1307 1655 1384 1681; x_wconf 83' lang='lat' dir='ltr'><em>stud.</em></span> <span class='ocrx_word' id='word_1_345' title='bbox 1401 1656 1430 1681; x_wconf 87' lang='lat' dir='ltr'><em>in</em></span> <span class='ocrx_word' id='word_1_346' title='bbox 1441 1657 1502 1690; x_wconf 83' lang='lat' dir='ltr'><em>sac.</em></span> <span class='ocrx_word' id='word_1_347' title='bbox 1519 1654 1616 1690; x_wconf 59' lang='lat' dir='ltr'><em>theol„</em></span> <span class='ocrx_word' id='word_1_348' title='bbox 1637 1658 1688 1681; x_wconf 88' lang='lat' dir='ltr'><em>etc.</em></span> <span class='ocrx_word' id='word_1_349' title='bbox 1707 1655 1854 1689; x_wconf 75' lang='lat' dir='ltr'><em>Scriptum</em></span> <span class='ocrx_word' id='word_1_350' title='bbox 1871 1654 1996 1681; x_wconf 87' lang='lat' dir='ltr'><em>Parisius</em></span> <span class='ocrx_word' id='word_1_351' title='bbox 2010 1654 2041 1680; x_wconf 93' lang='lat' dir='ltr'><em>in</em></span> <span class='ocrx_word' id='word_1_352' title='bbox 2053 1653 2280 1688; x_wconf 80' lang='lat' dir='ltr'><em>congregatione</em></span> 
     </span>
     <span class='ocr_line' id='line_1_24' title="bbox 488 1702 2275 1741; baseline -0.002 -7"><span class='ocrx_word' id='word_1_353' title='bbox 488 1707 613 1741; x_wconf 84' lang='lat' dir='ltr'><em>generali</em></span> <span class='ocrx_word' id='word_1_354' title='bbox 630 1708 749 1741; x_wconf 87' lang='lat' dir='ltr'><em>propter</em></span> <span class='ocrx_word' id='word_1_355' title='bbox 769 1707 826 1733; x_wconf 87' lang='lat' dir='ltr'><em>hoc</em></span> <span class='ocrx_word' id='word_1_356' title='bbox 840 1714 886 1740; x_wconf 88' lang='lat' dir='ltr'><em>ap.</em></span> <span class='ocrx_word' id='word_1_357' title='bbox 905 1706 930 1732; x_wconf 90' lang='lat' dir='ltr'><em>S.</em></span> <span class='ocrx_word' id='word_1_358' title='bbox 949 1705 1138 1732; x_wconf 88' lang='lat' dir='ltr'><em>Maturinum</em></span> <span class='ocrx_word' id='word_1_359' title='bbox 1152 1705 1312 1739; x_wconf 76' lang='lat' dir='ltr'><em>specialiter</em></span> <span class='ocrx_word' id='word_1_360' title='bbox 1331 1705 1473 1732; x_wconf 87' lang='lat' dir='ltr'><em>celebrata</em></span> <span class='ocrx_word' id='word_1_361' title='bbox 1487 1712 1567 1732; x_wconf 91' lang='lat' dir='ltr'><em>anno</em></span> <span class='ocrx_word' id='word_1_362' title='bbox 1581 1705 1668 1731; x_wconf 90' lang='lat' dir='ltr'><em>Dom.</em></span> <span class='ocrx_word' id='word_1_363' title='bbox 1691 1705 1848 1731; x_wconf 86' lang='lat' dir='ltr'><em>millesimo</em></span> <span class='ocrx_word' id='word_1_364' title='bbox 1866 1703 2157 1738; x_wconf 82' lang='lat' dir='ltr'><em>quadringentesimo</em></span> <span class='ocrx_word' id='word_1_365' title='bbox 2171 1702 2275 1731; x_wconf 81' lang='lat' dir='ltr'><em>tertio-</em></span> 
     </span>
    </p>
   </div>
   <div class='ocr_carea' id='block_1_7' title="bbox 487 1755 1916 1818">
    <p class='ocr_par' dir='ltr' id='par_1_7' title="bbox 487 1755 1916 1818">
     <span class='ocr_line' id='line_1_25' title="bbox 487 1755 1005 1786; baseline -0.006 -3"><span class='ocrx_word' id='word_1_366' title='bbox 487 1756 611 1786; x_wconf 77' lang='lat' dir='ltr'><em>decimo.</em></span> <span class='ocrx_word' id='word_1_367' title='bbox 628 1756 708 1782; x_wconf 86' lang='lat' dir='ltr'><em>dic...</em></span> <span class='ocrx_word' id='word_1_368' title='bbox 728 1766 741 1780; x_wconf 90' lang='lat'>«</span> <span class='ocrx_word' id='word_1_369' title='bbox 758 1755 786 1782; x_wconf 88' lang='lat' dir='ltr'><em>Si</em></span> <span class='ocrx_word' id='word_1_370' title='bbox 801 1757 830 1782; x_wconf 84' lang='lat' dir='ltr'><em>et.</em></span> <span class='ocrx_word' id='word_1_371' title='bbox 845 1755 963 1781; x_wconf 92' lang='lat' dir='ltr'><em>dudum</em></span> <span class='ocrx_word' id='word_1_372' title='bbox 980 1764 1005 1780; x_wconf 89' lang='lat'><em>».</em></span> 
     </span>
     <span class='ocr_line' id='line_1_26' title="bbox 1711 1789 1916 1818; baseline 0 -3"><span class='ocrx_word' id='word_1_373' title='bbox 1711 1790 1784 1818; x_wconf 78' lang='grc'><strong>1413,</strong></span> <span class='ocrx_word' id='word_1_374' title='bbox 1799 1789 1916 1816; x_wconf 81' lang='lat' dir='ltr'><em>Parisiis.</em></span> 
     </span>
    </p>
   </div>
   <div class='ocr_carea' id='block_1_8' title="bbox 494 1851 1577 1884">
    <p class='ocr_par' dir='ltr' id='par_1_8' title="bbox 494 1851 1577 1884">
     <span class='ocr_line' id='line_1_27' title="bbox 494 1851 1577 1884; baseline -0.003 -6"><span class='ocrx_word' id='word_1_375' title='bbox 494 1855 610 1878; x_wconf 77' lang='lat' dir='ltr'><em>Minuta</em></span> <span class='ocrx_word' id='word_1_376' title='bbox 623 1853 749 1882; x_wconf 64' lang='lat' dir='ltr'><em>chartac„</em></span> <span class='ocrx_word' id='word_1_377' title='bbox 768 1852 888 1884; x_wconf 81' lang='lat' dir='ltr'><em>margine</em></span> <span class='ocrx_word' id='word_1_378' title='bbox 899 1852 1052 1881; x_wconf 82' lang='lat' dir='ltr'><em>dilacerata,</em></span> <span class='ocrx_word' id='word_1_379' title='bbox 1069 1851 1095 1874; x_wconf 91' lang='lat' dir='ltr'><em>in</em></span> <span class='ocrx_word' id='word_1_380' title='bbox 1111 1851 1190 1875; x_wconf 76' lang='lat' dir='ltr'><em>Arch.</em></span> <span class='ocrx_word' id='word_1_381' title='bbox 1206 1855 1262 1875; x_wconf 86' lang='lat' dir='ltr'><em>nat.</em></span> <span class='ocrx_word' id='word_1_382' title='bbox 1275 1851 1370 1880; x_wconf 65' lang='lat' dir='ltr'><em>Paris„</em></span> <span class='ocrx_word' id='word_1_383' title='bbox 1387 1852 1411 1875; x_wconf 91' lang='lat' dir='ltr'>M</span> <span class='ocrx_word' id='word_1_384' title='bbox 1426 1852 1478 1881; x_wconf 71' lang='lat'><strong>65³,</strong></span> <span class='ocrx_word' id='word_1_385' title='bbox 1494 1856 1524 1875; x_wconf 87' lang='lat' dir='ltr'><em>n⁰</em></span> <span class='ocrx_word' id='word_1_386' title='bbox 1539 1852 1577 1875; x_wconf 77' lang='lat'><em>24.</em></span> 
     </span>
    </p>
   </div>
   <div class='ocr_carea' id='block_1_9' title="bbox 408 2020 1993 2101">
    <p class='ocr_par' dir='ltr' id='par_1_9' title="bbox 408 2020 1993 2101">
     <span class='ocr_line' id='line_1_28' title="bbox 408 2020 1113 2063; baseline -0.004 -6"><span class='ocrx_word' id='word_1_387' title='bbox 408 2020 548 2057; x_wconf 78' lang='grc'><strong>1998.</strong></span> <span class='ocrx_word' id='word_1_388' title='bbox 571 2029 727 2055; x_wconf 85' lang='lat' dir='ltr'><em>Licentiati</em></span> <span class='ocrx_word' id='word_1_389' title='bbox 741 2029 769 2055; x_wconf 87' lang='lat' dir='ltr'><em>in</em></span> <span class='ocrx_word' id='word_1_390' title='bbox 783 2028 929 2063; x_wconf 82' lang='lat' dir='ltr'><em>facultate</em></span> <span class='ocrx_word' id='word_1_391' title='bbox 942 2027 1113 2063; x_wconf 76' lang='lat' dir='ltr'><em>theologiae.</em></span> 
     </span>
     <span class='ocr_line' id='line_1_29' title="bbox 1512 2069 1993 2101; baseline -0.004 -4"><span class='ocrx_word' id='word_1_392' title='bbox 1512 2071 1586 2101; x_wconf 75' lang='grc'><strong>1413,</strong></span> <span class='ocrx_word' id='word_1_393' title='bbox 1604 2071 1674 2098; x_wconf 77' lang='lat' dir='ltr'><em>circa</em></span> <span class='ocrx_word' id='word_1_394' title='bbox 1687 2070 1803 2097; x_wconf 77' lang='lat' dir='ltr'><em>Decomb.</em></span> <span class='ocrx_word' id='word_1_395' title='bbox 1820 2071 1864 2100; x_wconf 78' lang='lat'><em>25,</em></span> <span class='ocrx_word' id='word_1_396' title='bbox 1878 2069 1993 2096; x_wconf 79' lang='lat' dir='ltr'><em>Parisiis.</em></span> 
     </span>
    </p>
   </div>
   <div class='ocr_carea' id='block_1_10' title="bbox 495 2158 2230 2340">
    <p class='ocr_par' dir='ltr' id='par_1_10' title="bbox 495 2158 2230 2244">
     <span class='ocr_line' id='line_1_30' title="bbox 495 2158 2230 2194; baseline -0.001 -8"><span class='ocrx_word' id='word_1_397' title='bbox 495 2161 582 2187; x_wconf 90' lang='lat' dir='ltr'><em>Dom.</em></span> <span class='ocrx_word' id='word_1_398' title='bbox 600 2160 748 2186; x_wconf 86' lang='lat' dir='ltr'><em>Johanncs</em></span> <span class='ocrx_word' id='word_1_399' title='bbox 763 2161 799 2187; x_wconf 89' lang='lat' dir='ltr'><em>de</em></span> <span class='ocrx_word' id='word_1_400' title='bbox 814 2161 906 2190; x_wconf 81' lang='lat' dir='ltr'><em>Valle,</em></span> <span class='ocrx_word' id='word_1_401' title='bbox 922 2162 1107 2194; x_wconf 76' lang='lat' dir='ltr'><em>presentatus</em></span> <span class='ocrx_word' id='word_1_402' title='bbox 1122 2160 1158 2187; x_wconf 63' lang='grc' dir='ltr'><em>ΞΗ</em></span> <span class='ocrx_word' id='word_1_403' title='bbox 1174 2160 1323 2187; x_wconf 88' lang='lat' dir='ltr'><em>Bernardi.</em></span> <span class='ocrx_word' id='word_1_404' title='bbox 1452 2161 1538 2188; x_wconf 90' lang='lat' dir='ltr'><em>Dom.</em></span> <span class='ocrx_word' id='word_1_405' title='bbox 1555 2161 1704 2188; x_wconf 74' lang='lat' dir='ltr'><em>,lohannes</em></span> <span class='ocrx_word' id='word_1_406' title='bbox 1718 2161 1754 2188; x_wconf 89' lang='lat' dir='ltr'><em>de</em></span> <span class='ocrx_word' id='word_1_407' title='bbox 1768 2159 2008 2194; x_wconf 71' lang='lat' dir='ltr'><em>Montenoyson7,</em></span> <span class='ocrx_word' id='word_1_408' title='bbox 2023 2158 2230 2186; x_wconf 82' lang='lat' dir='ltr'><em>Cluniacensis.</em></span> 
     </span>
     <span class='ocr_line' id='line_1_31' title="bbox 496 2208 1970 2244; baseline -0.001 -8"><span class='ocrx_word' id='word_1_409' title='bbox 496 2210 570 2244; x_wconf 85' lang='lat' dir='ltr'>Mag.</span> <span class='ocrx_word' id='word_1_410' title='bbox 589 2210 760 2236; x_wconf 87' lang='lat' dir='ltr'><em>Dominicus</em></span> <span class='ocrx_word' id='word_1_411' title='bbox 775 2209 938 2236; x_wconf 87' lang='lat' dir='ltr'><em>Chaillon⁴.</em></span> <span class='ocrx_word' id='word_1_412' title='bbox 1452 2211 1525 2244; x_wconf 84' lang='lat' dir='ltr'><em>Mag.</em></span> <span class='ocrx_word' id='word_1_413' title='bbox 1543 2210 1691 2237; x_wconf 83' lang='lat' dir='ltr'><em>Johannes</em></span> <span class='ocrx_word' id='word_1_414' title='bbox 1705 2210 1741 2237; x_wconf 88' lang='lat' dir='ltr'><em>de</em></span> <span class='ocrx_word' id='word_1_415' title='bbox 1753 2208 1970 2236; x_wconf 70' lang='lat' dir='ltr'><em>Monteleoniss.</em></span> 
     </span>
    </p>

    <p class='ocr_par' dir='ltr' id='par_1_11' title="bbox 497 2257 1960 2293">
     <span class='ocr_line' id='line_1_32' title="bbox 497 2257 1960 2293; baseline -0.001 -9"><span class='ocrx_word' id='word_1_416' title='bbox 497 2260 542 2285; x_wconf 85' lang='lat' dir='ltr'><em>Fr.</em></span> <span class='ocrx_word' id='word_1_417' title='bbox 559 2259 661 2285; x_wconf 86' lang='lat' dir='ltr'><em>Petrus</em></span> <span class='ocrx_word' id='word_1_418' title='bbox 677 2258 790 2288; x_wconf 76' lang='lat' dir='ltr'><em>Flure2,</em></span> <span class='ocrx_word' id='word_1_419' title='bbox 808 2260 991 2293; x_wconf 81' lang='lat' dir='ltr'><em>presentatus</em></span> <span class='ocrx_word' id='word_1_420' title='bbox 1006 2259 1128 2285; x_wconf 90' lang='lat' dir='ltr'><em>Predic..</em></span> <span class='ocrx_word' id='word_1_421' title='bbox 1471 2273 1503 2278; x_wconf 93' lang='lat'><strong>—</strong></span> <span class='ocrx_word' id='word_1_422' title='bbox 1543 2258 1719 2285; x_wconf 85' lang='lat' dir='ltr'><em>Guillelmus</em></span> <span class='ocrx_word' id='word_1_423' title='bbox 1731 2257 1960 2284; x_wconf 77' lang='lat' dir='ltr'><em>Tranchevant⁹.</em></span> 
     </span>
    </p>

    <p class='ocr_par' dir='ltr' id='par_1_12' title="bbox 497 2307 1927 2340">
     <span class='ocr_line' id='line_1_33' title="bbox 497 2307 1927 2340; baseline -0.001 -7"><span class='ocrx_word' id='word_1_424' title='bbox 497 2308 583 2334; x_wconf 90' lang='lat' dir='ltr'><em>Dom.</em></span> <span class='ocrx_word' id='word_1_425' title='bbox 601 2307 776 2333; x_wconf 86' lang='lat' dir='ltr'><em>Guillelmus</em></span> <span class='ocrx_word' id='word_1_426' title='bbox 790 2307 915 2337; x_wconf 72' lang='lat' dir='ltr'><em>Fradeti,</em></span> <span class='ocrx_word' id='word_1_427' title='bbox 932 2307 1093 2333; x_wconf 63' lang='lat' dir='ltr'><em>Cluniae-³.</em></span> <span class='ocrx_word' id='word_1_428' title='bbox 1462 2308 1507 2334; x_wconf 88' lang='lat' dir='ltr'><em>Fr.</em></span> <span class='ocrx_word' id='word_1_429' title='bbox 1543 2307 1672 2334; x_wconf 83' lang='lat' dir='ltr'><em>Andreas</em></span> <span class='ocrx_word' id='word_1_430' title='bbox 1687 2307 1836 2337; x_wconf 78' lang='lat' dir='ltr'><em>Bernardi.</em></span> <span class='ocrx_word' id='word_1_431' title='bbox 1851 2307 1927 2340; x_wconf 85' lang='lat' dir='ltr'><em>Aug.</em></span> 
     </span>
    </p>
   </div>
   <div class='ocr_carea' id='block_1_11' title="bbox 499 2355 968 2480">
    <p class='ocr_par' dir='ltr' id='par_1_13' title="bbox 499 2355 968 2480">
     <span class='ocr_line' id='line_1_34' title="bbox 499 2355 871 2389; baseline 0 -7"><span class='ocrx_word' id='word_1_432' title='bbox 499 2357 572 2389; x_wconf 82' lang='lat' dir='ltr'><em>Mag.</em></span> <span class='ocrx_word' id='word_1_433' title='bbox 590 2356 737 2382; x_wconf 82' lang='lat' dir='ltr'><em>Johannes</em></span> <span class='ocrx_word' id='word_1_434' title='bbox 754 2355 871 2382; x_wconf 75' lang='lat' dir='ltr'><em>Yonis⁴.</em></span> 
     </span>
     <span class='ocr_line' id='line_1_35' title="bbox 517 2404 817 2431; baseline -0.003 0"><span class='ocrx_word' id='word_1_435' title='bbox 517 2421 551 2424; x_wconf 36' lang='grc' dir='ltr'><em>Ἀ</em></span> <span class='ocrx_word' id='word_1_436' title='bbox 590 2406 691 2431; x_wconf 86' lang='lat' dir='ltr'><em>Petrus</em></span> <span class='ocrx_word' id='word_1_437' title='bbox 706 2404 817 2431; x_wconf 54' lang='lat' dir='ltr'><em>Parviss.</em></span> 
     </span>
     <span class='ocr_line' id='line_1_36' title="bbox 523 2454 968 2480; baseline 0 -1"><span class='ocrx_word' id='word_1_438' title='bbox 523 2469 550 2473; x_wconf 39' lang='grc' dir='ltr'><strong><em>ψ</em></strong></span> <span class='ocrx_word' id='word_1_439' title='bbox 589 2454 762 2480; x_wconf 83' lang='lat' dir='ltr'><em>Eustachius</em></span> <span class='ocrx_word' id='word_1_440' title='bbox 777 2454 813 2479; x_wconf 85' lang='lat' dir='ltr'><em>de</em></span> <span class='ocrx_word' id='word_1_441' title='bbox 827 2454 968 2480; x_wconf 89' lang='lat' dir='ltr'><em>Mesnillo.</em></span> 
     </span>
    </p>
   </div>
   <div class='ocr_carea' id='block_1_12' title="bbox 510 2355 2134 2585">
    <p class='ocr_par' dir='ltr' id='par_1_14' title="bbox 1543 2355 2134 2433">
     <span class='ocr_line' id='line_1_37' title="bbox 1543 2355 2134 2391; baseline -0.003 -8"><span class='ocrx_word' id='word_1_442' title='bbox 1543 2356 1700 2383; x_wconf 85' lang='lat' dir='ltr'><em>Thomas⁴⁰</em></span> <span class='ocrx_word' id='word_1_443' title='bbox 1713 2356 1787 2390; x_wconf 79' lang='lat' dir='ltr'><em>Avis,</em></span> <span class='ocrx_word' id='word_1_444' title='bbox 1804 2357 1998 2391; x_wconf 81' lang='lat' dir='ltr'><em>presentatus,</em></span> <span class='ocrx_word' id='word_1_445' title='bbox 2014 2355 2134 2382; x_wconf 58' lang='lat' dir='ltr'><em>Cannu.</em></span> 
     </span>
     <span class='ocr_line' id='line_1_38' title="bbox 1543 2403 2010 2433; baseline -0.006 -2"><span class='ocrx_word' id='word_1_446' title='bbox 1543 2405 1719 2432; x_wconf 88' lang='lat' dir='ltr'><em>Guillelmus</em></span> <span class='ocrx_word' id='word_1_447' title='bbox 1730 2404 1876 2433; x_wconf 76' lang='lat' dir='ltr'><em>Eucherii,</em></span> <span class='ocrx_word' id='word_1_448' title='bbox 1892 2403 2010 2430; x_wconf 74' lang='lat' dir='ltr'><em>Carm¹·.</em></span> 
     </span>
    </p>

    <p class='ocr_par' dir='ltr' id='par_1_15' title="bbox 1543 2452 1964 2487">
     <span class='ocr_line' id='line_1_39' title="bbox 1543 2452 1964 2487; baseline -0.005 -7"><span class='ocrx_word' id='word_1_449' title='bbox 1543 2455 1645 2481; x_wconf 87' lang='lat' dir='ltr'><em>Petrus</em></span> <span class='ocrx_word' id='word_1_450' title='bbox 1658 2452 1818 2487; x_wconf 79' lang='lat' dir='ltr'><em>Mugetii⁴·,</em></span> <span class='ocrx_word' id='word_1_451' title='bbox 1834 2453 1964 2479; x_wconf 83' lang='lat' dir='ltr'><em>Cluniae.</em></span> 
     </span>
    </p>

    <p class='ocr_par' dir='ltr' id='par_1_16' title="bbox 510 2502 1922 2538">
     <span class='ocr_line' id='line_1_40' title="bbox 510 2502 1922 2538; baseline -0.001 -10"><span class='ocrx_word' id='word_1_452' title='bbox 510 2504 555 2528; x_wconf 89' lang='lat' dir='ltr'><em>Fr.</em></span> <span class='ocrx_word' id='word_1_453' title='bbox 587 2503 688 2529; x_wconf 88' lang='lat' dir='ltr'><em>Petrus</em></span> <span class='ocrx_word' id='word_1_454' title='bbox 704 2503 849 2533; x_wconf 73' lang='lat' dir='ltr'><em>Riehardi,</em></span> <span class='ocrx_word' id='word_1_455' title='bbox 868 2503 988 2536; x_wconf 86' lang='lat' dir='ltr'><em>Collegii</em></span> <span class='ocrx_word' id='word_1_456' title='bbox 1003 2503 1133 2529; x_wconf 85' lang='lat' dir='ltr'><em>Cluniae.</em></span> <span class='ocrx_word' id='word_1_457' title='bbox 1150 2503 1239 2537; x_wconf 88' lang='lat' dir='ltr'><em>prior.</em></span> <span class='ocrx_word' id='word_1_458' title='bbox 1543 2504 1667 2530; x_wconf 84' lang='lat' dir='ltr'><em>Jacobus</em></span> <span class='ocrx_word' id='word_1_459' title='bbox 1681 2503 1789 2538; x_wconf 85' lang='lat' dir='ltr'><em>Magni,</em></span> <span class='ocrx_word' id='word_1_460' title='bbox 1805 2503 1880 2537; x_wconf 86' lang='lat' dir='ltr'><em>Aug.</em></span> <span class='ocrx_word' id='word_1_461' title='bbox 1892 2502 1922 2527; x_wconf 76' lang='lat'><em>¹².</em></span> 
     </span>
    </p>

    <p class='ocr_par' dir='ltr' id='par_1_17' title="bbox 512 2549 2090 2585">
     <span class='ocr_line' id='line_1_41' title="bbox 512 2549 2090 2585; baseline -0.001 -8"><span class='ocrx_word' id='word_1_462' title='bbox 512 2552 598 2577; x_wconf 87' lang='lat' dir='ltr'><em>Dom.</em></span> <span class='ocrx_word' id='word_1_463' title='bbox 615 2551 792 2578; x_wconf 86' lang='lat' dir='ltr'><em>Philihertus</em></span> <span class='ocrx_word' id='word_1_464' title='bbox 805 2551 842 2577; x_wconf 86' lang='lat' dir='ltr'><em>de</em></span> <span class='ocrx_word' id='word_1_465' title='bbox 856 2552 1028 2585; x_wconf 83' lang='lat' dir='ltr'><em>Antegneyo</em></span> <span class='ocrx_word' id='word_1_466' title='bbox 1036 2551 1057 2582; x_wconf 72' lang='grc' dir='ltr'><em>ὓ,</em></span> <span class='ocrx_word' id='word_1_467' title='bbox 1074 2552 1280 2579; x_wconf 87' lang='lat' dir='ltr'><em>Cluniacensis.</em></span> <span class='ocrx_word' id='word_1_468' title='bbox 2036 2549 2090 2584; x_wconf 91' lang='lat'><strong>[17]</strong></span> 
     </span>
    </p>
   </div>
   <div class='ocr_carea' id='block_1_13' title="bbox 417 2632 2287 2715">
    <p class='ocr_par' dir='ltr' id='par_1_18' title="bbox 417 2632 2287 2715">
     <span class='ocr_line' id='line_1_42' title="bbox 508 2632 2287 2670; baseline -0.002 -9"><span class='ocrx_word' id='word_1_469' title='bbox 508 2639 576 2662; x_wconf 91' lang='lat' dir='ltr'><em>Bibl.</em></span> <span class='ocrx_word' id='word_1_470' title='bbox 599 2642 652 2662; x_wconf 85' lang='lat' dir='ltr'><em>nat.</em></span> <span class='ocrx_word' id='word_1_471' title='bbox 669 2639 764 2668; x_wconf 84' lang='lat' dir='ltr'><em>Paris.‚</em></span> <span class='ocrx_word' id='word_1_472' title='bbox 781 2648 830 2663; x_wconf 85' lang='lat' dir='ltr'><em>ms.</em></span> <span class='ocrx_word' id='word_1_473' title='bbox 851 2640 899 2663; x_wconf 82' lang='lat' dir='ltr'><em>lat.</em></span> <span class='ocrx_word' id='word_1_474' title='bbox 923 2642 1005 2668; x_wconf 71' lang='lat'><strong>56572,</strong></span> <span class='ocrx_word' id='word_1_475' title='bbox 1029 2641 1074 2664; x_wconf 88' lang='lat' dir='ltr'><em>sol.</em></span> <span class='ocrx_word' id='word_1_476' title='bbox 1091 2640 1143 2670; x_wconf 73' lang='lat'><strong>14¹³,</strong></span> <span class='ocrx_word' id='word_1_477' title='bbox 1164 2641 1210 2664; x_wconf 88' lang='lat' dir='ltr'><em>ubi</em></span> <span class='ocrx_word' id='word_1_478' title='bbox 1228 2640 1376 2664; x_wconf 81' lang='lat' dir='ltr'><em>scribitur:</em></span> <span class='ocrx_word' id='word_1_479' title='bbox 1395 2649 1406 2664; x_wconf 73' lang='grc' dir='ltr'>α</span> <span class='ocrx_word' id='word_1_480' title='bbox 1422 2640 1498 2664; x_wconf 88' lang='lat' dir='ltr'><em>Circa</em></span> <span class='ocrx_word' id='word_1_481' title='bbox 1519 2642 1616 2664; x_wconf 82' lang='lat' dir='ltr'><em>festum</em></span> <span class='ocrx_word' id='word_1_482' title='bbox 1635 2639 1786 2663; x_wconf 79' lang='lat' dir='ltr'><em>Nativitatis</em></span> <span class='ocrx_word' id='word_1_483' title='bbox 1800 2632 1903 2662; x_wconf 88' lang='lat' dir='ltr'><em>Domini</em></span> <span class='ocrx_word' id='word_1_484' title='bbox 1919 2647 1941 2668; x_wconf 80' lang='grc'><em>1),</em></span> <span class='ocrx_word' id='word_1_485' title='bbox 1962 2641 1987 2661; x_wconf 83' lang='lat' dir='ltr'><em>et</em></span> <span class='ocrx_word' id='word_1_486' title='bbox 2001 2637 2107 2669; x_wconf 85' lang='lat' dir='ltr'><em>quidem</em></span> <span class='ocrx_word' id='word_1_487' title='bbox 2129 2639 2189 2659; x_wconf 86' lang='lat' dir='ltr'><em>ante</em></span> <span class='ocrx_word' id='word_1_488' title='bbox 2208 2635 2287 2659; x_wconf 74' lang='lat' dir='ltr'><em>finem</em></span> 
     </span>
     <span class='ocr_line' id='line_1_43' title="bbox 417 2683 1549 2715; baseline 0.004 -10"><span class='ocrx_word' id='word_1_489' title='bbox 417 2684 477 2706; x_wconf 73' lang='lat' dir='ltr'><em>unni</em></span> <span class='ocrx_word' id='word_1_490' title='bbox 493 2683 562 2712; x_wconf 72' lang='lat'><strong>1413,</strong></span> <span class='ocrx_word' id='word_1_491' title='bbox 579 2691 639 2706; x_wconf 81' lang='lat' dir='ltr'><em>num</em></span> <span class='ocrx_word' id='word_1_492' title='bbox 653 2683 728 2714; x_wconf 86' lang='lat' dir='ltr'><em>quasi</em></span> <span class='ocrx_word' id='word_1_493' title='bbox 742 2692 832 2707; x_wconf 87' lang='lat' dir='ltr'><em>omnes</em></span> <span class='ocrx_word' id='word_1_494' title='bbox 845 2684 902 2715; x_wconf 85' lang='lat' dir='ltr'><em>jam</em></span> <span class='ocrx_word' id='word_1_495' title='bbox 917 2693 960 2708; x_wconf 81' lang='lat' dir='ltr'><em>an.</em></span> <span class='ocrx_word' id='word_1_496' title='bbox 976 2686 1046 2715; x_wconf 86' lang='lat'><strong>1414,</strong></span> <span class='ocrx_word' id='word_1_497' title='bbox 1064 2686 1123 2708; x_wconf 89' lang='lat' dir='ltr'><em>Jan.</em></span> <span class='ocrx_word' id='word_1_498' title='bbox 1142 2686 1192 2714; x_wconf 87' lang='lat'><strong>3-5,</strong></span> <span class='ocrx_word' id='word_1_499' title='bbox 1209 2689 1238 2709; x_wconf 85' lang='lat' dir='ltr'><em>ut</em></span> <span class='ocrx_word' id='word_1_500' title='bbox 1251 2685 1380 2709; x_wconf 82' lang='lat' dir='ltr'><em>licentiati</em></span> <span class='ocrx_word' id='word_1_501' title='bbox 1394 2684 1549 2710; x_wconf 76' lang='lat' dir='ltr'><em>afferuntur.</em></span> 
     </span>
    </p>
   </div>
   <div class='ocr_carea' id='block_1_14' title="bbox 418 2763 2290 2933">
    <p class='ocr_par' dir='ltr' id='par_1_19' title="bbox 418 2763 2290 2933">
     <span class='ocr_line' id='line_1_44' title="bbox 512 2763 2289 2802; baseline -0.002 -11"><span class='ocrx_word' id='word_1_502' title='bbox 512 2767 536 2791; x_wconf 90' lang='grc'><em>1.</em></span> <span class='ocrx_word' id='word_1_503' title='bbox 553 2768 646 2791; x_wconf 79' lang='lat' dir='ltr'><em>Postea</em></span> <span class='ocrx_word' id='word_1_504' title='bbox 661 2768 826 2791; x_wconf 85' lang='lat' dir='ltr'><em>Universitas</em></span> <span class='ocrx_word' id='word_1_505' title='bbox 842 2769 926 2792; x_wconf 67' lang='lat' dir='ltr'><em>Paris.</em></span> <span class='ocrx_word' id='word_1_506' title='bbox 944 2769 978 2792; x_wconf 85' lang='lat' dir='ltr'><em>ad</em></span> <span class='ocrx_word' id='word_1_507' title='bbox 994 2769 1134 2800; x_wconf 86' lang='lat' dir='ltr'><em>quemdam</em></span> <span class='ocrx_word' id='word_1_508' title='bbox 1149 2770 1299 2801; x_wconf 82' lang='lat' dir='ltr'><em>praelatum</em></span> <span class='ocrx_word' id='word_1_509' title='bbox 1315 2769 1463 2802; x_wconf 84' lang='lat' dir='ltr'><em>supplicem</em></span> <span class='ocrx_word' id='word_1_510' title='bbox 1477 2769 1598 2793; x_wconf 84' lang='lat' dir='ltr'><em>libellum</em></span> <span class='ocrx_word' id='word_1_511' title='bbox 1612 2768 1686 2792; x_wconf 76' lang='lat' dir='ltr'><em>misit</em></span> <span class='ocrx_word' id='word_1_512' title='bbox 1700 2776 1750 2800; x_wconf 89' lang='lat' dir='ltr'><em>pro</em></span> <span class='ocrx_word' id='word_1_513' title='bbox 1765 2776 1803 2796; x_wconf 84' lang='lat' dir='ltr'><em>eo,</em></span> <span class='ocrx_word' id='word_1_514' title='bbox 1821 2770 1850 2791; x_wconf 82' lang='lat' dir='ltr'><em>ut</em></span> <span class='ocrx_word' id='word_1_515' title='bbox 1863 2766 1890 2790; x_wconf 86' lang='lat' dir='ltr'><em>in</em></span> <span class='ocrx_word' id='word_1_516' title='bbox 1904 2765 2120 2790; x_wconf 84' lang='lat' dir='ltr'><em>archidiaconatu</em></span> <span class='ocrx_word' id='word_1_517' title='bbox 2135 2765 2167 2788; x_wconf 85' lang='lat' dir='ltr'><em>de</em></span> <span class='ocrx_word' id='word_1_518' title='bbox 2182 2763 2289 2788; x_wconf 81' lang='lat' dir='ltr'><em>Sabolio</em></span> 
     </span>
     <span class='ocr_line' id='line_1_45' title="bbox 419 2807 2290 2846; baseline -0.002 -12"><span class='ocrx_word' id='word_1_519' title='bbox 419 2815 618 2835; x_wconf 78' lang='lat' dir='ltr'><em>conservaretur</em></span> <span class='ocrx_word' id='word_1_520' title='bbox 632 2812 719 2841; x_wconf 76' lang='lat' dir='ltr'><em>(Areh.</em></span> <span class='ocrx_word' id='word_1_521' title='bbox 732 2816 785 2836; x_wconf 75' lang='lat' dir='ltr'><em>nat.</em></span> <span class='ocrx_word' id='word_1_522' title='bbox 799 2813 893 2842; x_wconf 69' lang='lat' dir='ltr'><em>Paris„</em></span> <span class='ocrx_word' id='word_1_523' title='bbox 909 2814 933 2837; x_wconf 91' lang='lat' dir='ltr'>M</span> <span class='ocrx_word' id='word_1_524' title='bbox 942 2815 992 2842; x_wconf 69' lang='lat'><em>65⁸,</em></span> <span class='ocrx_word' id='word_1_525' title='bbox 1004 2818 1033 2836; x_wconf 87' lang='lat' dir='ltr'><em>n⁰</em></span> <span class='ocrx_word' id='word_1_526' title='bbox 1047 2814 1095 2844; x_wconf 88' lang='lat'><strong>17).</strong></span> <span class='ocrx_word' id='word_1_527' title='bbox 1111 2815 1159 2837; x_wconf 82' lang='lat' dir='ltr'><em>An.</em></span> <span class='ocrx_word' id='word_1_528' title='bbox 1174 2814 1232 2837; x_wconf 75' lang='lat'><strong>1421</strong></span> <span class='ocrx_word' id='word_1_529' title='bbox 1243 2814 1298 2846; x_wconf 77' lang='lat' dir='ltr'><em>jam</em></span> <span class='ocrx_word' id='word_1_530' title='bbox 1310 2817 1339 2838; x_wconf 85' lang='lat' dir='ltr'><em>ut</em></span> <span class='ocrx_word' id='word_1_531' title='bbox 1351 2822 1444 2839; x_wconf 84' lang='lat' dir='ltr'><em>canon.</em></span> <span class='ocrx_word' id='word_1_532' title='bbox 1458 2815 1633 2846; x_wconf 78' lang='lat' dir='ltr'><em>Rotomagens</em></span> <span class='ocrx_word' id='word_1_533' title='bbox 1644 2813 1782 2836; x_wconf 73' lang='lat' dir='ltr'><em>defunctus</em></span> <span class='ocrx_word' id='word_1_534' title='bbox 1797 2812 1900 2844; x_wconf 84' lang='lat' dir='ltr'><em>(Suppl.</em></span> <span class='ocrx_word' id='word_1_535' title='bbox 1911 2811 1989 2835; x_wconf 83' lang='lat' dir='ltr'><em>Mart.</em></span> <span class='ocrx_word' id='word_1_536' title='bbox 2000 2811 2030 2840; x_wconf 88' lang='lat' dir='ltr'><em>V,</em></span> <span class='ocrx_word' id='word_1_537' title='bbox 2042 2814 2071 2833; x_wconf 87' lang='lat' dir='ltr'><em>n⁰</em></span> <span class='ocrx_word' id='word_1_538' title='bbox 2086 2810 2140 2839; x_wconf 83' lang='lat'><strong>142,</strong></span> <span class='ocrx_word' id='word_1_539' title='bbox 2153 2808 2198 2832; x_wconf 84' lang='lat' dir='ltr'><em>l&#39;ol.</em></span> <span class='ocrx_word' id='word_1_540' title='bbox 2211 2807 2290 2838; x_wconf 65' lang='lat' dir='ltr'><em>nub).</em></span> 
     </span>
     <span class='ocr_line' id='line_1_46' title="bbox 418 2851 2288 2891; baseline -0.002 -11"><span class='ocrx_word' id='word_1_541' title='bbox 418 2869 449 2874; x_wconf 88' lang='lat'>—</span> <span class='ocrx_word' id='word_1_542' title='bbox 461 2855 485 2880; x_wconf 88' lang='grc'><em>2.</em></span> <span class='ocrx_word' id='word_1_543' title='bbox 503 2856 553 2879; x_wconf 80' lang='lat' dir='ltr'><em>Seu</em></span> <span class='ocrx_word' id='word_1_544' title='bbox 569 2866 581 2878; x_wconf 69' lang='grc' dir='ltr'><em>(ι</em></span> <span class='ocrx_word' id='word_1_545' title='bbox 598 2857 673 2879; x_wconf 89' lang='lat' dir='ltr'><em>Flore</em></span> <span class='ocrx_word' id='word_1_546' title='bbox 688 2866 710 2886; x_wconf 68' lang='grc' dir='ltr'><em>ω,</em></span> <span class='ocrx_word' id='word_1_547' title='bbox 726 2867 738 2878; x_wconf 84' lang='grc'>«</span> <span class='ocrx_word' id='word_1_548' title='bbox 754 2858 848 2880; x_wconf 88' lang='lat' dir='ltr'><em>Floure</em></span> <span class='ocrx_word' id='word_1_549' title='bbox 860 2867 881 2885; x_wconf 81' lang='grc'><em>»,</em></span> <span class='ocrx_word' id='word_1_550' title='bbox 895 2858 940 2889; x_wconf 90' lang='lat' dir='ltr'><em>qui</em></span> <span class='ocrx_word' id='word_1_551' title='bbox 957 2866 1024 2881; x_wconf 90' lang='lat' dir='ltr'><em>anno</em></span> <span class='ocrx_word' id='word_1_552' title='bbox 1040 2859 1133 2882; x_wconf 90' lang='lat' dir='ltr'><em>eodem</em></span> <span class='ocrx_word' id='word_1_553' title='bbox 1147 2862 1173 2882; x_wconf 88' lang='lat' dir='ltr'><em>et</em></span> <span class='ocrx_word' id='word_1_554' title='bbox 1187 2862 1280 2890; x_wconf 83' lang='lat' dir='ltr'><em>postea</em></span> <span class='ocrx_word' id='word_1_555' title='bbox 1297 2859 1346 2883; x_wconf 81' lang='lat' dir='ltr'><em>suit</em></span> <span class='ocrx_word' id='word_1_556' title='bbox 1359 2858 1475 2883; x_wconf 79' lang='lat' dir='ltr'><em>vicarius</em></span> <span class='ocrx_word' id='word_1_557' title='bbox 1487 2858 1619 2891; x_wconf 78' lang='lat' dir='ltr'><em>generalis</em></span> <span class='ocrx_word' id='word_1_558' title='bbox 1632 2857 1797 2889; x_wconf 78' lang='lat' dir='ltr'><em>inquisitoris</em></span> <span class='ocrx_word' id='word_1_559' title='bbox 1810 2856 1957 2880; x_wconf 79' lang='lat' dir='ltr'><em>haereticae</em></span> <span class='ocrx_word' id='word_1_560' title='bbox 1970 2854 2112 2887; x_wconf 76' lang='lat' dir='ltr'><em>pravitatis</em></span> <span class='ocrx_word' id='word_1_561' title='bbox 2126 2853 2153 2877; x_wconf 87' lang='lat' dir='ltr'><em>in</em></span> <span class='ocrx_word' id='word_1_562' title='bbox 2168 2851 2288 2877; x_wconf 81' lang='lat' dir='ltr'><em>Francia.</em></span> 
     </span>
     <span class='ocr_line' id='line_1_47' title="bbox 419 2897 2290 2933; baseline -0.001 -10"><span class='ocrx_word' id='word_1_563' title='bbox 419 2915 449 2917; x_wconf 97' lang='lat'><strong>—</strong></span> <span class='ocrx_word' id='word_1_564' title='bbox 463 2900 486 2924; x_wconf 82' lang='lat'><em>3.</em></span> <span class='ocrx_word' id='word_1_565' title='bbox 501 2900 612 2923; x_wconf 78' lang='lat' dir='ltr'><em>Additur</em></span> <span class='ocrx_word' id='word_1_566' title='bbox 624 2908 633 2923; x_wconf 72' lang='grc' dir='ltr'><strong><em>α</em></strong></span> <span class='ocrx_word' id='word_1_567' title='bbox 648 2901 714 2924; x_wconf 84' lang='lat' dir='ltr'><em>alias</em></span> <span class='ocrx_word' id='word_1_568' title='bbox 730 2902 847 2924; x_wconf 80' lang='lat' dir='ltr'><em>Fredenu</em></span> <span class='ocrx_word' id='word_1_569' title='bbox 863 2911 885 2925; x_wconf 73' lang='grc' dir='ltr'><em>υ.</em></span> <span class='ocrx_word' id='word_1_570' title='bbox 896 2916 926 2920; x_wconf 90' lang='grc'><strong>-</strong></span> <span class='ocrx_word' id='word_1_571' title='bbox 939 2902 963 2927; x_wconf 69' lang='grc'><em>4.</em></span> <span class='ocrx_word' id='word_1_572' title='bbox 979 2903 1043 2926; x_wconf 84' lang='lat' dir='ltr'><em>Ms.-.</em></span> <span class='ocrx_word' id='word_1_573' title='bbox 1060 2911 1069 2926; x_wconf 69' lang='grc' dir='ltr'><em>α</em></span> <span class='ocrx_word' id='word_1_574' title='bbox 1081 2903 1157 2926; x_wconf 88' lang='lat' dir='ltr'><em>Prius</em></span> <span class='ocrx_word' id='word_1_575' title='bbox 1169 2912 1192 2932; x_wconf 76' lang='grc'><em>1),</em></span> <span class='ocrx_word' id='word_1_576' title='bbox 1205 2904 1247 2927; x_wconf 85' lang='lat' dir='ltr'><em>vel</em></span> <span class='ocrx_word' id='word_1_577' title='bbox 1260 2903 1361 2927; x_wconf 76' lang='lat' dir='ltr'><em>alicuid</em></span> <span class='ocrx_word' id='word_1_578' title='bbox 1376 2904 1472 2928; x_wconf 83' lang='lat' dir='ltr'><em>simile.</em></span> <span class='ocrx_word' id='word_1_579' title='bbox 1489 2903 1563 2928; x_wconf 84' lang='lat' dir='ltr'><em>Certe</em></span> <span class='ocrx_word' id='word_1_580' title='bbox 1578 2903 1747 2927; x_wconf 80' lang='lat' dir='ltr'><em>scribendum</em></span> <span class='ocrx_word' id='word_1_581' title='bbox 1761 2905 1791 2925; x_wconf 86' lang='lat' dir='ltr'><em>ut</em></span> <span class='ocrx_word' id='word_1_582' title='bbox 1803 2909 1894 2933; x_wconf 78' lang='lat' dir='ltr'><em>supra.</em></span> <span class='ocrx_word' id='word_1_583' title='bbox 1907 2901 1956 2924; x_wconf 78' lang='lat' dir='ltr'><em>An.</em></span> <span class='ocrx_word' id='word_1_584' title='bbox 1970 2900 2031 2923; x_wconf 83' lang='grc'><strong>1427</strong></span> <span class='ocrx_word' id='word_1_585' title='bbox 2044 2906 2136 2924; x_wconf 82' lang='lat' dir='ltr'><em>canon.</em></span> <span class='ocrx_word' id='word_1_586' title='bbox 2152 2897 2290 2922; x_wconf 77' lang='lat' dir='ltr'><em>Leodiens.</em></span> 
     </span>
    </p>
   </div>
   <div class='ocr_carea' id='block_1_15' title="bbox 2431 0 2502 83">
    <p class='ocr_par' dir='ltr' id='par_1_20' title="bbox 2431 0 2502 83">
     <span class='ocr_line' id='line_1_48' title="bbox 2431 0 2502 83; baseline 0 3335"><span class='ocrx_word' id='word_1_587' title='bbox 2431 0 2502 83; x_wconf 95' lang='lat' dir='ltr'><em> </em></span> 
     </span>
    </p>
   </div>
   <div class='ocr_carea' id='block_1_16' title="bbox 2406 593 2502 3418">
    <p class='ocr_par' dir='ltr' id='par_1_21' title="bbox 2406 593 2502 3418">
     <span class='ocr_line' id='line_1_49' title="bbox 2406 593 2502 3418; baseline 0 0"><span class='ocrx_word' id='word_1_588' title='bbox 2406 593 2502 3418; x_wconf 95' lang='lat' dir='ltr'><em> </em></span> 
     </span>
    </p>
   </div>
  </div>
 </body>
</html>
