2502 3418
406 344 471 376 238
978 351 1302 374 CHARTULARtUM
1336 348 1530 372 UNIVERS.
1567 349 1699 370 PARIS.
2177 333 2276 370 [1412

406 427 635 461 ventioribus
657 427 789 460 studiis
810 438 1088 472 prosequamur,
1112 432 1146 458 et
1166 426 1237 470 jam
1262 436 1304 457 ex
1326 424 1449 456 multis
1471 422 1602 455 diebus
1624 422 1773 454 insitum
1796 421 1949 453 memori
1970 427 2091 453 mente
2111 419 2278 454 manebat

407 494 581 527 accedere
614 494 657 527 ad
685 493 890 528 Concilium
918 492 1108 538 generale¹
1137 498 1172 524 et
1201 491 1421 536 legationem
1453 489 1595 522 mittere
1623 488 1667 521 ad
1687 487 1889 532 Yspanias’
1916 499 1980 532 per
2000 487 2100 532 regis
2129 486 2277 520 nuntios

408 568 514 606 atque
538 567 697 601 nostros,
726 567 761 593 et
781 560 906 605 utique
923 561 994 604 jam
1023 558 1225 603 expeditOS,
1253 557 1284 590 si
1306 569 1378 589 non
1399 555 1583 601 inprevisa
1606 554 1831 587 restitissent
1851 553 2013 587 ostacula
2039 560 2074 586 et
2098 553 2277 587 bellorum

408 627 735 660 circumfluentium
754 627 950 660 infortunia
967 625 1211 664 distulissent,
1230 623 1364 668 quibus
1386 621 1653 668 quantumlibet
1673 620 1851 666 sacrilega
1867 627 1903 653 et
1918 620 2044 653 infelix
2065 621 2279 654 adversetur

408 694 593 739 impietas,
625 701 761 739 patrem
797 693 1130 726 misericordiarum
1166 692 1279 723 Deum
1316 697 1429 722 metas
1467 689 1633 721 daturum
1664 687 1834 720 celeriter
1863 694 1899 720 et
1931 687 2040 722 finem
2075 699 2276 733 speramus.

409 762 572 802 Interim,
594 768 694 806 pater
713 760 936 797 beatissime,
959 766 997 792 ut
1021 758 1136 803 gratie
1162 768 1307 802 semper
1332 757 1368 789 in
1390 755 1662 789 devotissimam
1684 754 1793 788 filiam
1817 761 1972 788 vestram
1994 754 2037 788 ab
2066 755 2278 788 excellentia

408 835 528 861 vestre
549 827 711 873 preclare
734 826 981 859 munificentie
997 825 1107 858 velud
1127 824 1170 857 ab
1193 823 1356 856 ubertate
1379 822 1551 855 torrentis
1568 821 1765 862 exundent,
1784 821 1957 867 dignetur
1973 822 2144 855 sanctitas
2160 828 2278 855 vestra

408 895 600 927 instituere
616 894 762 939 judices
783 893 875 926 intra
897 904 1020 925 muros
1044 879 1284 931 parisienses,
1307 890 1475 922 dominos
1500 888 1672 922 videlicet
1692 888 1887 934 episcopos
1908 888 2151 922 Parisiensem
2172 895 2278 934 atque

410 961 718 995 Silvanectensem
741 967 776 993 et
803 959 988 992 dominum
1011 958 1175 991 abbatem
1199 958 1327 990 Sancte
1355 956 1556 997 Genovefe,
1583 967 1690 1000 quem
1712 955 1797 988 olim
1825 955 1869 988 de
1899 955 2033 989 talibus
2059 956 2279 1001 cognovisse

409 1040 452 1060 ex
473 1027 706 1060 munimentis
727 1026 880 1059 vetustis
903 1025 1148 1066 recordamur,
1176 1023 1238 1069 qui
1259 1023 1452 1057 universos
1473 1034 1671 1067 processus
1698 1029 1733 1055 et
1760 1034 1887 1056 causas
1914 1029 2124 1056 nostrorum
2144 1034 2280 1068 suppo-

409 1095 560 1127 sitorum
582 1100 661 1126 actu
683 1093 719 1125 in
741 1093 862 1126 studio
885 1092 1108 1137 presentium
1131 1090 1332 1124 secundum
1360 1090 1510 1126 sormam
1540 1089 1724 1134 privilegii
1752 1089 1889 1122 dudum
1915 1088 2022 1122 nobis
2047 1102 2066 1122 a
2087 1089 2175 1122 sede
2196 1086 2281 1135 apo-

408 1160 532 1193 stolica
550 1160 695 1199 indulti,
713 1166 751 1192 ut
772 1159 910 1204 pluries
927 1158 1014 1191 alias
1033 1158 1229 1203 scripsisse
1246 1157 1491 1197 meminimus,
1510 1156 1722 1189 auctoritate
1739 1155 1937 1201 apostolica
1954 1162 2105 1189 tractare
2126 1155 2279 1190 habeant

408 1234 442 1259 et
463 1227 669 1268 terminare,
689 1226 823 1271 quibus
844 1238 916 1258 non
939 1232 1075 1258 tantum
1097 1236 1225 1258 causas
1246 1224 1445 1256 movendas
1467 1223 1646 1256 dictorum
1665 1230 1875 1256 nostrorum
1897 1223 2171 1268 suppositorum
2188 1235 2281 1257 com-

410 1294 562 1334 mittere,
590 1305 714 1326 verum
743 1293 848 1326 etiam
879 1304 1006 1326 causas
1032 1293 1105 1337 jam
1134 1298 1249 1324 motas
1277 1290 1401 1324 eadem
1431 1291 1465 1324 S.
1496 1291 1538 1324 V.
1572 1290 1756 1323 remittere
1787 1290 1972 1335 dignetur.
2001 1290 2069 1324 Cui
2099 1290 2279 1336 siquidem

408 1360 588 1393 sanctitati
614 1366 747 1405 quanto
769 1360 884 1405 magis
906 1359 1006 1392 filiali
1027 1358 1189 1392 valemus
1210 1358 1339 1391 affectu
1361 1357 1622 1403 supplicamus,
1646 1357 1816 1402 quatinus
1845 1357 2111 1403 prerogativam
2139 1357 2280 1391 articuli

407 1427 523 1471 quinti
545 1429 634 1470 (non
655 1426 823 1460 obstante
845 1427 924 1459 data
945 1427 1025 1471 ejus
1047 1426 1091 1458 de
1112 1425 1176 1470 vij0
1197 1425 1280 1458 idus
1305 1424 1465 1457 Januarii
1491 1424 1576 1457 anni
1601 1424 1776 1457 secundi³
1796 1431 1917 1457 vestre
1946 1424 2209 1469 assumptionis
2238 1424 2281 1457 ad

408 1505 587 1526 summum
619 1493 884 1538 pontificatum)
913 1492 1098 1525 declarare
1130 1492 1303 1537 dignetur
1332 1491 1521 1524 valituram
1551 1491 1738 1536 magistris
1770 1497 1805 1524 et
1838 1491 2040 1536 suppositis
2075 1491 2212 1525 nostris
2245 1491 2282 1524 in

408 1559 527 1593 rotulo
550 1566 675 1593 nostro
697 1560 833 1592 dudum
855 1566 975 1593 vestre
998 1559 1177 1592 sanctitati
1200 1558 1361 1592 exhibito
1384 1557 1632 1603 presentibus,
1660 1557 1722 1603 qui
1749 1570 1767 1591 a
1788 1559 1837 1602 vj⁰
1865 1558 1948 1591 idus
1973 1557 2059 1591 Julii
2089 1558 2173 1591 anni
2202 1569 2283 1603 pre-

409 1626 516 1659 dicti'*
534 1625 709 1659 beneficia
728 1626 928 1659 secundum
947 1626 1096 1659 sormam
1113 1625 1308 1671 juridicam
1325 1632 1571 1670 acceptarunt,
1590 1625 1634 1658 de
1651 1624 1785 1670 quibus
1803 1625 1873 1658 sibi
1894 1625 2088 1670 providere
2104 1625 2281 1666 fecerunt,

410 1699 444 1725 et
464 1693 608 1726 easdem
631 1693 898 1738 acceptationes
920 1700 955 1726 et
975 1692 1206 1738 provisiones
1227 1693 1320 1725 infra
1346 1699 1489 1737 tempus
1511 1692 1607 1737 juris
1627 1692 1664 1724 in
1686 1691 1777 1725 locis
1797 1691 1996 1724 eorundem
2021 1691 2281 1725 beneficiorum

411 1759 690 1804 publicaverunt
710 1767 770 1793 aut
796 1760 1046 1805 publicabunt,
1074 1760 1315 1801 confidentes,
1342 1759 1514 1805 quinymo
1537 1766 1572 1792 et
1592 1759 1744 1792 firmiter
1770 1765 1937 1792 tenentes
1959 1759 2087 1792 dictam
2111 1770 2284 1804 preroga-

410 1826 516 1858 tivam
543 1826 702 1859 valuisse
731 1833 765 1859 et
784 1826 904 1859 valere
933 1839 1112 1871 suumque
1138 1826 1262 1859 sortiri
1288 1827 1455 1859 effectum
1477 1825 1653 1859 debuisse
1675 1832 1710 1859 et
1729 1825 1864 1858 debere
1885 1838 1903 1858 a
1925 1825 2004 1858 data
2024 1826 2073 1870 vj⁰
2094 1825 2177 1859 idus
2196 1825 2282 1859 Julii

411 1892 587 1936 predicta3
611 1893 838 1926 declarantes
866 1893 1018 1938 insuper
1039 1905 1287 1938 quascumque
1317 1893 1452 1939 gratias
1474 1893 1738 1938 derogatorias,
1767 1892 1797 1925 si
1828 1904 1917 1937 quas
1949 1892 2027 1937 ipsa
2055 1892 2226 1926 sanctitas
2246 1892 2284 1926 in

412 1959 652 2003 prejudicium
675 1959 837 2004 ipsorum
860 1960 999 2001 fecerit,
1024 1961 1138 1993 fuisse
1161 1967 1194 1993 et
1217 1972 1300 1993 esse
1322 1960 1486 2002 infectas,
1510 1960 1630 1993 irritas
1654 1966 1689 1992 et
1713 1959 1853 2001 inanes,
1872 1959 2042 2004 quoniam
2064 1966 2148 1992 tunc
2164 1965 2284 1993 vestra

412 2026 582 2058 sanctitas
611 2026 763 2058 eandem
798 2026 904 2059 nobis
935 2027 1119 2060 concessit
1148 2034 1182 2060 ct
1211 2039 1423 2060 concessam
1455 2039 1520 2072 per
1540 2027 1689 2060 nuntios
1711 2033 1857 2060 nostros
1886 2033 1921 2059 et
1947 2026 2016 2059 sub
2044 2026 2151 2071 signo
2171 2026 2284 2060 vestri

412 2093 599 2125 secretarii
622 2094 659 2125 F.
683 2093 727 2125 de
749 2094 871 2125 Monte
900 2093 1076 2126 Politiano
1105 2094 1318 2135 transmisit,
1348 2101 1497 2139 propter
1525 2094 1623 2139 quod
1651 2093 1754 2126 multi
1781 2093 2054 2138 suppositorum
2075 2099 2283 2126 nostrorum

412 2158 658 2203 predictorum
682 2159 853 2192 maximas
876 2167 995 2205 partes
1024 2172 1169 2193 suarum
1192 2161 1398 2194 facultatum
1429 2161 1466 2194 in
1495 2160 1602 2206 longa
1626 2160 1799 2193 dilatione
1827 2160 1934 2206 litigii
1962 2167 2283 2205 consumpserunt.

413 2225 660 2259 Obsecrantes
681 2238 745 2271 per
772 2226 912 2259 viscera
939 2233 1088 2271 paterne
1109 2228 1311 2260 affectionis
1338 2240 1376 2260 ac
1407 2227 1542 2261 bonum
1566 2228 1677 2261 totius
1698 2227 1867 2268 ecclesie,
1894 2233 1934 2260 ut
1955 2214 2005 2260 ⁴de
2026 2226 2124 2260 bulla
2145 2226 2286 2260 Mendi-

411 2293 568 2325 cantium
585 2300 705 2326 vestra
722 2294 892 2326 sanctitas
910 2294 1091 2338 promissa
1108 2301 1167 2327 aut
1184 2295 1237 2327 eis
1255 2295 1404 2327 meliora
1421 2307 1494 2328 non
1512 2295 1656 2328 differat
1672 2294 1928 2340 adimplere...
1948 2294 2128 2340 Scriptum
2146 2294 2184 2327 in
2200 2306 2285 2327 con—

414 2359 629 2404 gregatione
659 2366 784 2393 nostra
814 2360 977 2405 generali
1008 2361 1169 2394 Parisius
1200 2361 1296 2406 apud
1327 2362 1495 2395 Sanctum
1527 2362 1747 2395 Maturinum
1780 2362 1983 2395 solenniter
2014 2361 2196 2394 celebrata
2227 2361 2285 2394 die

415 2425 539 2459 ultima
560 2426 697 2460 mensis
713 2427 823 2460 Junii.

506 2523 623 2547 Minuta
639 2524 756 2548 chartac.
772 2524 799 2547 in
814 2525 893 2548 Arch.
909 2527 963 2548 nat.
978 2525 1073 2553 Paris„
1089 2526 1113 2548 M
1129 2527 1180 2550 65⁸.
1195 2530 1223 2548 n⁰
1239 2526 1277 2549 75.
1290 2526 1383 2549 Postea
1398 2526 1517 2557 sequitur
1533 2526 1689 2558 inscriptio:
1703 2526 1810 2558 «Copia
1823 2526 1936 2550 secunde
1951 2526 2039 2549 littere
2052 2525 2152 2548 domini
2166 2525 2251 2548 nostri
2262 2534 2285 2550 ».

414 2567 540 2597 agiturne
556 2568 587 2591 de
601 2568 702 2591 minuta
718 2569 833 2600 quadam
848 2569 976 2600 epistolae
993 2569 1122 2593 Johannis
1138 2570 1219 2593 xxlll
1235 2573 1327 2593 contra
1342 2570 1520 2594 Mendicantes
1537 2571 1612 2594 nobis
1626 2571 1748 2603 ignotae?
1760 2585 1791 2589 -
1804 2570 1924 2602 Epistola
1944 2578 2026 2602 supra
2045 2570 2116 2593 edita
2132 2569 2232 2601 scripta
2247 2573 2285 2593 est

414 2614 473 2634 ante
494 2620 537 2635 an.
558 2612 627 2640 1413,
649 2613 733 2644 April.
756 2614 778 2643 1,
800 2622 861 2637 nam
876 2617 938 2637 tunc
955 2614 1096 2645 episcopus
1112 2614 1196 2637 Paris.
1211 2618 1240 2637 ut
1251 2615 1332 2645 judex
1347 2615 1506 2638 constitutus
1525 2619 1573 2639 est.
1590 2616 1702 2640 Proinde
1725 2617 1758 2639 ad
1777 2624 1820 2639 an.
1842 2616 1902 2639 1412
1921 2614 2044 2646 pertinet,
2061 2614 2131 2646 quod
2148 2614 2286 2638 confirmat

413 2655 527 2686 epistola
542 2665 583 2680 an.
602 2657 670 2685 1412,
688 2658 809 2681 Decemh.

507 2740 531 2764 1.
548 2742 702 2766 Romanum.
718 2756 746 2761 -—
763 2741 788 2767 2.
805 2742 855 2766 Sed
870 2751 913 2766 an.
931 2743 1000 2771 1414,
1016 2743 1086 2770 Jan.,
1102 2743 1219 2766 nondum
1231 2743 1314 2766 missa
1329 2747 1386 2767 erat
1399 2744 1507 2775 legatio.
1523 2744 1580 2767 Vid.
1597 2746 1727 2773 Auctar„
1742 2745 1774 2774 11,
1789 2753 1815 2775 p.
1828 2745 1882 2772 162,
1899 2744 1922 2767 7.
1938 2757 1966 2761 -
1983 2742 2006 2767 3.
2024 2742 2078 2766 Sub
2093 2742 2143 2766 hac
2157 2742 2285 2774 temporis

415 2787 477 2807 nota
491 2785 606 2815 epistola
620 2786 759 2817 plumbata
774 2788 805 2810 de
820 2787 932 2810 articulo
950 2787 1042 2819 quinto
1057 2788 1119 2811 data
1134 2791 1182 2811 est.
1198 2787 1256 2811 vid.
1272 2796 1354 2819 supra
1370 2793 1398 2811 n⁰
1414 2789 1483 2812 1941.
1502 2802 1527 2806 —
1545 2787 1570 2813 4.
1586 2789 1604 2811 1.
1621 2797 1643 2813 e.
1658 2789 1775 2816 secundi,
1797 2797 1842 2812 seu
1860 2797 1903 2812 nn.
1920 2788 1989 2816 1411,
2005 2787 2058 2811 Jul.
2075 2787 2114 2816 ¹10,
2132 2795 2183 2818 quo
2198 2787 2285 2818 primo

416 2828 543 2852 articulus
557 2830 757 2854 concedebatur.
773 2832 831 2855 Vid.
845 2840 927 2863 supra
943 2836 972 2855 n⁰
987 2832 1054 2855 ¹942.
