2502 3418
390 309 452 340 144
973 321 1289 343 ana'rULAnium
1327 322 1514 343 UNivssas.
1552 322 1680 343 rmus.
2155 309 2253 345 [1407

388 393 525 434 ciones,
553 406 622 438 que
649 394 692 426 de
717 395 801 438 jure
829 395 871 427 ad
904 394 1109 437 probandas
1136 395 1340 428 elecciones
1367 403 1399 428 et
1429 408 1606 440 personas
1627 396 1705 428 sieri
1729 403 1947 428 statuuntur.
1971 397 2122 440 Propter
2143 395 2252 440 quod,

388 471 467 492 cum
497 472 568 493 non
596 461 710 505 possit
740 463 921 494 Romanus
951 463 1112 506 pontifex
1134 463 1292 495 omnium
1325 462 1508 495 hominum
1538 470 1573 495 et
1599 469 1712 495 status
1734 463 1969 495 ecclesiarum
2001 462 2134 494 habere
2162 462 2255 494 noti-

388 527 490 567 ciam,
514 539 600 572 sepe
622 528 797 571 contingit
821 528 994 573 indignos
1016 536 1050 561 et
1075 529 1225 574 indigne
1253 529 1296 562 ad
1324 529 1534 574 hujusmodi
1566 529 1762 574 dignitates
1789 529 1937 569 assumi,
1966 536 1998 561 et
2028 529 2117 561 tales
2146 529 2256 561 inter-

388 593 485 635 dum,
505 594 565 638 qui
583 601 717 627 tantum
736 595 844 627 modo
863 595 1003 639 probati
1025 603 1107 628 sunt
1125 603 1290 641 argento,
1308 597 1443 641 quique
1461 608 1643 641 nunquam
1666 596 1702 628 111
1720 596 1799 628 1000
1818 595 1986 628 beneficii
2004 595 2253 628 morabuntur.

387 660 588 693 Occasione
617 668 733 693 autem
767 662 1028 706 premissorum
1053 664 1134 707 jura
1166 662 1426 695 beneficiorum
1459 663 1673 708 depereunt,
1703 663 1843 695 edificia
1874 669 2049 695 corruunt
2076 669 2108 695 et
2137 662 2255 695 cultus

387 727 533 760 divinus
567 728 742 760 minuitur
768 740 774 760 :
799 728 863 760 1100
895 729 1074 762 dederunt
1103 729 1329 762 occasionem
1359 730 1570 763 reservandi
1591 730 1842 762 vaccaeionum
1870 736 2019 762 annatas
2040 736 2076 762 et
2095 729 2254 762 infinitas

388 795 559 838 pecunias
581 795 835 839 extorquendi,
854 808 917 840 per
934 808 1003 840 que
1026 808 1176 840 regnum
1201 797 1365 841 pecuniis
1383 804 1418 830 et
1442 797 1573 841 opibus
1596 797 1767 829 continue
1785 803 1966 828 vacuatur.
1992 798 2042 829 Ex
2062 796 2132 829 hiis
2149 797 2254 829 datur

387 861 528 893 occasio
550 868 609 894 aut
631 874 694 906 pei·
714 862 766 894 sas
787 869 844 894 aut
868 862 1004 907 nephas
1025 863 1069 895 ad
1100 871 1263 908 papatum
1288 864 1470 908 aspirandi
1493 871 1527 896 et
1554 864 1722 908 adeptum
1744 870 1867 896 eontra
1900 863 2033 895 bonum
2063 863 2253 908 regiminis

386 934 421 960 et
441 928 589 961 unionis
612 928 776 961 Ecclesie
799 929 992 969 retinendi,
1011 930 1055 962 ad
1077 930 1261 963 ditandum
1286 931 1407 975 potius
1428 930 1772 975 sublimendumque
1794 942 1832 963 sc
1855 937 1888 963 et
1909 942 2053 963 suos....

475 996 626 1039 Propter
643 1007 712 1040 que
729 1002 764 1028 et
784 995 938 1040 aliaque
956 997 1072 1029 dictos
1094 997 1252 1042 prelatos
1274 1005 1306 1030 et
1327 998 1418 1030 alios
1435 998 1471 1030 in
1493 998 1589 1030 dicto
1611 997 1766 1030 coneilio
1788 1004 2032 1042 congregatos
2054 997 2253 1030 racionabi-

386 1061 468 1093 liter
489 1073 635 1094 movere
658 1069 823 1106 poterant
844 1070 878 1095 et
902 1063 1096 1104 debebant,
1115 1064 1408 1098 deliberaverunt
1431 1071 1465 1097 et
1486 1064 1747 1097 concluserunt
1767 1065 1803 1096 in
1825 1064 1971 1097 modum
1992 1065 2053 1109 qui
2074 1065 2252 1109 sequitur,

385 1128 556 1160 videlieet
576 1129 673 1173 quod
695 1129 877 1168 decetero,
897 1130 991 1163 sicut
1011 1131 1137 1163 volunt
1158 1138 1287 1164 statuta
1305 1131 1552 1165 Conciliorum
1576 1131 1801 1176 generalium
1825 1138 1859 1164 et
1881 1131 2024 1164 decreta
2046 1138 2251 1164 sanctorum

386 1196 527 1227 Patrum
551 1207 615 1239 per
636 1195 836 1228 electiones
858 1197 1110 1241 capitulorum,
1136 1205 1379 1231 conventuum
1410 1205 1442 1231 et
1470 1198 1726 1243 collegiorum,
1749 1198 2124 1243 confirmacionesque
2146 1211 2253 1244 supe-

385 1261 533 1302 riorum,
557 1262 725 1295 ecclesiis
743 1262 1025 1305 cathedralibus,
1048 1265 1265 1309 collegiatis,
1291 1266 1496 1310 ceterisque
1524 1265 1713 1298 beneficiis
1736 1265 1913 1306 electivis,
1932 1272 1999 1298 tam
2023 1265 2253 1310 regularibus

385 1340 488 1372 quam
512 1329 752 1367 secularibus,
770 1342 912 1363 necnon
935 1343 998 1375 per
1019 1332 1330 1376 presentaciones,
1349 1332 1569 1365 eollaeiones
1587 1339 1621 1365 et
1642 1332 1897 1365 instituciones
1920 1344 1983 1377 per
1999 1332 2083 1365 illos
2100 1332 2143 1365 ad
2160 1344 2252 1377 quos

384 1394 428 1427 de
445 1395 528 1439 jure
550 1396 745 1435 communi,
773 1397 967 1442 privilegio
992 1398 1049 1431 vel
1077 1399 1345 1431 consuetudine
1366 1406 1515 1444 spectat,
1542 1399 1726 1432 faciendas
1753 1399 1997 1444 provideatur,
2023 1399 2252 1433 cessantibus

385 1468 419 1494 et
446 1462 591 1506 rejectis
617 1463 765 1495 omnino
786 1476 825 1496 ac
852 1476 924 1496 non
953 1464 1183 1498 obstantibus
1212 1466 1504 1511 quibuscumque
1533 1473 1565 1499 et
1594 1478 1907 1511 quorumcumque
1936 1466 2253 1500 reservacionibus

382 1528 619 1572 generalibus
647 1529 704 1562 vel
732 1530 954 1574 specialibus
982 1544 1021 1564 ac
1053 1532 1383 1576 prohibicionibus,
1416 1533 1735 1578 expectacionibus
1763 1540 1823 1566 aut
1852 1533 1999 1578 graciis,
2029 1534 2139 1566 eciam
2172 1546 2251 1566 cum

383 1595 519 1627 decreti
541 1596 776 1640 apposieione
795 1609 837 1629 ex
860 1604 958 1642 parte
980 1610 1070 1643 pape
1088 1599 1143 1631 vel
1166 1600 1244 1643 ejus
1266 1600 1477 1632 auctoritate
1498 1600 1600 1632 sactis
1622 1607 1682 1632 autv
1701 1600 1877 1632 faciendis
1899 1611 1963 1632 seu
1985 1601 2173 1633 concessis
2194 1607 2253 1633 aut

382 1662 642 1701 concedendis,
673 1675 744 1707 quo
773 1676 890 1708 usque
919 1677 982 1709 per
1008 1665 1212 1698 Concilium
1235 1666 1406 1711 generale
1427 1667 1599 1699 canonice
1621 1666 1878 1700 celebrandum
1901 1666 1999 1699 aliud
2026 1667 2135 1700 fuerit
2155 1667 2253 1700 ordi-

383 1735 503 1761 natum
528 1741 534 1761 :
557 1730 600 1762 ad
629 1731 733 1774 eujus
757 1731 911 1763 Concilii
941 1732 1213 1765 ordinacionem
1243 1733 1335 1766 dicta
1366 1734 1519 1767 ecclesia
1541 1734 1726 1768 Gallicana
1754 1741 1788 1767 et
1818 1734 2056 1779 Dalphinatus
2087 1746 2126 1767 se
2154 1746 2252 1767 sum-

384 1795 567 1828 mittit¹....

469 1864 543 1895 Nos
565 1863 676 1908 igitur
774 1865 942 1898 volumus
965 1878 1029 1910 per
1050 1874 1255 1911 presentes,
1278 1868 1490 1901 mandantes
1512 1875 1546 1901 et
1572 1868 1774 1901 districtius
1796 1868 2031 1913 injungentes
2053 1868 2196 1901 dilectis
2217 1875 2253 1902 et

381 1928 552 1963 fidelibus
574 1931 794 1964 consiliariis
816 1933 952 1965 nostris
974 1933 1147 1978 gentibus
1169 1941 1332 1967 nostrum
1357 1947 1510 1980 presens
1534 1935 1744 1968 tenentibus
1765 1942 1800 1968 01
1821 1948 1890 1980 que
1912 1936 1948 1968 in
1968 1936 2129 1968 futurum
2150 1942 2251 1968 tene-

380 1995 469 2029 bunt
491 1997 766 2041 parlamentum,
792 1998 963 2039 baillivis,
987 2002 1196 2045 prepositis,
1224 2002 1451 2043 senescallis,
1470 2002 1671 2047 judicibus,
1698 2003 1844 2035 vicariis
1865 2002 2070 2047 ceterisque
2086 2002 2250 2047 justicia-

381 2063 443 2095 riis
466 2070 501 2096 et
521 2064 704 2097 officiariis
735 2066 871 2098 nostris
903 2067 938 2098 in
969 2068 1106 2100 nostris
1135 2080 1248 2113 regno
1277 2076 1310 2101 et
1334 2069 1550 2114 Dalphinatu
1582 2070 1791 2102 memoratis
1816 2069 2024 2102 constitutis
2051 2075 2085 2101 et
2114 2069 2250 2102 consti-

379 2130 526 2162 tuendis
547 2130 604 2163 vel
626 2143 749 2164 eorum
774 2132 850 2165 loca
873 2134 1082 2167 tenentibus
1104 2142 1136 2167 et
1162 2147 1285 2168 eorum
1309 2135 1471 2177 cuilibet,
1496 2143 1602 2181 prout
1625 2137 1668 2169 ad
1690 2137 1807 2181 ipsum
1831 2136 2059 2181 pertinuerit,
2078 2136 2249 2180 quatinus

379 2196 498 2229 onmia
528 2198 704 2241 premissa
727 2205 759 2231 et
789 2199 947 2244 singula,
971 2208 1077 2245 prout
1107 2202 1277 2246 superius
1307 2210 1392 2235 sunt
1421 2215 1605 2248 expressa,
1628 2204 1663 2236 in
1687 2203 1856 2236 omnibus
1883 2209 1918 2236 et
1945 2202 2102 2248 singulis
2126 2202 2249 2236 civita-

379 2263 488 2304 tibus,
508 2263 604 2297 villis
622 2271 657 2297 et
676 2265 766 2298 locis
788 2266 998 2311 insignibus
1015 2269 1119 2312 regni
1141 2276 1173 2301 et
1196 2269 1426 2314 dalphinatus
1448 2271 1694 2315 predictorum
1718 2270 1839 2303 debite
1861 2277 1908 2311 et,
1924 2277 1961 2302 ut
1982 2270 2019 2302 in
2040 2269 2172 2302 talibus
2194 2277 2250 2303 est

378 2329 456 2362 fieri
477 2338 706 2373 consuetum,
730 2332 907 2377 publicari
933 2335 1075 2376 faciant,
1104 2342 1139 2368 et
1165 2336 1207 2368 ab
1235 2336 1417 2378 omnibus,
1442 2349 1594 2382 quorum
1618 2338 1796 2379 intererit,
1815 2337 2075 2370 inviolabiliter
2096 2343 2131 2369 et
2157 2336 2249 2369 inte-

379 2397 527 2440 graliter
555 2397 741 2431 observari
773 2406 807 2432 01
835 2400 948 2433 dictas
976 2414 1153 2446 personas
1184 2403 1449 2437 ecclesiasticas
1484 2404 1590 2437 dictis
1623 2404 1887 2445 eleccionibus,
1919 2403 2246 2449 postulacionibus,

378 2465 719 2507 presentacionibus
741 2473 773 2499 et
795 2467 1059 2501 collacionibus
1081 2470 1281 2502 secundum
1306 2471 1450 2503 modum
1473 2478 1508 2503 et
1528 2472 1676 2504 sormam
1702 2472 1962 2516 premissorum
1985 2470 2028 2503 ab
2052 2470 2150 2503 omni
2174 2476 2248 2503 tur-

378 2529 528 2563 bacione
546 2538 580 2563 et
595 2532 773 2565 violencia
791 2534 999 2576 defendant,
1018 2548 1144 2569 omnes
1163 2549 1410 2582 quascumque
1431 2550 1607 2582 personas
1624 2545 1747 2571 contra
1764 2538 1967 2578 venientes,
1985 2538 2247 2582 cujuscumque

379 2603 492 2629 status
521 2609 585 2630 seu
608 2599 836 2633 condicionis
858 2601 1024 2643 existant,
1054 2603 1239 2647 puniendo
1262 2604 1381 2636 taliter
1407 2605 1504 2649 quod
1534 2605 1666 2638 ceteris
1695 2605 1796 2638 cedat
1828 2605 1864 2637 in
1894 2604 2098 2649 exemplum
2129 2615 2135 2636 :
2166 2615 2245 2636 nam

378 2664 555 2707 premissa
576 2665 627 2697 sic
650 2665 727 2698 fieri
745 2667 913 2700 volumus
931 2675 966 2701 et
980 2668 1153 2713 jubemus
1177 2683 1240 2715 per
1257 2678 1460 2715 presentes.
1485 2673 1524 2703 ln
1546 2673 1650 2716 cujus
1668 2673 1720 2704 rei
1743 2672 1988 2704 testimonium
2013 2669 2247 2715 presentibus

378 2729 507 2762 litteris
538 2738 700 2764 nostrum
728 2734 908 2777 jussimus
936 2737 1069 2780 apponi
1098 2737 1272 2782 sigillum.
1306 2739 1432 2781 Datum
1465 2739 1625 2771 Parisius
1657 2739 1714 2771 die
1742 2739 1844 2783 xviija
1871 2738 2008 2770 mensis
2039 2737 2243 2777 Februarii,

377 2808 470 2828 anno
492 2798 635 2830 Domini
658 2799 852 2833 millesimo
875 2802 1238 2848 quadringentesimo
1261 2811 1376 2846 sexto,
1403 2811 1436 2837 et
1458 2806 1562 2850 regni
1584 2806 1696 2838 nostri
1720 2806 1892 2838 vicesimo
1915 2805 2081 2849 septimo.
2107 2823 2152 2828 —
2179 2805 2244 2836 Per

379 2874 499 2907 regem
527 2875 533 2895 :
564 2877 642 2896 cum
671 2867 826 2899 consilio
849 2875 881 2900 et
910 2881 1064 2902 assensu
1094 2870 1323 2904 dominorum
1352 2884 1514 2904 meorum
1547 2873 1719 2905 Ludovici
1750 2872 1872 2905 Sicilie
1903 2872 2014 2916 regis,
2038 2871 2244 2915 ducumque
