2502 3418
282 313 377 350 1451]
625 327 671 348 ΑΒ
705 327 811 348 Anno
845 326 1132 349 ucchxxxxw
1166 326 1298 354 USQUE
1333 327 1381 348 Αι]
1416 327 1553 349 ANNUM
1589 327 1794 350 uecccril.
2073 320 2135 353 701

278 401 416 432 αηῃῖαίεε,
434 409 460 432 p.
477 401 531 424 161.
547 402 625 432 sqq.).
642 400 680 424 Ab
700 409 743 425 an.
759 390 824 425 1450*
839 398 1005 425 universitas
1019 401 1103 424 Paris.
1125 400 1230 429 iterum,
1253 404 1281 424 ut
1297 401 1351 432 jam
1372 406 1401 424 n⁰
1416 402 1475 424 2662
1491 402 1614 430 diximus,
1632 402 1835 425 destructionem
1857 403 1936 426 studii
1959 404 2139 433 Cndomenfis,

278 445 352 477 cujus
367 445 489 477 magistri
505 454 554 477 pro
570 445 663 477 majori
679 449 754 477 purte
766 445 906 477 supposita
919 445 1107 468 Universitatis
1124 445 1266 469 Parisiens.
1283 447 1388 469 suerunt
1400 446 1463 477 (vid.
1478 448 1606 476 Auctar„
1620 447 1651 475 H,
1668 455 1694 477 p.
1709 448 1763 476 837,
1777 450 1829 471 not.
1845 450 1871 477 55
1885 449 1939 476 838,
1953 448 1990 478 31)
2002 448 2141 471 intentavit

278 493 303 513 et
318 498 366 521 pro
386 490 435 513 hoc
455 490 526 521 apud
547 498 636 521 regem
655 490 759 514 institit.
776 490 886 521 Propter
902 490 1021 513 diversus
1042 498 1136 512 causas
1156 493 1181 513 et
1200 490 1262 521 quia
1278 490 1360 521 aliqui
1383 490 1455 513 illius
1472 490 1552 513 studii
1573 491 1700 522 quasdam
1723 491 1824 514 litteras
1846 492 1931 522 regias
1948 495 2037 515 contra
2057 493 2140 524 prixi-

277 534 347 565 legiu
360 534 548 558 Universitatis
564 534 649 558 Paris.
666 534 851 566 impetrarunt,
868 534 1034 558 Universitas
1050 542 1093 557 eos
1110 534 1225 557 Parisios
1239 535 1271 557 ad
1288 535 1500 566 respondendnm
1519 535 1618 558 citavit.
1635 535 1684 563 Qui
1701 538 1796 563 tamen,
1814 541 1894 560 carta
1907 537 2140 561 Normcmvnorvm

278 578 380 607 muniti,
398 587 551 610 comparere
567 582 719 603 renuerunt.
741 580 804 602 Inde
820 579 984 602 Universitas
1006 587 1049 602 eos
1065 579 1314 608 excommunicatos,
1335 579 1466 611 perjuros,
1483 580 1594 603 infames
1617 580 1761 603 declaravit
1782 583 1807 603 ct
1829 581 1934 604 nomina
1950 590 2039 604 corum
2056 582 2139 604 valvis

277 623 449 646 ecclesiarum
465 624 599 655 apposnit,
616 624 685 655 quod
705 623 795 647 comiti
817 623 932 647 Dunensi
948 623 1024 646 valde
1045 623 1183 654 displicuit
1203 624 1287 653 (ibid.,
1303 633 1329 655 p,
1346 625 1400 655 829,
1417 625 1430 647 3
1446 633 1514 655 sqq„
1530 625 1572 654 44;
1590 626 1645 653 833,
1661 626 1689 647 {171
1704 632 1771 655 sqq.;
1789 626 1841 652 8311,
1859 626 1886 654 33
1903 626 1956 654 8¹10,
1974 627 2002 648 33
2018 628 2095 657 sqq.).
2110 640 2140 643 —-

278 668 302 693 2.
318 668 375 691 Vid.
390 671 443 691 not.
462 668 483 691 1.
497 681 527 685 —
539 668 562 692 3.
578 668 721 692 Robertum
740 668 865 695 Poitevin,
883 668 927 699 qui
941 668 983 692 ab.
998 677 1040 691 an.
1057 668 1117 691 1444
1131 669 1248 691 medicus
1264 670 1334 699 regis
1352 669 1417 692 fuit?
1432 670 1482 692 Sed
1505 677 1609 700 semper
1624 672 1652 692 ut
1667 669 1794 700 magister
1809 678 1901 699 regens
1921 670 2029 693 Parisiis
2047 670 2141 693 inscri-

278 712 358 735 bitur.
376 726 406 729 —
420 712 446 737 4.
462 713 531 743 Mag.
552 712 699 736 Johnnnem
714 713 828 741 d‘Aussi,
845 713 878 735 nb
893 721 935 735 an.
953 713 1021 735 1446.
1045 727 1074 730 -—
1096 712 1121 737 5.
1138 713 1225 736 Martii
1242 713 1268 736 11
1285 713 1389 736 litterae
1405 714 1577 737 transmissae
1597 714 1630 736 ab
1645 714 1885 737 ambassiatoribus
1901 714 2057 744 legebantur
2072 715 2139 743 (Lib.

276 763 392 787 procur.
408 761 468 781 nac.
487 757 595 786 Gallia,
612 757 657 780 tol.
678 757 742 786 132).
763 757 846 788 April.
863 758 876 780 2
893 757 1100 780 ambassiatores
1122 757 1147 780 in
1163 758 1340 781 Universitate
1356 758 1512 786 referebant,
1528 762 1553 781 et
1567 758 1772 790 perlegebantur
1786 758 1890 781 litterae
1908 759 1987 789 regis,
2002 759 2027 781 in
2043 759 2139 790 quibus

277 802 344 825 inter
362 801 415 824 ulia
430 801 622 832 continebatur,
637 805 665 825 ut
679 801 865 831 Cadomenses,
879 810 990 833 quorum
1007 802 1032 824 in
1048 802 1143 825 litteris
1160 802 1256 825 mentio
1270 803 1308 832 fit,
1322 803 1530 833 absolverentur,
1543 806 1568 826 ct
1580 814 1592 825 ιι
1605 804 1748 826 reformare
1764 803 1863 826 abusus
1879 803 1901 825 si
1917 803 1960 834 qui
1977 803 2029 826 sint
2043 807 2068 826 et
2083 804 2140 826 ubi-

277 854 379 877 cunque
394 845 568 876 reperientur,
582 849 607 869 et
622 846 692 877 quod
708 846 866 870 adhiheatur
879 846 1017 877 diligentia
1032 846 1154 869 omnibus
1168 846 1217 870 viis
1233 850 1258 870 et
1273 847 1358 870 modis
1373 847 1547 878 possibilibus
1564 856 1575 870 »
1593 847 1676 876 (ibid.,
1694 848 1739 871 sol.
1756 847 1831 877 13:3¹0.
1849 847 1931 878 April.
1946 849 1959 870 'l
1975 847 2139 871 Universitas

277 898 320 913 eos
335 890 450 913 absolvit
465 890 521 921 (sol.
539 890 615 920 1331‘).

276 1032 422 1073 2670,
446 1041 582 1067 Facultas
598 1042 704 1068 artium
721 1042 871 1068 Nicolaum
890 1043 1002 1068 Juvenis
1019 1046 1049 1067 ut
1064 1041 1270 1068 cancellarium
1288 1043 1315 1068 S.
1335 1043 1492 1076 Genovefae
1508 1051 1542 1068 ac
1561 1044 1676 1068 Petrum
1690 1042 1725 1068 dc
1745 1042 1876 1069 Vaucello
1893 1046 1923 1068 ut
1937 1042 2139 1068 subcancella-

364 1094 437 1119 rium
455 1091 580 1128 ejusdem
596 1101 611 1118 ‹
624 1101 678 1128 pro
694 1091 745 1118 hoc
761 1100 836 1117 anno
847 1100 862 1118 ›
874 1092 990 1127 accipit.
1008 1092 1153 1118 Rectorem
1165 1092 1214 1127 qui
1227 1095 1326 1117 contra
1342 1092 1477 1127 antiquos
1493 1095 1677 1128 temptatores
1694 1092 1770 1118 litem
1787 1092 1957 1126 agitaverat,
1976 1092 2139 1128 approbat-e

363 1146 488 1169 recusat.

1509 1178 1578 1206 1451,
1594 1178 1681 1204 Martii
1691 1179 1716 1207 5,
1734 1178 1846 1204 Parisiis.

365 1267 431 1299 Die
452 1266 598 1300 veneris
619 1271 658 1299 v²¹
678 1265 816 1306 Marcii,
840 1265 967 1298 eodem
995 1277 1088 1298 anno
1115 1265 1311 1298 millesimo
1337 1265 1701 1310 quadringentesimo
1727 1266 2045 1311 quinquagesimo,
2072 1266 2140 1299 suit

275 1333 426 1367 facultas
448 1334 576 1366 artium
598 1333 813 1366 solemniter
833 1339 1054 1378 congregata
1075 1344 1139 1378 per
1160 1332 1346 1365 dominum
1364 1339 1542 1365 rectorem
1559 1333 1653 1377 apud
1671 1333 1705 1366 S.
1723 1333 1918 1366 Jullianum
1941 1335 2138 1378 Pauperem

276 1413 388 1446 super
409 1400 553 1433 duobus
574 1399 751 1441 articulis,
775 1411 929 1444 quorum
951 1399 1090 1444 primus
1107 1400 1175 1432 suit
1190 1400 1234 1432 ad
1250 1399 1470 1432 audiendum
1490 1400 1635 1432 nomina
1652 1406 1687 1432 et
1702 1400 1918 1445 cognomina
1935 1400 2138 1445 aliquorum

277 1468 546 1513 magistrorum⁷
569 1467 649 1500 scil.
675 1467 840 1512 magistri
862 1467 978 1499 nostri
1000 1478 1093 1511 mag.
1117 1466 1266 1511 Nicolay
1288 1467 1438 1500 Juvenis
1460 1467 1495 1498 in
1522 1478 1621 1499 sacra
1645 1467 1774 1511 pagina
1794 1468 2054 1511 professori[s]‚
2078 1468 2138 1513 qui

272 1535 339 1567 fuit
355 1541 587 1580 presentatus
604 1534 648 1566 ad
665 1533 821 1566 officium
838 1533 1047 1567 cancellarii
1064 1533 1275 1567 tentaminis
1293 1534 1422 1566 Sancte
1439 1534 1642 1574 Genovese,
1660 1540 1695 1566 et
1711 1534 1822 1566 eciam
1841 1534 2004 1579 magistri
2022 1535 2138 1567 nostri

276 1614 369 1647 mag.
392 1602 489 1634 Petri
514 1601 558 1634 de
578 1600 768 1641 Vaucello,
790 1600 901 1633 eciam
930 1601 967 1633 in
993 1612 1094 1633 sacra
1119 1601 1250 1645 pagina
1277 1600 1514 1645 prol'essoriS„
1541 1600 1602 1645 qui
1623 1600 1793 1633 similiter
1815 1601 1883 1633 suit
1908 1608 2137 1646 presentatus

275 1669 318 1702 ad
344 1668 501 1701 officium
530 1667 878 1701 subcancellariatus
907 1679 971 1712 per
996 1667 1161 1700 eumdem
1191 1679 1266 1700 rev.
1293 1667 1330 1699 in
1356 1667 1502 1700 Christo
1528 1674 1664 1712 patrem
1695 1667 1791 1700 dom.
1814 1667 1978 1700 abbatem
2010 1669 2137 1702 Sancte

275 1736 481 1777 Genovese3
505 1741 540 1768 et
561 1735 672 1768 eciam
696 1734 843 1767 nomina
864 1741 899 1767 et
919 1735 1137 1780 cognomina
1158 1740 1313 1779 quatuor
1333 1733 1484 1766 aliorum
1508 1734 1778 1779 magistrorum,
1801 1735 1862 1779 qui
1883 1735 2026 1768 fuerant
2045 1736 2138 1768 ordi-

277 1803 349 1836 nati
373 1814 436 1848 per
458 1802 591 1836 curiam
614 1802 844 1843 Parlamenti,
868 1809 903 1834 ct
923 1802 1083 1846 deputati
1105 1801 1149 1834 ad
1170 1808 1352 1834 tentamen
1374 1800 1734 1834 bachalariandorum
1761 1802 1796 1833 in
1821 1802 1982 1834 examine
2010 1803 2137 1835 Sancte

277 1870 464 1903 Genovcse
486 1878 634 1915 propter
655 1881 867 1914 processum
891 1869 1108 1913 pendentem
1130 1869 1166 1900 in
1188 1868 1281 1901 dicta
1303 1868 1414 1909 curia,
1431 1868 1526 1900 inter
1543 1868 1742 1913 predictum
1766 1868 1950 1901 dominum
1974 1868 2137 1902 abbatem

275 1943 310 1970 et
332 1949 424 1982 mag.
451 1936 656 1981 Philippum
678 1936 824 1981 Anglici
846 1935 1060 1980 religiosum
1083 1935 1246 1980 ejusdem
1270 1934 1340 1968 loci
1363 1935 1491 1968 Sancte
1513 1935 1701 1968 Genovese
1723 1941 1757 1967 ct
1779 1942 1862 1967 tunc
1883 1935 2136 1968 cancellarium

275 2004 451 2037 examinis
482 2003 650 2048 predicti.
682 2003 783 2045 Quos
813 2009 968 2047 quatuor
996 2002 1204 2047 magistros,
1234 2002 1374 2035 scilicet
1402 2014 1494 2046 mag.
1526 2002 1749 2035 Anthonium
1780 2002 1861 2035 Ursi
1892 2014 1956 2047 pro
1987 2003 2137 2035 nacione

276 2071 437 2111 Francie,
461 2082 554 2115 mag.
577 2069 750 2103 Jacobum
773 2069 816 2102 (lc
839 2071 955 2102 Bosco
978 2081 1042 2114 pro
1070 2069 1222 2101 nacione
1249 2068 1424 2110 Picardie,
1448 2080 1542 2113 mag.
1566 2068 1733 2113 Egidiuni
1757 2069 1869 2101 Marie
1895 2081 1960 2113 pro
1987 2069 2137 2101 nacione

276 2138 484 2179 Normanie‚
509 2144 544 2170 et
566 2149 657 2182 mag.
680 2136 911 2172 VValtherum
935 2136 979 2169 de
999 2136 1152 2172 VVernia
1174 2147 1239 2180 pro
1265 2136 1416 2168 nacione
1438 2135 1615 2176 Almanie⁷
1643 2135 1805 2180 predicta
1825 2135 1922 2168 curia
1945 2136 2139 2181 deputabat

275 2212 307 2238 ct
341 2204 586 2238 constituebat
616 2210 815 2237 tentatores
841 2204 1004 2248 ejusdem
1037 2203 1211 2236 examinis
1242 2203 1395 2248 predicti
1427 2215 1577 2235 unacum
1606 2202 1686 2235 aliis
1713 2209 1866 2247 quatuor
1897 2203 2137 2236 tentatoribus

274 2272 433 2317 antiquis
455 2271 498 2304 ad
520 2271 820 2304 reformacioncm
844 2270 971 2316 prefati
993 2270 1181 2303 examinis.
1205 2270 1394 2302 Secundus
1418 2269 1591 2302 articulus
1618 2276 1671 2302 cst
1698 2269 1900 2302 communis
1921 2281 2032 2314 super
2052 2282 2138 2315 sup-

276 2338 541 2384 plicacionibus
562 2345 597 2371 et
617 2338 774 2382 injuriis.

365 2406 544 2448 Quantum
565 2405 608 2438 ad
630 2405 785 2450 primum
812 2404 1003 2437 articulum
1026 2404 1161 2449 placuit
1181 2404 1325 2437 nacioni
1351 2404 1499 2436 Francic
1522 2403 1623 2435 matri
1647 2414 1739 2444 mec,
1762 2403 1858 2448 quod
1885 2404 2044 2448 prefatus
2066 2416 2137 2436 ma-

275 2473 392 2518 gister
419 2474 460 2505 N.
492 2472 641 2505 Juvenis
675 2478 905 2516 presentatus
933 2483 998 2516 per
1027 2472 1212 2504 dominum
1241 2470 1404 2504 abbatem
1432 2471 1608 2515 prefatum
1638 2470 1837 2502 secundum
1866 2470 2135 2503 ordinacionem

275 2540 370 2572 dicte
393 2539 491 2572 curie
514 2539 643 2572 habeat
663 2551 855 2571 excercere
875 2539 1008 2571 dictum
1032 2538 1188 2571 officium
1211 2538 1417 2571 cancellarii
1439 2550 1503 2582 pro
1525 2537 1592 2570 hoc
1613 2549 1720 2578 anno⁷
1744 2537 1823 2569 sine
1846 2538 2048 2582 prejudicio
2071 2545 2137 2570 sta-

276 2613 432 2640 tutorum
453 2606 644 2639 facultatis.
670 2607 711 2639 Et
733 2605 901 2639 similiter
922 2606 1056 2650 placuit
1077 2606 1239 2650 predicte
1261 2605 1397 2637 nationi
1420 2605 1522 2637 matri
1544 2616 1635 2644 mec,
1657 2604 1753 2648 quod
1777 2605 1935 2649 prefatus
1957 2617 2049 2649 mag.
2073 2606 2137 2637 Po-

277 2681 353 2706 trus
379 2674 423 2706 de
449 2673 623 2706 Vauccllo
652 2673 761 2705 eciam
794 2679 1038 2717 presentatus,
1067 2679 1104 2705 ut
1137 2672 1337 2717 predictum
1370 2678 1438 2712 cst,
1468 2671 1578 2703 eciam
1607 2670 1754 2703 liaberet
1782 2682 1951 2703 exercere
1982 2671 2136 2704 officiunt

276 2740 624 2773 subcancellariatus
647 2740 809 2784 ejusdcm
836 2739 1010 2772 examinis
1033 2751 1096 2783 pro
1119 2739 1186 2771 hoc
1207 2750 1313 2771 anno.
1338 2738 1407 2771 Sed
1429 2749 1501 2770 non
1524 2737 1658 2782 placuit
1679 2737 1775 2781 quod
1797 2737 1856 2769 alii
1883 2744 2036 2782 quatuor
2058 2750 2138 2783 pre-

276 2808 449 2840 nominati
472 2819 535 2851 pcr
556 2813 747 2847 rectorem⁷
770 2813 804 2838 et
826 2806 1022 2851 presentati
1047 2817 1110 2850 per
1136 2805 1319 2838 dominum
1348 2804 1511 2837 abbatem
1538 2804 1739 2849 predictum
1767 2804 1967 2837 secundum
1994 2805 2138 2837 ordina-

275 2875 416 2907 cionem
439 2874 552 2914 curic,
576 2873 809 2906 admittantur
832 2879 1008 2918 tamquam
1032 2879 1242 2913 tentatores,
1266 2872 1331 2905 sed
1353 2871 1468 2905 solum
1493 2878 1668 2915 tamquam
1692 2871 1918 2904 assistentes.
