2502 3418
285 327 380 364 1451]
627 342 673 363 AB
708 342 813 364 ΑΝΝο
848 341 1137 364 MGCCLxxxxiv
1167 342 1298 370 usone
1334 343 1382 364 An
1417 344 1555 366 ANNUM
1590 345 1797 368 MCCCCLII.
2079 334 2143 366 699

374 414 452 439 Arch.
469 418 522 439 nat.
539 415 634 445 Puris„
647 416 693 439 Xst
707 417 778 445 4803,
792 417 836 439 sol.
851 417 889 446 10,
904 415 954 445 12¹³,
969 416 1009 445 16,
1024 416 1062 445 18,
1077 417 1116 445 24,
1131 417 1169 446 26,
1183 417 1221 439 44.
1237 430 1269 434 —-
1285 417 1344 440 Jam
1358 418 1482 441 Novemb.
1501 420 1513 441 7
1532 420 1643 442 facultas
1660 419 1757 442 artium
1773 422 1862 442 contra
1878 418 2064 441 cancellarium
2080 426 2143 448 pro-

281 459 360 482 cessit
376 461 514 489 (Auctar..
530 460 562 489 11,
578 461 632 489 827,
648 461 682 490 4).
696 461 739 492 qui
755 464 815 484 ante
830 461 955 484 Novemb.
971 461 999 483 16
1015 461 1047 483 ab
1065 460 1160 484 abbate
1177 469 1224 484 suo
1240 462 1273 484 ad
1289 462 1390 485 curiam
1406 463 1564 486 parlamenti
1578 464 1769 495 appellaverat,
1782 463 1999 494 Univcrsitasque
2013 463 2142 485 solemnes

281 504 420 535 deputatos
436 513 466 527 ex
481 505 603 528 omnibus
624 505 794 528 facultatibus
814 509 839 528 et
863 505 1014 528 nationibus
1035 505 1123 536 elegit,
1144 508 1172 528 ut
1193 509 1321 529 rectorem
1343 506 1506 530 associarent
1525 508 1557 530 ad
1580 508 1708 539 palatium
1731 511 1756 530 et
1778 511 1867 530 contra
1890 516 1947 530 eum
1970 508 2142 538 procederent

281 549 421 578 (Auctar.⁷
439 549 469 577 Π,
491 557 518 580 p.
534 550 587 577 829,
605 550 654 579 38).
671 549 789 573 Similem
804 550 849 573 sed
865 549 1014 580 graviorem
1028 549 1207 580 corruptionis
1226 551 1419 574 accusationem
1432 551 1487 582 jum
1505 553 1610 575 saeculo
1625 560 1669 575 xw
1690 553 1783 575 factam
1800 552 1927 575 adversus
1943 553 1966 576 J.
1984 551 2141 578 Blanchard,

280 593 467 616 cancellarium
480 593 545 616 eccl.
560 593 655 623 Puris„
667 594 726 617 vide
742 594 768 617 in
786 594 925 622 Chartul.‚
940 597 958 616 t.
971 594 1020 620 III:
1035 597 1060 617 ct
1074 594 1143 617 sicut
1158 595 1306 618 Blanchard
1322 595 1507 618 cancellariam
1524 596 1608 619 Paris.
1624 596 1748 619 abdicare
1764 600 1868 619 coactus
1885 599 1932 622 cst,
1950 596 1985 618 ita
2001 596 2140 626 Philippus

280 637 382 668 Anglici
397 638 486 661 eodem
501 645 568 661 anno
589 639 658 667 1451,
677 639 754 662 Mart.
770 641 791 666 5,
813 638 920 662 Nicolao
935 638 1043 662 Juvenis
1060 638 1086 661 in
1102 639 1259 662 cancellaria
1277 640 1303 663 S.
1318 640 1465 663 Genovesae
1482 641 1577 670 locum,
1592 641 1685 664 saltem
1699 641 1731 664 ad
1748 644 1861 672 tempuS,
1879 640 2026 671 relinquere
2041 639 2141 663 debuit.

280 682 337 706 Vid.
352 686 381 705 n⁰
395 683 465 706 2670.

371 766 395 791 1.
411 767 516 790 Petrum
530 767 681 790 Caillou.—
691 767 715 792 2.
729 767 882 799 Philippum
896 768 1007 799 Anglici.
1020 781 1045 785 —
1058 769 1083 793 3.
1098 768 1194 791 Eodem
1208 777 1296 792 mense
1309 769 1450 792 Novembri
1463 770 1627 793 Universitas
1641 769 1762 793 Michaeli
1776 769 1893 793 Piedeser
1904 769 2014 792 contulit
2027 769 2138 792 officium

278 811 421 834 advocatus
444 811 470 834 in
495 811 568 834 curin
590 812 724 835 castelleti
747 813 934 842 (Auetar.‚11,
954 821 981 844 p.
998 813 1053 842 829,
1069 814 1098 836 28
1115 815 1193 844 sqq.).
1209 828 1237 830 —
1259 813 1320 838 4.1.
1336 822 1359 837 e.
1377 815 1559 845 Rotonmgum.
1582 814 1638 838 Vid.
1661 823 1742 846 supra
1767 819 1795 837 n⁰
1817 815 1887 838 2653.
1910 828 1938 831 —
1963 813 1988 838 5.
2005 815 2050 837 An.
2069 814 2138 842 1450,

278 856 365 878 Martii
386 856 467 880 2l1—31.
484 856 551 879 Fuso
572 856 603 879 de
625 856 674 879 hac
696 857 848 880 turbulenta
866 857 999 885 electione,
1019 861 1044 881 et
1059 858 1090 881 dc
1106 858 1137 881 iis
1154 866 1220 889 quae
1236 858 1296 881 inde
1318 862 1407 882 secuta
1423 859 1529 888 suerint,
1545 860 1674 888 Auctar.y
1691 860 1722 888 H,
1740 868 1767 890 p.
1783 860 1828 882 802
1845 859 1899 889 (ubi
1914 867 2053 890 perperam
2072 859 2139 881 Mar-

278 900 307 923 tii
322 901 433 931 26)-806;
450 901 507 925 Lib.
520 907 638 932 procur.
655 905 715 926 nat.
734 902 844 932 Gallie„
860 902 905 926 fol.
919 903 1046 931 113b-115;
1063 903 1139 932 Bur„
1154 903 1183 931 V,
1200 904 1312 926 550-553.

278 1103 423 1141 2668.
451 1113 625 1139 Ηηὶνενείταε
648 1123 723 1148 mag.
746 1114 916 1140 Michaelem
940 1114 1109 1140 Miniclardi
1130 1114 1232 1140 abbati
1257 1114 1558 1141 Mediam'rnonascerii
1580 1117 1609 1141 0.
1634 1118 1660 1141 S.
1685 1117 1727 1148 B„
1751 1120 1777 1141 et
1807 1115 1938 1152 Capilulo
1962 1118 1990 1143 S.
2014 1116 2138 1142 Deodali

370 1162 510 1188 Tullensis
527 1163 715 1189 commendat.

1460 1201 1531 1230 1451,
1547 1201 1678 1227 Februarii
1692 1201 1723 1230 11,
1739 1202 1852 1227 Parisiis.

833 1293 860 1314 1⁰
873 1288 1000 1315 Domino
1012 1288 1108 1314 abbati
1124 1289 1417 1315 Medianimonasterii
1431 1289 1580 1315 Tullensis.

365 1375 591 1420 Pauperibus
613 1382 647 1409 et
668 1376 796 1421 egenis
817 1376 1064 1417 studentibus,
1083 1377 1290 1409 venerande
1313 1384 1424 1422 pater,
1444 1376 1702 1409 beneficiorum
1726 1377 1856 1410 colatio
1878 1378 2024 1410 minime
2041 1378 2140 1411 venit

275 1442 487 1488 abneganda
514 1443 575 1488 qui
602 1443 743 1476 diurnis
771 1443 904 1488 pariter
931 1450 966 1476 ct
991 1443 1179 1476 nocturnis
1208 1444 1381 1476 insudant
1409 1444 1555 1485 studiis,
1577 1450 1706 1476 utnon
1738 1444 1844 1476 modo
1871 1444 1959 1485 [toti]
1989 1444 2136 1485 eclesie,

278 1522 400 1543 verum
422 1510 527 1543 etiam
551 1510 722 1543 universo
744 1510 1024 1543 christianorum
1046 1510 1141 1543 cetui
1162 1510 1295 1543 auxilio
1317 1522 1398 1543 esse
1421 1511 1574 1555 possint.
1596 1512 1772 1543 Versatur
1791 1517 1908 1543 autem
1931 1511 1967 1543 in
1990 1512 2138 1544 Univer-

276 1577 380 1610 sitate
401 1584 525 1610 nostra
550 1577 604 1611 vir
630 1577 811 1610 discretus
843 1584 878 1610 et
898 1577 1123 1610 scientificus
1145 1578 1319 1622 magister
1340 1577 1494 1610 Michael
1515 1577 1737 1610 Miniclardi¹
1757 1578 1930 1623 magister
1947 1578 1982 1610 in
1999 1578 2137 1612 artibus

274 1651 382 1689 atque
407 1645 443 1677 in
470 1656 569 1677 sacra
592 1645 722 1690 pagina
749 1644 986 1686 baccalarius‚
1009 1645 1070 1689 qui
1099 1645 1275 1689 plurimos
1302 1645 1533 1677 scientiarum
1560 1645 1699 1677 fructus
1725 1644 1795 1677 sibi
1822 1646 1955 1690 poterit
1983 1646 2135 1690 adipisci

273 1718 380 1756 atque
402 1711 586 1756 preclaros
608 1718 728 1745 vestre
751 1712 955 1756 paternitati
972 1723 1098 1756 parere
1116 1711 1289 1751 honores,
1308 1711 1338 1744 si
1355 1723 1398 1744 ex
1419 1711 1609 1744 boneficiis
1630 1711 1777 1756 aliquod
1794 1718 1912 1744 vestra
1930 1712 2137 1757 benignitas

274 1779 392 1811 eidem
415 1778 652 1820 transtulerit,
676 1778 773 1811 unde
795 1785 830 1811 et
849 1778 917 1811 hoc
939 1778 996 1811 hic
1018 1779 1214 1811 sustentari
1240 1778 1452 1823 sapientiam
1481 1778 1653 1811 hauriens
1679 1785 1711 1811 et
1738 1778 1809 1811 hiis
1836 1791 1989 1823 quorum
2017 1787 2136 1824 pasto—

274 1845 383 1878 ralem
410 1845 538 1891 geritis
567 1858 686 1878 curam
719 1845 880 1878 eamdem
907 1845 1057 1878 uberius
1084 1845 1291 1878 exhaustam
1324 1845 1533 1877 diffundens
1563 1845 1678 1878 valeat
1709 1845 1745 1877 in
1777 1846 1949 1879 futurum.
1982 1847 2132 1879 Easdem

273 1913 392 1957 itaque
413 1919 554 1946 vestras
575 1912 842 1945 dominationes
865 1924 1035 1958 rogamus
1056 1912 1228 1945 attentius
1249 1912 1419 1957 quatinus
1440 1918 1565 1944 nostre
1587 1912 1844 1945 Universitatis
1866 1913 1996 1945 intuitu
2018 1913 2134 1958 ipsum

272 1992 290 2012 a
323 1980 595 2024 quatuordecim
624 1980 728 2012 annis
759 1979 966 2024 alumpnum
998 1986 1176 2020 nostrum,
1203 1979 1246 2011 ad
1272 1985 1433 2012 vestrum
1460 1978 1687 2011 liberalitatis
1714 1979 1890 2023 gremium
1920 1980 2135 2023 a[d]mittere

273 2046 487 2091 dignemini.
510 2048 583 2079 Nos
605 2058 692 2080 vero
709 2053 829 2080 vestre
851 2046 1190 2091 circumspectionis
1211 2045 1602 2090 beneplacitisjugiter
1620 2046 1755 2078 erimus
1777 2045 1937 2087 obnoxii,
1954 2054 2135 2080 annuente

272 2113 427 2146 Domino
458 2113 519 2158 qui
546 2113 701 2146 ecclesie
722 2120 843 2146 vestre
869 2113 1014 2146 salubre
1041 2113 1236 2158 collegium
1265 2112 1406 2145 cunctis
1431 2112 1468 2144 in
1494 2112 1604 2145 rebus
1625 2112 1780 2145 feciliter
1801 2113 1872 2156 (sic)
1895 2113 2054 2158 dirigere
2081 2114 2134 2146 (li-

270 2187 417 2225 gnetur.
450 2181 630 2225 Scriptum
663 2180 823 2213 Parisius
853 2181 889 2213 in
920 2187 1042 2213 nostra
1074 2180 1360 2225 congregatione
1391 2179 1554 2224 generali
1584 2180 1679 2224 apud
1715 2180 1880 2212 Sanctum
1913 2180 2130 2213 Maturinum

271 2247 509 2292 solempniter
533 2247 713 2280 celebrata
734 2260 827 2280 anno
849 2247 994 2280 Domini
1020 2247 1214 2280 millesimo
1240 2246 1602 2291 quadringentesimo
1624 2246 1940 2291 quinquagesimo,
1963 2247 2021 2279 die
2046 2260 2131 2280 vero

271 2314 462 2347 undecima
484 2314 684 2347 Februarii.

882 2359 1001 2392 Vestri
1020 2364 1139 2392 rector
1158 2364 1191 2392 et
1216 2358 1437 2392 Universitas
1455 2357 1570 2391 studii
1589 2358 1819 2391 Parisiensis.

1119 2426 1176 2458 Sic
1198 2425 1379 2470 signatum
1404 2436 1410 2457 :
1434 2425 1619 2457 Nicomffl.

519 2540 547 2559 20
562 2535 676 2561 Decano
691 2536 719 2560 ct
733 2534 861 2568 capitulo
876 2534 990 2560 ecclesie
1005 2533 1153 2567 collegiate
1169 2533 1270 2559 Sancte
1286 2533 1413 2559 Deodate
1430 2532 1465 2558 de
1481 2532 1584 2558 Sancto
1601 2532 1728 2558 Deodato
1743 2532 1879 2558 Tullensi.

359 2624 501 2665 Quanto
522 2622 788 2664 vehementius,
810 2621 1008 2655 venerandi
1031 2621 1180 2662 domini,
1205 2620 1320 2653 nostri
1341 2620 1497 2664 majores
1514 2619 1631 2652 officio
1653 2626 1759 2664 atque
1780 2621 2025 2653 monumentis
2042 2621 2132 2654 litte-

268 2701 386 2722 rarum
415 2689 573 2722 animum
604 2689 825 2734 appulerint,
855 2701 897 2721 00
928 2688 1084 2733 amplius
1120 2687 1308 2732 dignitatis
1336 2686 1452 2731 gloria
1488 2686 1724 2731 amplissimis
1758 2698 1902 2731 quoque
1941 2687 2130 2721 beneficiis

269 2756 527 2789 offerebantur.
556 2757 670 2801 Cujus
696 2756 748 2789 rei
774 2756 1019 2789 consideratio
1046 2761 1192 2787 nostros
1221 2754 1361 2787 inducit
1385 2754 1524 2786 animos
1547 2757 1624 2798 [pro
1649 2753 1734 2794 illis]
1761 2754 1954 2798 implorare
1983 2755 2130 2797 debere,

269 2824 331 2868 qui
357 2824 508 2856 summis
535 2823 735 2868 vigilantiis
765 2830 800 2856 et
831 2823 963 2856 studiis
994 2835 1012 2855 0
1043 2828 1169 2854 nostro
1196 2821 1336 2866 gremio
1363 2820 1448 2853 clari
1482 2827 1687 2853 evaserunt.
1718 2821 1870 2853 Unicum
1901 2820 1971 2854 hiis
2002 2822 2131 2856 dicbus

269 2891 364 2923 inter
384 2897 502 2924 cetera
525 2897 647 2924 nostra
669 2891 858 2936 supposita
879 2890 1012 2923 vestris
1035 2888 1345 2921 dominationibus
1362 2887 1636 2920 recommissuri
1653 2899 1779 2920 sumus
1795 2887 2008 2931 Michaelem
2027 2890 2134 2922 Mini-
