2502 3418
286 348 382 384 1424]
629 361 675 382 ΑΒ
710 361 810 383 Anno
846 361 1134 383 MCCCLxxxxiv
1171 362 1301 390 USQUE
1337 363 1384 383 An
1419 362 1558 383 ANNUM
1594 362 1799 384 MCCGCLu.
2081 354 2143 385 [25ss

373 435 491 467 Primo
513 435 685 480 dignetur
707 437 745 468 E.
769 435 803 468 S.
831 442 1037 480 presentem
1061 435 1216 468 rotulum
1240 443 1273 468 ct
1302 443 1469 468 contenta
1492 436 1526 467 in
1549 448 1591 468 eo
1614 435 1721 468 solito
1744 448 1843 468 inore
1870 449 1933 468 sue
1955 437 2145 469 clementie

284 501 443 547 benigne
465 503 641 547 recipere,
665 509 699 535 et,
719 502 883 535 desectus
905 509 972 535 tam
990 503 1086 547 juris
1108 515 1211 547 quain
1235 503 1316 535 sacti
1337 515 1376 535 ac
1398 502 1615 547 ignorantie,
1642 503 1671 534 si
1694 503 1754 546 qui
1781 504 1899 534 t'orsan
1924 504 1958 535 in
1980 517 2021 535 νο
2046 517 2147 548 repo-

284 570 434 610 riantur,
458 570 744 602 misericorditer
765 569 948 615 supplere.
974 591 1016 594 ——
1045 570 1119 602 Fiat
1140 577 1177 602 ut
1198 570 1332 615 petitur
1353 582 1416 615 pro
1439 569 1713 614 porrigentibus
1736 569 2020 614 supplicationes
2042 572 2145 603 etiam

282 637 591 670 vicecancellario.
615 637 657 670 O.

370 704 670 749 [Supplicationes
690 715 866 738 concessae
880 703 922 737 de
937 704 1195 749 confessoribus
1214 704 1397 749 eligendis,
1415 704 1457 737 de
1475 704 1620 737 servitio
1640 703 1787 737 dicendo
1808 716 1874 737 sec.
1893 716 2023 737 morem
2044 706 2144 738 Rom.

282 771 465 812 ecclesiae;
489 771 581 817 quod
605 771 744 805 rotulus
769 783 844 804 cnm
874 786 889 801 «
908 772 1144 816 prerogative
1167 771 1252 805 data
1278 786 1293 801 »
1320 777 1400 805 ante
1427 783 1543 804 omnes
1569 771 1827 804 Unii'ersitates
1850 772 2036 816 signetur;
2058 772 2148 816 quod

282 838 454 883 magistri
468 850 572 883 usque
586 837 634 871 ad
647 838 911 883 quinquennium
927 838 1200 882 incompatibilia
1215 839 1320 872 simul
1335 839 1472 883 assequi
1481 838 1621 882 possint
1630 850 1641 878 ,·
1658 837 1749 883 quod
1762 844 1966 882 praesentes
1982 838 2016 871 in
2030 838 2148 872 studio

282 905 479 939 absentibus
500 906 535 939 in
550 905 767 939 assecutione
786 905 1031 950 beneficiorum
1046 905 1320 950 praeferantur,
1339 905 1419 939 licet
1441 906 1597 939 absentes
1613 905 1793 950 gaudeant
1812 905 2022 950 privilegiis
2040 917 2148 950 prae-

281 973 432 1006 sentium
440 983 453 1013 ;
470 984 564 1017 papa
581 978 783 1017 praesentes
800 978 949 1017 reputet,
966 984 1051 1017 quos
1069 973 1157 1006 tales
1178 973 1404 1006 Universitas
1425 978 1588 1017 repulat,·
1603 973 1636 1006 si
1652 978 1807 1017 tempore
1830 972 1933 1006 datae
1947 974 2149 1017 praesentis

283 1039 396 1073 rotuli
410 1051 430 1073 a
444 1051 540 1084 papa
556 1039 764 1073 obtinendae
778 1039 918 1085 quidam
935 1040 1108 1085 magistri
1130 1040 1165 1073 in
1182 1040 1301 1074 rotulo
1318 1046 1355 1073 ut
1368 1039 1558 1085 graduali,
1571 1040 1779 1085 presbrteri
1794 1046 1854 1073 aut
1870 1040 1964 1073 alias
1978 1039 2150 1085 descripti

282 1107 422 1140 minime
443 1106 638 1152 graduali,
658 1108 867 1152 preslyteri
890 1112 952 1140 aut
978 1107 1086 1140 aliter
1110 1107 1307 1152 qualificati
1322 1107 1481 1152 fuissent
1508 1112 1545 1140 ut
1570 1113 1650 1140 sunt
1676 1112 1831 1151 tempore
1849 1108 2150 1151 praesentationis

282 1174 408 1216 rotuli,
431 1174 493 1207 lloc
517 1174 603 1208 nilzil
628 1177 785 1217 noceat]
806 1175 893 1207 Fiat.
918 1175 960 1207 O.

371 1242 459 1274 Item
481 1241 653 1286 dignetur
676 1243 713 1273 E.
743 1242 776 1274 S.
803 1243 844 1275 V.
869 1242 1071 1274 concedere
1098 1241 1267 1274 omnibus
1296 1241 1522 1283 doctoribus,
1545 1242 1743 1286 inagistriS,
1766 1242 1951 1285 graduatis
1973 1249 2007 1275 et
2035 1242 2150 1275 scola-

283 1308 383 1341 ribus
405 1309 566 1341 Parisius
588 1309 684 1353 quod
706 1315 773 1341 tani
796 1309 939 1354 agendo
961 1321 1064 1353 quarn
1089 1309 1321 1341 defendendo
1343 1310 1379 1341 in
1401 1310 1521 1341 causis
1543 1308 1833 1350 beneficialibus,
1855 1321 1919 1341 seu
1941 1309 2021 1341 aliis
2044 1310 2151 1354 spiri-

282 1375 440 1408 tualibus
462 1375 544 1408 finis
566 1383 743 1420 perpetuo
765 1376 926 1409 Parisius
948 1377 1166 1421 imponatur,v
1189 1377 1231 1409 ad
1254 1376 1322 1408 hoc
1349 1377 1467 1408 dando
1494 1383 1568 1409 tres
1584 1376 1729 1420 judices
1753 1376 1988 1421 apostolicos,
2011 1377 2149 1410 scilicet

279 1449 572 1476 conservatorem
603 1443 877 1488 privilegiorum
902 1444 1158 1476 Universitatis
1189 1444 1420 1484 Parisiensis,
1450 1443 1598 1476 abbates
1630 1444 1664 1476 S.
1695 1443 1867 1476 Germani
1898 1444 1942 1476 de
1974 1444 2088 1476 Pratis
2117 1452 2146 1477 et

280 1510 315 1543 S.
338 1510 544 1551 Genoves03
567 1517 602 1543 et
623 1510 714 1543 ultra
736 1523 808 1543 non
831 1511 1067 1556 prctendatur
1087 1511 1301 1556 appellacio,
1325 1523 1390 1543 nec
1411 1511 1516 1543 aliter
1533 1523 1637 1555 quam
1660 1511 1702 1543 ad
1725 1523 1800 1543 eos..
1818 1531 1862 1535 ——
1882 1511 1957 1543 Fiat
1979 1512 2013 1543 in
2038 1512 2147 1556 prima

279 1577 483 1610 instantia¹.
507 1577 549 1611 O.

366 1645 593 1689 [Sequuntur
614 1645 901 1690 supplicationes,
929 1658 968 1680 ne
986 1652 1141 1690 propter
1162 1657 1321 1679 errorem
1345 1645 1563 1678 commissum
1592 1645 1626 1678 in
1650 1645 1899 1690 significandis
1918 1646 2150 1690 qualitatibus

276 1712 423 1757 gratiae
442 1713 676 1756 subreptitiae
702 1713 754 1746 vel
777 1713 953 1747 invalidae
973 1719 1198 1753 censeantur;
1218 1712 1309 1758 quod
1328 1712 1503 1757 dignitas,
1524 1718 1751 1756 personatus,
1774 1712 1925 1757 officium
1948 1724 1989 1746 ac
2009 1714 2149 1747 canoni-

279 1784 379 1812 catus
403 1784 436 1812 et
456 1779 660 1823 praebenda
681 1791 753 1824 pro
779 1792 846 1813 uno
871 1781 1031 1825 beneficio
1057 1785 1286 1825 reputentur,·
1311 1780 1426 1824 magis
1447 1779 1652 1824 graduatus
1673 1779 1787 1813 minus
1805 1779 1989 1824 graduato
2005 1781 2149 1824 praefe-

280 1851 398 1887 ratur,
422 1847 609 1891 antiquior
628 1847 663 1880 in
685 1847 806 1892 gradu
824 1848 971 1893 juniori
995 1848 1030 1881 in
1055 1847 1170 1881 eodem
1193 1846 1356 1892 gradu²,·
1380 1846 1494 1880 bullae
1514 1846 1751 1891 expediantur
1770 1847 1845 1880 sine
1866 1859 1952 1880 noua
1972 1847 2149 1892 supplica-

280 1913 374 1946 tione
382 1924 395 1954 ;
420 1924 486 1946 non
513 1913 674 1947 habentes
697 1913 851 1948 debitam
876 1920 1024 1948 aetatem
1054 1914 1101 1948 ad
1131 1913 1333 1958 recipienda
1363 1914 1527 1957 beneficia
1557 1913 1819 1957 dispensentur,·
1846 1913 2008 1959 religiosi
2036 1914 2150 1959 quoad

279 1979 440 2025 beneficia
461 1985 664 2014 tractentur
680 1986 718 2014 ut
739 1981 911 2026 magistri
928 1981 1126 2015 saeculares
1134 1992 1147 2021 ;
1167 1980 1208 2014 de
1228 1981 1398 2014 levatione
1418 1986 1451 2013 et
1472 1979 1696 2024 expeditione
1716 1980 1893 2014 bullarum
1914 1981 2028 2026 quoad
2053 1982 2148 2015 bene-

268 2047 360 2091 ficia
369 2058 382 2088 ;
409 2047 590 2092 magistri,
617 2048 678 2092 qui
701 2048 865 2093 beneficia
890 2049 926 2082 in
948 2049 1073 2093 primo
1096 2047 1216 2081 rotulo
1236 2048 1305 2081 sibi
1328 2058 1485 2081 concessa
1511 2046 1661 2080 nondum
1687 2048 1863 2081 consecuti
1882 2054 1976 2089 sunl,
2006 2049 2149 2082 insimul

276 2113 416 2158 gratiis
438 2114 472 2147 in
497 2115 559 2147 lloc
581 2114 731 2148 secundo
757 2115 877 2149 rotulo
891 2115 982 2160 frui
1002 2116 1183 2160 possint]
1204 2115 1292 2147 Fiat.
1317 2114 1359 2147 O.

370 2182 458 2213 [tem
481 2181 653 2226 dignetur
675 2183 713 2214 E.
738 2182 773 2215 S.
790 2183 833 2216 V.
856 2182 1058 2215 concedere
1085 2182 1183 2227 quod
1209 2182 1283 2226 xiiij
1311 2181 1446 2214 bedelli
1477 2181 1697 2226 principales
1719 2181 1814 2214 dicte
1838 2182 2092 2215 Universitatis
2113 2183 2149 2214 in

281 2248 358 2281 suis
380 2248 550 2293 personis
578 2248 839 2282 beneficiorum
863 2249 1195 2282 ecclesiasticorum
1227 2261 1378 2294 capaces
1407 2249 1457 2281 uti
1488 2255 1522 2281 et.
1551 2249 1711 2293 gaudere
1737 2248 1878 2281 valeant
1908 2249 2149 2294 prerogativis

282 2326 345 2359 per
362 2316 401 2347 E.
421 2315 456 2348 S.
474 2316 517 2348 V.
536 2315 748 2349 doctoribus
769 2323 804 2349 et.
824 2317 1009 2361 magistris
1031 2317 1287 2361 infrascriptis,
1307 2322 1342 2348 ut
1365 2327 1568 2360 speramus,
1591 2315 1851 2357 com·s=.(len‹lis7
1871 2315 2008 2360 absque
2031 2323 2147 2349 tamen

282 2382 484 2427 prejudicio
506 2382 695 2415 doctorum
724 2390 759 2416 et
789 2384 1044 2429 magistrorum
1067 2384 1395 2428 infrascriptoruin.
1419 2403 1463 2407 —
1486 2383 1573 2423 Fiat,
1597 2383 1627 2414 si
1649 2382 1737 2414 alias
1758 2383 1892 2415 suerint
1913 2383 2080 2427 exempti.
2104 2384 2145 2417 O.

369 2448 554 2482 Publicate
576 2456 610 2482 et
630 2449 739 2483 michi
759 2451 888 2484 tradite
910 2451 946 2484 in
968 2451 1181 2484 cancellaria
1203 2451 1261 2483 die
1282 2455 1339 2484 xv⁸
1356 2462 1426 2495 que
1447 2450 1510 2482 suit
1534 2450 1616 2482 idus
1641 2450 1723 2482 Maii
1745 2462 1838 2482 anno
1861 2461 1920 2482 vn.
1943 2452 1990 2482 M.
2014 2462 2055 2482 DE
2078 2452 2148 2483 No-

281 2527 438 2549 VAR1A....
460 2537 504 2540 —
529 2518 656 2549 Datum
679 2519 790 2550 Rome
812 2518 847 2550 in
868 2519 975 2551 domo
997 2517 1230 2551 habitationis
1253 2524 1390 2558 nostre,
1418 2529 1510 2549 anno
1532 2529 1549 2549 a
1572 2517 1760 2550 Nativitate
1783 2517 1926 2549 Donlini
1954 2518 2146 2550 millesimo

280 2583 537 2628 quadringent.
565 2584 884 2629 vicesiinoquarto,
914 2586 1114 2618 indictione
1145 2584 1320 2625 secunda⁷
1352 2585 1410 2616 die
1440 2596 1525 2617 vero
1553 2584 1851 2628 vicesilnaquinta
1883 2585 2019 2617 mensis
2050 2586 2146 2626 Maii,

281 2650 512 2694 pontificatus
534 2651 662 2696 prefati
683 2651 820 2684 domini
843 2653 958 2685 nostri
981 2665 1070 2697 pape
1092 2664 1184 2685 anno
1207 2651 1375 2696 septimo.

374 2798 511 2829 Originule
534 2798 559 2820 in
583 2799 658 2823 Arrh.
677 2802 729 2822 nat.
752 2799 846 2823 Paris..
864 2801 885 2823 M
901 2800 951 2829 Gssb,
972 2805 999 2822 11⁰
1020 2801 1048 2822 35
1069 2800 1140 2827 (oliui
1165 2801 1193 2822 A.
1219 2800 1257 2822 ⁴20.
1278 2801 1312 2828 n),
1333 2807 1391 2821 rum
1416 2798 1506 2828 sigillo
1522 2798 1664 2820 cardinalis
1682 2798 1820 2821 Ostiensis,
1848 2799 1909 2822 Cod.
1928 2800 1985 2822 Vnt.
2009 2801 2054 2823 lat.
2077 2802 2148 2830 lifflw,

282 2842 326 2865 fol.
345 2843 460 2870 175-177,
480 2843 524 2866 ubi
542 2844 627 2866 solum
647 2844 807 2875 supplicatio
828 2845 1021 2873 Universitatis,
1039 2845 1145 2867 mininie
1162 2845 1264 2866 litterae
1278 2843 1421 2866 cardinalis
1436 2843 1575 2866 Ostirnsis.
1594 2857 1623 2859 —
1640 2843 1714 2870 Bt·1,.‚
1734 2844 1761 2869 V,
1779 2845 1832 2866 3⁴59.
1853 2856 1882 2861 ——
1899 2845 1962 2866 Cum
1980 2848 2031 2867 n-es
2044 2845 2149 2868 articuli

281 2887 405 2918 ambigue
418 2888 522 2911 formati
538 2892 633 2911 essent.
648 2889 812 2912 Universitas
825 2893 915 2920 postea
927 2889 1038 2912 Martino
1053 2890 1069 2911 V
1082 2889 1184 2920 aliquas
1198 2889 1355 2911 mutationes
1367 2888 1516 2919 proposuit.
1529 2896 1594 2918 quas
1607 2888 1684 2910 etiam
1700 2896 1767 2919 papa
1780 2888 1868 2911 nudem
1883 2897 1958 2916 anno,
1973 2890 2096 2914 Novctnb,
2115 2891 2148 2919 Ιί,

282 2932 429 2963 acceptavit
444 2933 548 2964 (Suppl.
564 2933 639 2956 Mart.
656 2934 685 2962 Y,
699 2939 727 2956 11⁰
740 2934 793 2961 172,
809 2934 852 2956 sol.
869 2935 933 2963 256).
