2502 3418
417 323 481 356 332
996 331 1315 355 CHARTULARIUM
1350 331 1541 352 nruvnns.
1577 331 1707 353 PAms.
2185 315 2283 352 [1417

416 407 514 440 cives
537 407 632 440 dicte
654 407 810 440 civitatis
831 413 870 440 ut
890 407 1018 439 dictam
1040 406 1220 438 civitatem
1245 404 1403 437 inimicis
1428 404 1529 448 regis
1554 403 1750 445 traderent,
1774 403 1918 448 quidam
1940 402 2096 436 Thomas
2122 402 2280 443 nomine,

416 474 568 515 [laicus],
583 474 677 507 dicte
693 473 976 518 conspirationis
990 472 1175 511 conscius,
1188 471 1428 504 considerans
1445 477 1603 515 stragem
1619 470 1838 504 horrendam
1854 469 2078 502 infinitorum
2096 467 2282 501 hominum

416 545 461 582 [et
484 541 589 574 etiam
611 541 791 574 carissimi
883 540 1004 574 Caroli
1032 541 1250 571 Francorum
1274 538 1374 582 regis
1394 537 1562 578 illustris,
1585 543 1671 570 tunc
1698 536 1863 582 delphini
1882 537 2084 570 Viennens.
2108 542 2143 568 et
2171 534 2285 580 pluri-

416 619 557 640 morum
575 608 778 652 principum
798 614 832 639 et
852 607 1054 646 baronum],
1074 605 1104 638 si
1126 605 1253 650 prefati
1275 603 1412 636 inimici
1429 603 1609 636 civitatem
1627 603 1825 648 predictam
1843 603 2053 644 intrassent,
2071 601 2284 647 penitudine

416 674 561 714 ductus,
582 686 736 718 vespere
764 680 845 706 ante
878 673 972 705 diem
1003 672 1198 716 ingressus
1230 670 1409 703 dictorum
1442 669 1601 702 hostium
1636 670 1775 715 prefato
1809 669 2005 714 exponenti
2038 668 2282 713 proditionem

414 740 624 785 hujusmodi
646 740 794 781 detexit,
822 752 862 772 ea
883 751 947 784 spe
970 745 1008 771 ut
1028 749 1215 782 exponens
1243 737 1404 782 prefatus
1429 736 1636 769 rectoribus
1661 736 1804 781 justitie
1824 737 1954 769 factum
1981 735 2172 772 revelaret,
2197 747 2284 780 qua-

414 814 520 840 tenus
542 807 778 852 providerent
798 806 843 838 de
869 805 1031 838 remedio
1053 810 1247 849 oportuno.
1275 804 1366 837 Cum
1392 809 1510 836 autem
1537 803 1682 848 quidam
1711 815 1754 836 ex
1778 802 1984 835 rectoribus
2012 801 2175 847 predicte
2196 802 2284 835 civi-

414 874 516 907 tatis²
542 873 633 906 hanc
662 885 735 906 rem
767 885 839 905 non
870 872 1076 909 crederent,
1102 871 1221 915 inquit
1247 871 1301 903 eis
1330 870 1449 903 dictus
1477 882 1679 915 exponens,
1701 869 1799 915 quod
1828 869 2001 925 Thomam
2034 868 2281 913 supradictum

412 940 621 981 adduceret,
641 940 702 984 qui
724 939 777 971 eis
799 938 944 983 singula
966 937 1167 982 detegeret.
1191 937 1325 969 Eadem
1347 937 1468 981 itaque
1490 943 1595 983 nolcte
1616 936 1795 969 adductus
1811 935 1968 969 Thomas
1990 947 2109 968 coram
2132 934 2282 979 prefatis

411 1006 617 1039 rectoribus
629 1006 772 1050 justitie
790 1005 910 1038 omnia
927 1004 1113 1045 revelavit,
1130 1010 1177 1045 et,
1195 1010 1234 1036 ut
1249 1004 1436 1036 veritatem
1458 1003 1574 1048 magis
1595 1009 1852 1048 agnoscerent,
1870 1002 1989 1035 dictus
2006 1001 2163 1034 Thomas
2181 1001 2282 1034 duxit

412 1085 475 1106 eos
497 1074 540 1106 ad
561 1073 707 1105 domum
728 1072 837 1105 unius
859 1071 1123 1116 proditorum³,
1146 1071 1283 1116 prefato
1306 1077 1510 1116 exponente
1532 1076 1716 1115 presente,
1740 1076 1776 1102 et
1795 1076 1876 1102 ante
1903 1069 2061 1101 hostium
2084 1068 2171 1101 dicti
2197 1079 2282 1113 pro-

410 1140 539 1173 ditoris
561 1146 677 1172 stante
698 1151 778 1171 cum
800 1137 1065 1183 principalibus
1087 1137 1265 1170 ministris
1288 1137 1446 1182 justitie,
1468 1137 1549 1170 aliis
1570 1148 1695 1169 eorum
1717 1135 1956 1169 familiaribus
1978 1135 2124 1168 domum
2145 1134 2282 1167 intran-

410 1206 506 1239 tibus
524 1213 562 1238 ut
582 1218 682 1238 reum
705 1204 1036 1250 apprehenderent.
1059 1204 1129 1247 Qui
1150 1210 1277 1249 captus
1299 1204 1430 1236 ductus
1452 1209 1508 1236 est
1528 1203 1565 1235 in
1586 1214 1782 1244 carcerem,
1800 1208 1836 1235 et
1856 1202 1908 1234 rei
1926 1201 2076 1235 veritate
2096 1207 2280 1246 comperta

408 1273 523 1318 capite
544 1279 731 1305 truncatus
753 1279 819 1313 est,
839 1278 1043 1317 exponente
1065 1283 1138 1304 non
1159 1277 1343 1316 presente,
1362 1282 1428 1303 nec
1450 1270 1538 1303 alias
1555 1281 1662 1315 quam
1683 1269 1819 1302 dictum
1840 1269 1888 1302 sit
1905 1268 2171 1301 consentiente.
2189 1268 2280 1301 Cum

408 1346 540 1381 autem,
560 1346 661 1384 pater
686 1346 823 1380 sancte,
845 1345 930 1371 tunc
956 1338 1132 1383 temporis
1160 1349 1348 1383 exponens
1378 1337 1539 1382 prefatus
1571 1336 1727 1381 simplex
1753 1336 1910 1369 clericus
1937 1335 2089 1378 scolaris
2110 1341 2222 1376 esset,
2244 1341 2280 1368 et

408 1418 494 1452 egre
514 1407 627 1439 ferret
648 1406 933 1439 destructionem
956 1405 1058 1450 regie
1080 1405 1292 1450 majestatis,
1315 1404 1520 1449 principum
1543 1410 1578 1436 et
1601 1403 1754 1436 aliorum
1781 1402 1851 1436 sibi
1876 1402 2102 1435 aderentium
2124 1408 2159 1434 et
2184 1401 2279 1434 dicte

407 1474 561 1507 civitatis
588 1473 922 1518 depopulationem,
950 1479 985 1505 et
1014 1484 1079 1505 sue
1108 1472 1255 1517 proprie
1279 1482 1438 1516 persone
1469 1477 1635 1511 mortem,
1657 1481 1724 1503 nec
1751 1469 1840 1502 alias
1868 1481 1973 1514 quam
2003 1469 2137 1502 dictum
2165 1468 2213 1501 sit
2241 1469 2279 1501 in

406 1547 558 1573 mortem
580 1540 734 1585 predicti
755 1540 955 1585 proditoris
976 1539 1219 1580 consenserit,
1238 1550 1277 1571 ac
1299 1549 1337 1571 se
1359 1537 1591 1583 postmodum
1614 1536 1824 1570 successive
1841 1536 1884 1569 de
1906 1536 2105 1581 peritorum
2123 1534 2278 1568 consilio

406 1607 538 1653 quibus
560 1608 738 1652 premissa
759 1607 918 1640 narravit
937 1606 1071 1639 debitis
1092 1605 1321 1651 temporibus
1341 1605 1469 1638 fecerit
1489 1616 1528 1638 se
1549 1604 1593 1637 ad
1614 1615 1741 1637 omnes
1762 1603 1911 1636 ordines
1931 1603 2195 1648 promoveri....

499 1705 593 1736 Suppl.
609 1705 708 1735 Eugen.
728 1705 769 1734 lv,
786 1709 815 1727 n⁰
830 1705 884 1732 319,
906 1705 951 1727 sol.
973 1705 1011 1727 77.
1031 1704 1152 1735 Epistola
1173 1712 1254 1735 super
1275 1704 1324 1726 hoc
1346 1705 1465 1727 confecta
1481 1703 1507 1726 in
1523 1704 1587 1734 Reg.
1604 1703 1725 1726 Luteran.
1741 1702 1853 1733 Eugen„
1874 1709 1917 1725 an.
1938 1702 1962 1730 6,
1978 1701 2025 1724 lib.
2042 1701 2071 1728 Ο,
2094 1700 2139 1724 fol.
2155 1701 2194 1728 64,
2216 1700 2277 1723 datu

405 1749 546 1778 Bononiae,
559 1750 586 1772 17
598 1749 652 1773 kal.
664 1749 755 1773 Octob.
769 1758 810 1772 an.
824 1751 838 1772 6
853 1750 932 1778 (1436,
946 1749 1018 1780 Sept.
1030 1749 1078 1778 15),
1093 1749 1137 1771 ubi
1149 1748 1279 1780 quaedam
1291 1748 1376 1779 magis
1388 1748 1512 1779 explicita
1526 1750 1596 1777 sunt,
1607 1755 1674 1778 quae
1685 1746 1753 1770 inter
1763 1754 1844 1769 uncos
1858 1746 1960 1769 inclusa
1972 1745 2132 1768 addidimus.
2144 1745 2277 1776 Eugenius

404 1794 530 1822 declarat,
542 1793 688 1817 Guidonem
704 1794 804 1816 nullam
820 1793 1027 1824 irregularitatis
1043 1796 1133 1816 notam
1148 1793 1302 1816 incurrisse.
1314 1793 1426 1816 Narrate
1442 1792 1541 1824 optime
1556 1791 1711 1815 relationem
1723 1790 1872 1815 Juvenalis
1887 1791 1932 1815 des
1946 1790 2052 1819 Ursins,
2064 1789 2105 1812 ed.
2118 1789 2276 1819 Gonnum,

405 1847 431 1869 p.
447 1839 492 1861 343
507 1846 558 1869 sq.y
574 1838 708 1869 supplent.
725 1838 850 1867 Thomas,
866 1838 910 1869 qui
925 1838 997 1869 apud
1012 1837 1167 1861 Juvenalem
1183 1838 1270 1860 solum
1286 1845 1298 1860 <t
1315 1845 1350 1860 un
1365 1837 1487 1868 pelletier
1501 1845 1532 1860 en
1548 1836 1574 1859 la
1593 1844 1640 1859 rue
1660 1835 1865 1867 saint-Jacques
1882 1842 1893 1857 »
1910 1837 2030 1863 vocatur,
2052 1833 2276 1865 conspirationem

405 1883 490 1913 primo
512 1891 564 1906 non
584 1882 747 1914 praeposito,
763 1883 808 1906 sed
824 1882 938 1906 Guidoni
959 1882 991 1906 de
1006 1882 1143 1911 Versuliis,
1160 1882 1300 1913 supposito
1317 1881 1516 1911 Universitatis,
1532 1880 1639 1912 detegit,
1656 1880 1731 1911 isque
1748 1879 1931 1911 praepositum
1950 1878 2043 1902 adivit.
2062 1879 2149 1909 Supra
2169 1881 2276 1902 narrata

405 1928 437 1950 ad
450 1928 517 1950 hanc
531 1930 713 1958 tempestatem
728 1927 861 1958 pertinere
872 1927 955 1958 liquet
970 1935 983 1950 e
998 1927 1140 1959 mentione,
1156 1935 1245 1957 regern
1261 1926 1385 1949 Carolum
1397 1929 1460 1950 tunc
1471 1925 1626 1957 delphinum
1638 1925 1779 1948 Viennens.
1791 1924 1881 1952 fuisse,
1896 1924 1914 1947 i.
1930 1932 1952 1947 e.
1968 1923 2000 1946 ab
2014 1931 2056 1946 an.
2067 1923 2137 1952 1417,
2149 1922 2233 1954 April.
2248 1924 2276 1950 5;

405 1980 446 1996 an.
465 1972 534 2001 1418,
547 1972 608 1995 Maii
619 1973 658 2001 29,
673 1972 778 2003 aufugit
792 1975 817 1995 et
832 1980 916 2003 usque
932 1972 965 1995 ad
981 1980 1022 1995 an.
1037 1972 1097 1995 1437
1113 1971 1230 1995 Parisios
1243 1979 1294 1994 non
1310 1979 1432 1994 reversus
1448 1974 1496 1994 est.

498 2056 522 2082 1,
539 2057 598 2080 Fuit
614 2058 695 2080 frater
710 2065 851 2088 germanus
866 2057 977 2080 celebris
993 2057 1063 2080 Petri
1079 2057 1110 2079 de
1126 2056 1253 2079 versaliis
1266 2056 1296 2079 O.
1309 2056 1335 2079 S.
1351 2056 1389 2083 B..
1407 2056 1438 2078 de
1455 2055 1537 2078 nobili
1552 2062 1648 2086 genere
1660 2057 1824 2085 procreatus,
1841 2056 1866 2076 et
1880 2061 1951 2084 mag.
1964 2052 1991 2075 in
2007 2055 2067 2082 art„
2084 2060 2125 2074 un.
2141 2052 2202 2074 1420
2216 2059 2274 2074 can.
2314 2084 2319 2088 .

405 2101 595 2125 Silvanectens.
611 2101 722 2124 ambivit
737 2102 840 2132 (Suppl.
855 2102 931 2125 Mart.
945 2102 974 2130 V,
991 2106 1020 2124 n⁰
1036 2102 1090 2131 133,
1108 2101 1152 2124 sol.
1168 2102 1217 2130 97).
1234 2114 1262 2118 -
1278 2100 1302 2125 2.
1318 2100 1488 2131 Praepositus
1505 2099 1589 2123 Paris.
1607 2099 1656 2122 suit
1669 2100 1813 2130 Tanneguy
1828 2098 1863 2121 du
1879 2097 2019 2121 ChAteL—
2030 2096 2053 2120 3.
2072 2096 2169 2127 Utique
2186 2103 2274 2118 sacer-

404 2146 472 2169 dotis
488 2146 517 2170 P.
530 2146 650 2174 Jeannin,
668 2146 707 2169 dit
723 2146 827 2170 Michel.

405 2272 549 2309 2088.
573 2282 704 2308 Novemh.
720 2283 762 2317 23,
782 2282 895 2308 detecta
911 2281 1150 2317 conspiratione⁴,
1168 2285 1195 2307 et
1208 2281 1318 2307 indicta
1332 2280 1516 2316 processione
1529 2279 1669 2314 generali,
1687 2279 1754 2304 dum
1770 2277 1984 2304 celebrarentur
1999 2276 2152 2302 missarum
2167 2274 2273 2301 solem-

493 2331 551 2365 nia,
573 2331 601 2356 in
619 2331 747 2367 parvisio
768 2332 891 2357 Nostrae
910 2331 1051 2356 Dominae
1070 2330 1187 2366 quidam
1207 2329 1292 2356 theol.
1314 2329 1413 2355 doctor
1431 2329 1498 2356 ord.
1514 2329 1655 2355 Minor-um
1674 2331 1774 2354 contra
1792 2326 1956 2360 homicidia,
1974 2325 2139 2359 sacrilegia,
2162 2323 2274 2350 combu-

490 2380 599 2405 stiones
615 2380 769 2414 civitatum,
786 2384 897 2416 stupra,
916 2379 1063 2406 adulteria
1075 2389 1129 2415 per
1143 2379 1314 2414 Burgundos
1333 2378 1485 2404 commissa
1500 2376 1707 2414 praedicavit²7
1725 2380 1752 2403 et
1771 2380 1837 2402 tnnc
1857 2375 2001 2401 Gerardns
2022 2373 2057 2400 de
2078 2363 2270 2406 Montcacuto,

491 2429 642 2464 episcopus
658 2429 753 2455 Paris.
772 2429 800 2454 in
818 2429 953 2454 eminenti
967 2429 1049 2463 solio,
1067 2428 1273 2454 assistentibus
1289 2428 1363 2453 inter·
1377 2427 1452 2453 alios
1469 2427 1616 2461 magistris
1632 2430 1659 2452 et
1674 2425 1838 2452 doctoribus
1858 2423 2066 2457 Universitatis,
2085 2422 2183 2448 ducem
2196 2423 2271 2447 Bur·-

491 2477 629 2511 gundiae,
642 2477 881 2514 propter-scelera
895 2481 1074 2514 perpetrata,
1092 2477 1192 2503 virtute
1206 2476 1303 2503 bullae
1318 2476 1426 2503 Urbani
1444 2476 1480 2503 V³
1493 2474 1748 2502 excommunicavit
1761 2478 1789 2500 et
1803 2473 1933 2500 omnibus
1945 2471 2106 2508 privilegiis
2120 2470 2273 2497 dominiis-

493 2535 546 2561 (με
559 2531 689 2562 l’rWffl'lt·
1596 2560 1664 2590 7417,
1679 2559 1794 2586 novemb.
1808 2560 1853 2588 23.
1868 2558 1985 2584 Parisiis.

495 2610 554 2634 Rei.
572 2612 604 2634 de
616 2611 822 2641 Sami-Deum,
838 2611 881 2641 VI,
898 2611 952 2635 ¹156.

494 2693 518 2718 1.
538 2694 596 2718 Vid.
617 2699 667 2717 num
682 2695 752 2718 2087.
774 2709 804 2712 —
823 2694 848 2719 2.
863 2696 910 2718 An.
934 2695 993 2718 1411
1015 2694 1116 2718 inimici
1141 2694 1215 2717 ducis
1238 2693 1409 2725 Burgundiae
1431 2693 1462 2716 de
1483 2693 1578 2716 iisdem
1601 2692 1744 2715 sceleribus
1765 2690 1987 2722 objurgabantur.
2007 2688 2066 2712 Vid.
2085 2692 2135 2710 ηωιι
2155 2687 2224 2710 1935.
2239 2699 2271 2704 -

399 2738 422 2761 3.
438 2738 493 2765 Qua
510 2739 583 2761 bulla
598 2747 639 2763 an.
661 2740 717 2762 1411
735 2740 786 2762 dux
802 2739 998 2763 Aurelianensis
1014 2739 1040 2762 in
1058 2740 1175 2762 favorem
1190 2739 1264 2762 ducis
1280 2738 1450 2770 Burgundiae
1465 2737 1575 2762 Parisiis
1591 2736 1831 2760 excommunicatus
1845 2738 1893 2759 est.
1910 2734 1969 2758 Vid.
1985 2741 2068 2764 supra
2082 2737 2110 2755 n⁰
2122 2732 2192 2755 1938.
