2502 3418
247 336 343 374 1412]
590 351 636 372 AB
673 351 777 372 Asso
815 349 1100 371 ncccmcxxxu·
1139 350 1268 378 USQUE
1302 351 1350 372 AD
1385 352 1521 373 Axxun
1559 354 1761 376 nuceum.
2046 351 2111 382 233

249 481 388 519 1944.
418 490 606 516 Universitate
629 489 786 514 Parisiens.
809 488 890 524 apud
911 489 937 514 S.
965 488 1143 514 Bet-nardum
1163 488 1330 514 solemniter
1349 494 1524 523 congregata
1540 495 1567 516 et
1582 491 1656 516 lecca
1677 493 1875 527 appellatione
1896 497 2065 522 artistarum
2084 498 2111 522 in

332 542 409 565 num⁰
422 538 609 574 praecedenti
619 541 760 568 contenta,
773 537 933 571 facultates
945 536 1116 571 theologiae,
1130 536 1308 563 decretorum
1325 541 1352 563 et
1367 538 1527 564 medicinae
1539 540 1679 573 facultati
1694 542 1798 566 artium
1813 544 1991 569 concorditer
2002 545 2113 571 adhae-

332 592 401 622 rent,
420 596 454 613 ne
467 587 530 613 scil.
547 587 757 613 devolverentur
771 585 941 612 collationes
959 586 1160 620 beneficiorum
1175 586 1216 611 ad
1231 586 1407 612 ordinarios.
1427 598 1440 611 (ι
1457 588 1593 614 Noverint
1609 590 1735 616 universi
1754 602 1777 616 ».

1483 677 1553 705 1472.
1569 679 1657 703 Martii
1672 680 1693 707 7,
1710 680 1822 705 Parisiis.

338 764 474 795 Originale
490 763 515 786 in
533 763 611 786 Arch.
631 766 685 786 nat.
701 763 795 791 Paris„
817 763 840 785 M
853 763 904 790 67¹¹,
926 767 954 785 n⁰
979 764 1007 785 24
1033 763 1106 793 (olim
1125 764 1152 787 C.
1177 763 1202 786 b.
1224 766 1276 793 aa).
1295 764 1371 790 Bu..
1390 765 1431 793 IV,
1452 773 1478 795 p.
1495 766 1550 788 222.
1573 779 1599 782 —
1618 766 1686 789 Haec
1706 770 1764 789 acta
1788 768 1893 790 sum—unt
1914 777 1925 791 (ι
1946 770 2115 799 presentibus

243 809 390 832 venerande
408 808 644 839 circumspectionis
660 811 685 831 et
704 815 799 838 magne
820 807 960 838 prudentie
980 807 1045 831 viris
1061 808 1175 831 dominis
1189 811 1214 831 et
1229 808 1366 839 magistris
1382 809 1502 832 Johanne
1518 810 1549 832 de
1570 810 1665 833 Trelon
1685 814 1791 834 cantore
1807 812 1916 835 ecclesie
1932 813 2027 843 Puris„
2046 823 2118 838 reve-

242 854 322 877 rendo
340 857 416 884 patre
437 853 544 876 domino
559 852 655 875 abbate
675 851 829 875 monasterii
851 851 941 875 Sancti
961 852 1085 876 Germani
1101 852 1132 875 de
1148 853 1234 876 Prutis
1251 856 1325 876 extra
1340 861 1431 876 muros
1452 854 1558 883 Paris.'‚
1576 855 1711 877 Dominico
1728 856 1815 885 Parvi,
1835 857 1955 880 Johanne
1978 859 2116 887 Manchon,

242 898 361 922 Johanne
385 898 549 926 Breviscoxe,
568 897 671 920 Matheo
693 897 788 926 Roda,
807 897 927 920 Johanne
947 897 1088 928 D'Achery,
1112 897 1215 920 Matheo
1238 898 1366 926 Mei-cerii,
1384 898 1492 921 Nicolao
1512 899 1543 922 de
1561 900 1643 926 Duno,
1662 908 1735 923 sacre
1759 901 1890 932 theologie
1904 903 2118 933 professoribus;

241 943 359 966 Johanne
375 942 467 970 Vicini,
486 944 566 966 fratre
583 942 703 965 Johanne
718 942 749 965 de
765 941 858 972 Fargis
874 941 963 973 priore
978 942 1010 965 <le
1030 942 1136 965 Nemeto
1153 942 1290 966 Leodiens.
1307 942 1386 968 dioc..
1403 943 1468 967 Ord.
1485 943 1614 969 Cluniae..
1631 945 1798 968 decretorum
1814 946 1982 973 doctoribns;
1998 948 2118 970 ,Iohanne

242 988 273 1011 de
292 987 370 1015 Pisis,
386 988 462 1010 Petro
478 987 558 1014 Μὶοῑί,
575 987 695 1010 ,Iohanne
715 986 877 1018 Tanquardi‚
893 986 1009 1010 Oliverio
1033 986 1182 1015 Gambelin‚
1202 987 1322 1010 Johnnne
1338 987 1449 1017 Casson,
1473 988 1499 1010 in
1515 988 1646 1011 medicina
1667 989 1817 1020 magistris;
1834 990 1980 1014 Guillermo
2002 992 2116 1019 Martini,

241 1032 367 1056 Gervasio
384 1032 487 1060 Clerici,
503 1032 622 1055 Johanne
642 1032 674 1054 de
689 1031 862 1060 Laudissono,
879 1031 986 1054 Nicolao
1007 1031 1131 1060 Poisiere,
1147 1031 1255 1054 Nicolao
1274 1032 1306 1054 de
1322 1033 1349 1055 S.
1369 1032 1479 1062 Hilario,
1498 1031 1592 1063 Egidio
1609 1034 1767 1061 Salomonis,
1785 1035 1904 1058 Johanne
1920 1036 2040 1066 Bouveti,
2056 1037 2119 1059 Dio-

242 1077 317 1108 nysio
338 1076 473 1107 Feuillart,
491 1077 610 1100 Johanne
625 1077 651 1099 la
668 1076 759 1105 Dareta,
776 1076 903 1099 Michaele
922 1076 954 1099 de
971 1076 1045 1105 Rivo,
1066 1076 1186 1099 Johanne
1203 1076 1335 1106 Cambier,
1353 1077 1471 1100 Rolando
1488 1077 1601 1107 Ramier,
1619 1078 1725 1101 Simone
1745 1079 1862 1107 Pinardi,
1878 1080 1999 1103 Johanne
2019 1081 2117 1109 Dulcis,

241 1121 386 1145 Guillermo
406 1122 535 1152 Euvroye,
551 1121 671 1144 Jotmnne
686 1121 755 1150 Aise,
773 1120 872 1143 Jucobo
889 1120 920 1143 de
940 1121 1063 1143 Haerlem
1081 1123 1106 1143 et
1121 1120 1269 1143 Guillermo
1288 1121 1360 1150 Bloc,
1380 1121 1497 1149 Frende,
1515 1122 1644 1151 Picardic,
1661 1123 1820 1146 Normannic
1836 1127 1861 1147 et
1876 1125 2018 1155 Anglicane
2035 1112 2119 1148 natio·-

242 1174 304 1189 nutn
320 1166 473 1197 suppositis,
490 1174 549 1189 cum
568 1165 682 1188 aliorum
695 1166 833 1188 doctorum
849 1168 874 1188 et
893 1165 1084 1196 magistrorum
1096 1165 1307 1196 uniuscujusque
1323 1165 1457 1188 facultatis
1479 1166 1649 1189 multitudine
1666 1167 1781 1198 copiosa.
1805 1169 1917 1191 testibus
1935 1170 1967 1192 ad
1989 1170 2119 1200 premissa

243 1211 343 1234 vocatis
357 1210 509 1242 specialiter
523 1214 549 1233 et
564 1210 674 1242 rogatis.
690 1218 701 1232 ι)

335 1295 359 1319 1.
375 1295 516 1319 Guillelmo
530 1295 654 1327 Episcopi
670 1304 716 1319 seu
731 1295 878 1327 l‘Evesque,
896 1295 928 1318 de
944 1303 994 1326 quo
1006 1295 1062 1326 jam
1078 1295 1104 1318 in
1121 1295 1253 1319 Chartul.
1271 1295 1318 1318 111.

250 1485 390 1522 1945.
411 1494 556 1520 lohannes
570 1495 670 1519 XXIII
679 1493 854 1519 cancellario
870 1494 964 1519 Paris.
984 1493 1114 1528 injungit,
1134 1497 1165 1518 ut
1181 1493 1320 1519 Ludovico
1341 1493 1376 1519 de
1399 1493 1559 1527 Valleoleti,
1582 1494 1648 1519 ord.
1669 1494 1773 1520 Praed.
1798 1495 1856 1530 (qui
1872 1504 1924 1531 pet·
1939 1495 2010 1520 duos
2029 1505 2120 1522 annos

334 1543 444 1578 logicae
461 1547 487 1569 et
501 1543 573 1569 duos
587 1543 662 1569 alios
677 1542 879 1579 philosophiae
896 1542 1046 1569 Valleoleti
1061 1542 1181 1576 studuit,
1201 1542 1298 1578 ibique
1315 1542 1477 1577 theologiae
1492 1552 1544 1578 per
1559 1552 1675 1577 annum,
1692 1547 1719 1568 et
1734 1548 1869 1579 sequente
1889 1544 2016 1578 Tolosae,
2038 1546 2120 1570 tertio

334 1593 458 1618 Parisiis
474 1593 503 1618 in
526 1592 642 1618 Ordinis
663 1592 795 1618 domibus
818 1592 1008 1625 incumbebat,
1027 1591 1131 1617 deinde
1153 1591 1303 1617 Valleoleti
1322 1601 1376 1627 per
1397 1595 1522 1627 quatuor
1541 1600 1633 1617 annos
1652 1593 1740 1628 prior,
1760 1597 1787 1618 et
1800 1601 1852 1628 pei·
1868 1593 1939 1618 duos
1958 1594 2120 1619 Sententias

334 1642 411 1676 legit,
428 1641 467 1667 ad
483 1650 558 1677 quas
573 1642 699 1667 Parisiis
715 1641 852 1675 legendas
867 1650 885 1666 a
901 1640 1039 1675 magistro
1054 1640 1186 1675 generali
1202 1640 1268 1666 Ord.
1285 1640 1451 1666 destinatus
1469 1644 1530 1673 est),
1550 1641 1696 1666 licentiam
1714 1641 1828 1675 legendi
1846 1641 1940 1667 dictas
1958 1643 2121 1668 Sententias

336 1690 482 1721 concedat,
508 1694 535 1716 et
554 1694 666 1726 postea,
689 1690 810 1716 servatis
831 1689 990 1723 servandis,
1009 1689 1049 1715 ad
1068 1689 1266 1724 magisterium
1287 1694 1461 1725 promoveat.
1487 1691 1550 1715 Dat.
1574 1691 1664 1716 Rome
1688 1699 1735 1723 ap.
1761 1691 1786 1716 S.
1806 1691 1925 1717 Petrum
1941 1692 2046 1724 quinto
2063 1692 2119 1717 kal,

335 1740 443 1768 Marcii,
461 1748 539 1766 anno
552 1740 689 1766 secundo.
709 1750 721 1763 «
738 1740 797 1765 Viri
813 1748 889 1766 sacre
902 1739 1033 1765 lectionis
1050 1749 1075 1764 n.

1498 1785 1569 1814 1472,
1584 1784 1656 1810 Febr.
1672 1786 1717 1813 25,
1733 1786 1835 1810 Romae.

338 1874 399 1904 Reg.
418 1873 538 1897 Lateran.
553 1873 613 1896 Joh.
631 1873 720 1900 XXIII,
741 1877 770 1895 n⁰
790 1873 843 1900 156,
866 1873 911 1896 fol.
926 1873 979 1896 110.
1003 1886 1033 1890 —
1055 1873 1155 1896 Revera
1174 1881 1217 1895 an.
1234 1873 1374 1895 1412-1413
1390 1872 1542 1895 Scntentias
1563 1873 1673 1896 Parisiis
1689 1873 1763 1904 legit.
1785 1877 1813 1896 ut
1828 1877 1939 1904 apparet
1954 1882 1967 1896 e
1983 1874 2051 1897 Bibl.
2068 1878 2121 1898 nat.

243 1917 327 1941 Paris.
345 1926 393 1942 ms.
409 1918 455 1941 lat.
475 1918 557 1941 14707.
573 1918 608 1941 De
623 1918 672 1941 hoc
687 1917 784 1940 celebri
798 1917 979 1946 Doininicuno,
995 1917 1040 1948 qui
1053 1917 1109 1948 jam
1122 1917 1251 1948 magister
1267 1925 1288 1940 s.
1303 1917 1394 1947 theol„
1411 1920 1436 1939 et
1452 1917 1558 1948 quidem
1579 1917 1731 1943 Parisiens..
1748 1921 1775 1940 ut
1790 1918 1894 1948 legatus
1910 1918 1980 1948 regis
1994 1918 2123 1941 castellas>

242 1963 269 1986 in
285 1963 401 1986 Concilio
418 1963 553 1986 Constant.
572 1962 676 1991 claruit,
693 1962 747 1986 vid.
764 1962 1001 1990 Qufi'rIF-ECHARD,
1019 1962 1131 1992 Script.‚
1149 1962 1169 1990 I,
1189 1970 1217 1992 p.
1237 1963 1291 1985 789.
1307 1961 1367 1985 Fuit
1387 1965 1481 1992 postea
1497 1962 1652 1984 notissimus
1668 1963 1805 1992 professor
1822 1962 2010 1986 Universitatis
2026 1963 2125 1986 vullis-

243 2008 362 2031 oletanae
377 2007 547 2039 ejusdemque
562 2007 683 2031 facultati
698 2007 813 2038 theolog.
828 2015 870 2031 nn.
885 2007 953 2034 1418,
972 2007 1048 2030 Febr.
1062 2008 1084 2034 6,
1099 2015 1114 2029 a
1129 2014 1199 2037 papa
1216 2006 1328 2030 Mnrtino
1344 2007 1364 2029 V
1378 2006 1455 2029 datus
1472 2010 1511 2029 cst
1525 2007 1558 2029 ad
1576 2006 1659 2030 vitam
1673 2010 1700 2030 nt
1715 2007 1790 2037 prior
1803 2010 1828 2030 et
1843 2007 1957 2030 decanus
1978 2008 2050 2038 (Reg.
2067 2008 2122 2031 Lat.

243 2056 271 2075 n⁰
287 2052 341 2081 187,
359 2053 403 2075 sol.
420 2052 496 2083 269b).
513 2051 639 2076 Ludovici
654 2053 743 2083 plures
763 2052 892 2083 epistulae
913 2051 1121 2083 supplicatorias
1137 2054 1241 2074 exstant
1255 2051 1288 2074 ad
1304 2051 1447 2074 Martinum
1464 2052 1483 2073 V
1500 2051 1525 2074 in
1543 2052 1606 2082 Reg.
1632 2051 1762 2082 Supplic.‚
1778 2060 1802 2074 v.
1820 2060 1846 2082 g.
1862 2056 1890 2074 n⁰
1909 2053 1959 2081 167,
1978 2053 2023 2076 sol.
2037 2053 2064 2075 *21
2083 2061 2122 2083 sq.

247 2097 281 2120 ad
296 2105 338 2121 an.
355 2097 425 2120 1424.

255 2241 395 2279 1946.
423 2251 596 2277 Universitas
617 2251 775 2277 Pai-isiens.
794 2251 874 2287 apud
893 2251 1049 2277 Iohannem
1072 2252 1172 2276 XXIII
1190 2251 1382 2286 conqueritur,
1407 2254 1544 2285 quantum
1562 2250 1602 2275 ad
1626 2251 1768 2283 quintum
1787 2251 1958 2276 articulum.
1977 2251 2123 2285 magistris

338 2299 440 2325 multos
453 2300 608 2336 praeferri,
627 2300 677 2336 qui
692 2301 720 2326 in
736 2300 812 2326 dicto
826 2300 949 2326 articulo
965 2309 1019 2326 non
1036 2300 1200 2335 capiuntur.

1485 2345 1554 2373 7412,
1570 2344 1657 2370 Martii
1671 2345 1708 2372 12,
1724 2345 1837 2370 Parisii-9.

340 2433 553 2473 Scribimus,
579 2433 886 2466 reverendissime
908 2440 1020 2478 pater,
1043 2433 1275 2466 sanctissimo
1297 2432 1446 2465 domino
1468 2438 1594 2464 nostro
1617 2432 1651 2463 in
1675 2432 1819 2463 modum
1844 2431 1904 2475 qni
1932 2432 2097 2475 seqnitur
2116 2444 2121 2463 ς

340 2514 356 2531 «
380 2501 550 2541 Nostros,
577 2499 786 2533 beatissime
815 2507 929 2545 pater,
955 2507 991 2532 et
1019 2500 1126 2545 longa
1154 2500 1290 2532 dudum
1323 2511 1387 2544 per
1413 2506 1574 2543 tempora
1604 2498 1748 2530 labores
1776 2498 1870 2541 apud
1900 2498 2122 2530 sanctitatem

249 2574 405 2610 vestram
423 2567 658 2607 exsolvimus,
673 2567 843 2612 quatinus
860 2567 1000 2600 meritis
1018 2566 1311 2612 promotionibus
1329 2565 1466 2598 nostris
1484 2565 1671 2597 exundans
1687 2571 1794 2608 atquc
1813 2564 1977 2609 largiflua
2000 2577 2125 2597 manns

249 2641 369 2668 vestra
390 2634 498 2667 solito
516 2634 703 2679 copiosius
723 2634 977 2679 responderet,
997 2646 1062 2666 nec
1084 2634 1180 2666 inter
1195 2640 1315 2666 cetera
1332 2644 1475 2665 cassum
1497 2631 1634 2675 aliquid
1658 2643 1675 2663 a
1698 2630 1804 2663 nobis
1822 2630 1993 2663 retulisse
2010 2632 2127 2663 credi-

253 2708 326 2734 tum
348 2708 415 2742 est,
435 2701 519 2734 dum
537 2701 701 2746 quintum
719 2700 910 2733 articulum
928 2708 1106 2741 nostrum,
1123 2712 1191 2745 qna
1209 2699 1468 2744 exoptabamus
1490 2699 1615 2735 forma,
1634 2697 1740 2729 nobis
1759 2697 1826 2730 sul)
1844 2697 1941 2730 bulla
1960 2697 2125 2742 plumbea

252 2769 423 2801 sanctitas
448 2775 568 2801 vestra
589 2767 718 2813 largita
739 2774 805 2800 est.
830 2768 899 2800 Sed
927 2768 1060 2800 frustra
1082 2767 1349 2812 prerogativam
1370 2765 1473 2805 hanc,
1502 2764 1711 2797 beatissime
1742 2771 1855 2808 pater,
1884 2764 1988 2797 nobis
2009 2771 2126 2797 vestra

252 2834 451 2868 liberalitas
473 2835 651 2880 impartita
672 2841 739 2875 est,
766 2833 829 2866 ubi
857 2834 963 2867 istius
985 2834 1037 2866 rei
1065 2839 1300 2878 corruptores
1328 2839 1448 2865 vestra
1477 2831 1684 2863 nullatenus
1716 2831 1876 2875 potentia
1904 2830 2126 2864 coherceret.

253 2902 363 2935 Multa
386 2914 540 2947 namque
562 2901 724 2946 gentium
746 2912 881 2945 genera
903 2912 1109 2941 surrexere,
1133 2912 1203 2944 que
1225 2905 1389 2931 nostrum
1420 2898 1593 2942 prosatum
1622 2896 1812 2929 articulum
1837 2904 1960 2930 contra
1982 2909 2129 2942 expres-

381 2963 445 2979 *ἢ*
463 2960 559 2984 Chare.
584 2960 662 2983 Univ.
682 2959 779 2983 Paris.
799 2959 840 2982 lv.
1977 2956 2007 2978 30
