2502 3418
417 310 483 343 290
993 320 1315 342 CHARTULAan
1351 320 1543 342 niuvicns.
1580 320 1712 341 Pinus.
2192 304 2292 341 [1414

420 395 529 426 Beate
551 394 663 426 Marie
684 394 849 439 Virginis
871 394 907 426 in
929 394 1095 426 consiliis
1116 401 1152 426 et
1171 394 1339 438 agendis.
1362 395 1406 426 Et
1426 394 1616 438 presertim
1635 394 1718 438 quia
1734 393 1838 425 locus
1858 391 1921 424 ille
1941 390 2132 424 videbatur
2151 390 2293 424 facilior

421 472 571 493 accessu
598 472 663 505 pro
693 460 852 493 dominis
880 461 1083 505 suppositis
1110 460 1268 493 nationis
1291 461 1335 493 de
1359 460 1458 493 omni
1485 466 1578 492 statu
1604 459 1691 492 illuc
1717 458 1938 499 convocatis,
1968 457 2110 490 scilicet
2133 457 2292 491 dominis

420 527 582 572 prelatis,
605 527 791 572 magistris
812 527 848 559 in
870 527 1066 572 theologia,
1086 527 1147 571 qui
1164 527 1250 559 illuc
1267 527 1303 559 in
1320 538 1452 571 magno
1469 538 1622 559 numero
1639 527 1831 566 affuerunt,
1850 524 2063 558 doctoribus
2079 524 2116 557 in
2133 524 2292 558 decretis

421 601 457 626 et
477 594 662 639 magistris
683 594 720 626 in
737 593 928 634 medicina,
947 593 1106 626 dominis
1123 593 1167 626 de
1186 593 1425 633 Parlamento,
1447 593 1632 626 advocatis
1649 599 1684 625 et
1699 592 1881 637 practicis,
1899 591 2119 625 consiliariis
2136 591 2292 624 Univer-

423 661 553 698 sitatis,
576 660 735 693 dominis
755 659 924 705 pluribus
945 660 989 692 de
1006 659 1164 704 capitulo
1181 659 1393 698 Parisiensi,
1415 658 1628 692 baccalariis
1643 659 1808 692 formatis
1823 658 1860 691 in
1876 657 2075 703 theologia,
2096 657 2292 691 licentiatis

421 727 557 771 injure
579 727 754 760 canonico
777 733 812 759 et
832 726 929 759 civili
952 732 986 758 et
1006 726 1088 758 aliis
1109 726 1296 770 magistris
1316 725 1353 757 in
1374 725 1513 758 artibus
1530 725 1567 758 in
1583 725 1816 758 multitudine
1837 724 2105 770 copiosissima,
2128 731 2167 757 ut
2187 724 2291 758 locus

421 805 494 826 non
523 793 616 826 bene
643 805 772 837 capere
799 792 981 825 sufficeret
1005 798 1252 824 accurrentes.
1280 791 1405 824 Fiebat
1424 798 1541 824 autem
1564 792 1642 836 ipsa
1667 791 1904 836 congregatio
1931 803 2043 836 super
2062 791 2292 836 reparatione

421 860 608 904 cujusdam
632 859 792 892 enormis
813 859 945 903 injurie
967 859 1003 890 in
1025 859 1084 890 die
1100 858 1199 902 jovis
1218 858 1436 903 precedente
1458 859 1566 903 [Aug.
1584 860 1616 899 2]
1639 865 1844 903 perpetrate
1861 859 1898 891 in
1919 869 2075 903 persona
2096 857 2290 891 reverendi

423 927 585 971 magistri
607 933 641 959 et
662 926 813 965 domini,
836 925 1000 970 magistri
1021 924 1198 958 Johannis
1215 925 1390 969 Campani
1408 925 1452 957 de
1470 925 1616 958 natione
1638 925 1801 966 Francie,
1825 931 1909 958 tunc
1930 924 2084 958 rectoris
2105 924 2291 958 Universi—

423 994 517 1034 tatis,
535 994 615 1038 ipso
633 993 811 1025 existente
832 992 869 1024 in
886 991 968 1024 loco
985 992 1286 1036 congregationis
1303 992 1339 1024 in
1357 992 1487 1025 Sancto
1504 992 1699 1025 Maturino.
1718 992 1809 1035 Quia
1825 992 1919 1024 enim
1938 977 2099 1037 prefatus
2120 991 2291 1026 dominus

420 1067 538 1093 rector
567 1059 732 1092 noluerat
761 1058 982 1091 concludere
1010 1058 1288 1091 concessionem
1318 1058 1598 1103 supplicationis
1625 1058 1791 1103 magistri
1822 1058 1947 1091 Ursini
1975 1058 2019 1091 de
2054 1058 2290 1092 Taillevande

420 1126 632 1165 Normanni,
650 1124 891 1169 supplicantis
912 1137 978 1169 pro
996 1124 1231 1169 adjunctione
1247 1125 1506 1158 Universitatis
1520 1125 1557 1157 in
1574 1125 1834 1170 prosecutione
1855 1125 2088 1170 episcopatus
2109 1125 2288 1159 Constan-

419 1193 581 1233 tiensis¹,
607 1191 651 1224 de
678 1203 749 1236 quo
776 1190 1032 1231 contendebat,
1056 1191 1184 1224 dicens
1214 1203 1253 1223 se
1284 1203 1349 1236 pro
1380 1191 1481 1224 illius
1511 1191 1791 1237 supplicationis
1821 1192 2062 1225 concessione
2092 1191 2192 1225 salvo
2220 1203 2289 1225 suo

412 1262 620 1305 juramento
645 1284 725 1291 ......
752 1258 836 1301 (sic).
860 1258 1086 1303 [Denegavit]
1112 1258 1430 1303 supplicationem,
1453 1270 1559 1303 quam
1577 1259 1681 1292 etiam
1705 1258 1848 1292 dicebat
1872 1258 2042 1292 dominus
2066 1265 2188 1292 rector
2207 1270 2290 1303 gra-

418 1327 546 1360 tiosam
570 1337 621 1365 ...3
646 1331 719 1357 tum
742 1331 907 1369 preterea
938 1325 1020 1369 quia
1044 1324 1126 1357 talis
1147 1324 1366 1369 supplicatio
1396 1332 1473 1358 erat
1501 1325 1538 1358 in
1566 1337 1735 1371 magnum
1764 1325 2005 1371 prejudicium
2032 1332 2068 1358 et
2093 1336 2289 1370 gravamen

417 1392 641 1426 auctoritatis
662 1391 799 1424 domini
817 1391 933 1424 nostri
955 1391 1086 1424 summi
1109 1391 1293 1436 pontificis
1315 1398 1349 1424 et
1367 1391 1411 1424 de
1433 1392 1573 1425 directo
1586 1393 1740 1425 veniens
1756 1392 1800 1425 ad
1821 1391 2127 1426 substractionem
2149 1391 2289 1425 benefi-

416 1460 568 1500 ciorum,
591 1460 696 1503 cujus
717 1458 924 1503 oppositum
948 1458 1123 1502 prosequi
1139 1458 1278 1502 juravit
1297 1465 1418 1491 rector
1439 1459 1534 1492 sicut
1554 1465 1589 1492 et
1609 1458 1669 1491 alii
1686 1459 1723 1492 in
1744 1470 1809 1492 sua
1830 1458 2093 1492 institutione².

504 1527 616 1558 Porro
638 1525 697 1558 alii
718 1526 882 1558 faventes
904 1525 999 1557 dicte
1021 1524 1282 1569 supplicationi
1304 1532 1340 1558 et
1359 1525 1508 1558 materie
1526 1526 1612 1559 totis
1630 1525 1823 1559 conatibus
1844 1532 1880 1559 et
1898 1525 2136 1559 validissimis
2153 1525 2287 1559 clamo-

415 1592 518 1626 ribus
539 1591 722 1625 instabant
742 1598 778 1624 ut
797 1592 877 1636 ipse
893 1591 1143 1632 concluderet,
1166 1592 1330 1625 dicentes
1348 1592 1652 1637 supplicationem
1670 1592 1767 1625 illam
1785 1592 1987 1638 rigorosam
2010 1604 2092 1625 esse
2114 1598 2150 1625 et
2169 1599 2287 1625 recto-

415 1671 489 1692 rem
512 1658 648 1692 debere
669 1658 853 1703 compelli,
876 1658 959 1702 quia
975 1659 1112 1702 juravit
1131 1670 1149 1691 a
1171 1659 1299 1703 majori
1322 1666 1422 1704 parte
1444 1671 1590 1704 semper
1605 1659 1844 1700 concludere3
1863 1659 1960 1704 quod
1982 1666 2017 1692 et
2031 1659 2149 1692 facere
2170 1658 2287 1694 moliti

415 1733 500 1759 sunt
526 1726 723 1759 clamantes
752 1725 979 1758 validissime
1012 1737 1019 1758 ε
1050 1736 1209 1770 cappam,
1233 1737 1392 1771 cappam,
1418 1738 1483 1771 per
1503 1726 1571 1759 hoc
1592 1726 1844 1771 significantes
1874 1726 1972 1771 quod
2003 1725 2074 1759 sibi
2103 1725 2286 1760 violenter

414 1794 631 1826 aufferretur
652 1804 775 1837 cappa.
800 1793 844 1825 Et
864 1792 1007 1824 tandem
1030 1792 1067 1824 in
1095 1792 1193 1825 exitu
1221 1793 1301 1837 ejus
1322 1793 1366 1826 de
1392 1793 1551 1838 capitulo
1573 1793 1694 1826 Sancti
1719 1793 1890 1826 Maturini
1914 1793 2088 1838 impetum
2109 1793 2286 1827 facientes

414 1860 451 1892 in
468 1872 547 1892 eum
571 1860 777 1903 injecerunt
797 1870 924 1891 manus
941 1859 977 1890 in
994 1859 1184 1903 capucium
1206 1866 1241 1892 et
1257 1871 1403 1904 cappam
1431 1861 1511 1904 ejus
1531 1860 1621 1893 adeo
1642 1860 1835 1901 violenter,
1858 1866 1898 1892 ut
1913 1859 1957 1892 de
1978 1871 2090 1905 cappe
2112 1871 2230 1904 penna
2250 1865 2286 1893 et

415 1926 554 1971 capucii
583 1926 687 1958 etiam
716 1937 798 1970 pars
825 1937 894 1958 una
916 1925 1071 1958 lacerata
1096 1926 1159 1967 sit3
1184 1932 1219 1959 et
1244 1938 1289 1959 ne
1309 1926 1508 1959 violentius
1529 1926 1746 1968 traheretur,
1769 1927 1930 1972 oportuit
1954 1926 2051 1971 quod
2072 1926 2151 1971 ipse
2177 1925 2286 1971 depo-

414 1999 519 2026 neret
543 2004 647 2026 suum
675 1992 877 2037 capucium.
901 1993 1034 2025 Eorum
1061 2004 1149 2025 vero
1178 1993 1239 2037 qui
1264 1993 1335 2038 ipsi
1356 1993 1506 2026 domino
1529 1994 1662 2026 rectori
1684 1992 1905 2036 assistebant
1924 1992 2165 2026 defendentes
2186 2004 2283 2035 eum,

413 2059 525 2104 aliqui
551 2059 719 2104 percussi
746 2065 843 2100 sunt,
868 2066 903 2091 et
928 2059 1121 2104 presertim
1150 2071 1245 2093 unus
1272 2071 1388 2105 usque
1414 2060 1457 2093 ad
1483 2061 1675 2106 sanguinis
1705 2060 1936 2101 effusionem,
1963 2059 2056 2092 alius
2081 2059 2125 2092 ad
2150 2066 2284 2093 terram

415 2133 617 2171 prostratus
639 2133 674 2158 et
693 2125 786 2158 alius
808 2137 873 2170 per
893 2126 1014 2158 crines
1036 2133 1184 2159 tractus.
1203 2128 1246 2159 Et
1267 2126 1427 2160 breviter
1442 2127 1509 2160 suit
1525 2127 1682 2172 impetus
1699 2133 1734 2160 et
1752 2127 1919 2159 confusio
1935 2125 2112 2159 mirabilis
2133 2133 2168 2159 et
2187 2132 2284 2160 tanta

413 2192 598 2231 violentia,
620 2199 659 2225 ut
673 2192 732 2225 vix
752 2191 796 2224 ab
818 2192 880 2224 illo
903 2192 983 2224 loco
1000 2193 1162 2237 potuerit
1177 2193 1348 2226 dominus
1371 2200 1491 2226 rector
1506 2194 1618 2226 exire.

502 2259 679 2301 Quoniam
702 2259 814 2304 igitur
834 2259 966 2303 injuria
988 2259 1070 2292 talis
1092 2260 1284 2304 presertim
1311 2260 1556 2293 concernebat
1577 2261 1758 2294 nationem
1783 2287 1835 2302 ...,
1861 2260 1999 2293 idcirco
2022 2259 2226 2306 ponebatur
2245 2259 2282 2293 in

414 2326 678 2358 deliberatione
701 2325 788 2370 quid
817 2325 996 2369 agendum
1021 2338 1085 2370 pro
1109 2327 1337 2371 reparatione
1363 2334 1431 2360 tam
1457 2327 1591 2361 atrocis
1617 2328 1763 2372 injurie,
1786 2339 1851 2372 per
1874 2339 1980 2372 quam
2002 2326 2077 2360 lesa
2099 2333 2172 2360 erat
2194 2326 2284 2360 Uni-

414 2393 568 2425 versitas
594 2399 666 2425 tota
694 2399 730 2424 et
756 2392 948 2437 presertim
980 2392 1131 2425 facultas
1162 2393 1351 2427 artium....
1383 2394 1499 2439 Super
1528 2406 1600 2439 quo
1630 2394 1697 2427 suit
1721 2393 1961 2427 deliberatum
1991 2394 2224 2427 concorditer
2247 2399 2283 2426 et

414 2471 598 2492 consensu
620 2458 780 2491 unanimi
802 2470 866 2503 per
889 2458 1034 2491 modum
1057 2460 1118 2504 qui
1140 2461 1319 2505 sequitur.

503 2526 621 2558 Primo
644 2525 742 2570 quod
767 2525 929 2570 predicta
950 2525 1083 2570 injuria
1109 2526 1146 2558 in
1167 2538 1361 2571 personam
1383 2528 1521 2561 domini
1551 2528 1705 2561 rectoris
1732 2534 1937 2573 perpetrata
1965 2527 2099 2574 gravis,
2122 2534 2224 2560 atrox
2246 2533 2282 2560 et

414 2593 575 2625 enormis
596 2592 728 2636 injuria
750 2598 837 2633 erat,
860 2598 934 2624 tum
952 2599 1102 2637 propter
1118 2592 1231 2626 lesam
1248 2606 1455 2639 personam,
1474 2607 1543 2640 que
1561 2595 1730 2640 superior
1750 2601 1783 2628 et
1800 2602 1907 2640 caput
1927 2601 1983 2628 est
1999 2595 2109 2627 totius
2132 2594 2281 2628 Univer-

414 2659 543 2699 sitatis,
565 2665 638 2691 tum
661 2650 811 2703 propter
827 2658 1007 2699 ledentes,
1027 2659 1109 2703 quia
1131 2659 1222 2693 tales
1239 2668 1342 2694 erant
1362 2662 1552 2707 supposita
1568 2662 1826 2695 Universitatis
1843 2661 1974 2694 rectori
1996 2660 2140 2694 subdita
2161 2667 2196 2694 et
2215 2672 2281 2706 per

408 2726 611 2769 juramenta
629 2736 692 2757 sua
714 2724 873 2769 obligata
893 2725 938 2757 ad
959 2725 1205 2759 exhibendum
1222 2727 1275 2759 illi
1297 2728 1550 2770 reverentiam,
1574 2728 1818 2761 obedientiam
1835 2734 1871 2761 et
1885 2727 2075 2768 honorem,
2092 2726 2173 2760 loco
2195 2739 2280 2772 quo-

413 2803 490 2824 rum
512 2791 717 2824 inserebant
738 2790 808 2823 sibi
830 2791 1072 2824 rebellionem
1095 2799 1131 2825 et
1151 2793 1340 2828 offensam.
1364 2796 1577 2840 (Sequuntur
1596 2800 1671 2829 tres
1689 2795 1783 2828 aliae
1798 2795 1980 2837 rationes.)

502 2858 668 2890 Secundo
690 2864 725 2890 et
744 2858 995 2903 principaliter
1016 2858 1257 2893 deliberatum
1279 2861 1359 2903 suit,
1378 2861 1475 2906 quod
1496 2862 1643 2895 attentis
1664 2862 1745 2895 istis
1766 2861 1897 2906 injuria
1915 2860 1983 2894 hec
2004 2867 2113 2894 totam
2130 2871 2278 2893 concer-

534 2916 574 2939 37.
