2502 3418
387 319 447 351 136
962 327 1280 349 cuAnTULAulUM
1318 326 1508 347 UNIVERS.
1546 325 1674 347 rmus.
2150 312 2248 348 [1405

386 458 526 495 1819.
548 467 692 493 Jolzannes
711 468 815 493 Gerson
831 467 1024 493 cancellarius
1041 467 1068 492 in
1085 467 1212 502 hospicio
1228 466 1346 499 reginae
1362 474 1457 491 coram
1478 474 1543 499 rege
1564 466 1722 498 Navarrae,
1741 468 1865 500 quatuor
1880 464 2001 490 ducibus
2022 468 2049 490 et
2066 464 2248 490 multitudine

468 517 632 553 promiscua
648 517 804 542 orationem
823 516 961 550 gallicam
982 525 1018 541 coc
1030 520 1116 551 parte
1141 515 1339 541 Universitatis
1361 515 1388 540 in
1408 516 1526 550 Lapara
1549 514 1584 540 de
1607 514 1810 548 reformatione
1835 514 1915 547 regui
1931 514 2111 549 pronuntiat.
2132 514 2248 539 Partem

468 567 590 602 primam
614 565 782 600 aggreditur
805 565 839 591 de
855 565 999 601 corporali
1023 565 1078 590 vita
1101 565 1176 598 regis
1199 568 1226 590 et
1245 563 1416 590 educatione
1431 563 1561 599 delphini
1576 563 1765 597 convenienti,-
1782 563 1810 588 in
1830 562 1957 588 secunda
1977 562 2176 596 reformandos
2192 566 2249 588 tres

466 619 570 646 status⁷
586 614 648 640 scil.
667 614 901 647 ecclesiasticum,
920 614 1083 647 militarem,
1102 613 1217 647 civilem,
1236 612 1390 638 contendit.

556 664 640 696 Regis
655 663 809 689 consilium
827 663 906 688 bonis
924 663 1072 698 deputatis
1087 662 1299 698 provinciarum
1316 661 1518 696 adaugendum
1540 665 1590 696 est,
1609 663 1715 688 secreta
1730 661 1843 686 consilii
1858 665 1884 686 et
1899 660 1984 695 regis,
2003 664 2100 696 utpote
2116 669 2130 685 «
2146 660 2248 694 fortis-

467 713 568 738 simum
589 716 616 738 et
631 712 767 747 optiinum
784 716 882 737 contra
901 721 995 737 omnes
1014 711 1192 747 reipublicae
1212 711 1404 736 adversitates
1421 710 1575 736 remediutn
1590 719 1614 745 >›,
1631 714 1742 736 secreta
1758 709 1891 735 tenenda.
1908 718 1923 735 (ς
1942 710 2024 735 Novit
2043 711 2127 743 Deus,
2147 709 2246 735 excla-

468 765 534 795 mat,
552 762 578 786 si
597 760 718 786 consilia
734 762 905 786 Francorum
924 760 1037 796 sinapis
1059 764 1218 795 sequantur
1236 759 1397 794 clamorem,
1419 763 1446 785 et
1458 768 1511 795 per
1530 759 1626 785 urbem
1646 759 1842 792 decantentur,
1862 762 2120 793 quantumcumque
2135 762 2246 784 secreta

467 810 583 844 fuerint.
601 820 614 836 >>

556 860 657 885 Milites
672 859 700 894 («
716 859 871 885 chevaliers
891 859 915 892 »)
934 867 952 883 a
966 860 1114 893 juventute
1133 858 1294 883 instruendi
1309 861 1334 883 et
1353 857 1505 883 exercendi
1526 858 1553 883 in
1565 857 1667 893 poenis
1684 861 1711 882 et
1731 856 1879 882 laboribus
1895 860 1922 882 et
1942 855 2072 881 bellandi
2087 856 2243 882 exercitiis.

467 910 497 933 ln
514 908 634 933 militari
649 912 728 934 statu
740 907 899 942 frugalitas
916 911 942 933 et
957 907 1141 932 mediocritas
1156 908 1183 932 in
1196 907 1265 941 vino,
1283 907 1401 941 ferculis
1414 911 1440 933 et
1456 907 1637 941 vestimentis,
1653 915 1726 941 quae
1741 915 1842 941 corpus
1856 909 1882 931 et
1898 905 2025 930 animam
2041 905 2081 930 ad
2096 905 2244 931 lasciviam

465 961 492 982 et
505 957 653 992 pigritiam
671 961 775 983 vertere
794 961 918 992 possent,
938 956 1142 982 observandae.
1158 965 1172 981 «
1193 957 1223 981 Si
1243 956 1340 981 tunica
1363 956 1402 981 ad
1421 956 1492 982 duos
1507 955 1596 991 pedes
1615 959 1680 992 post
1695 964 1726 981 se
1743 956 1771 980 in
1788 959 1864 980 terra
1886 954 2020 980 trahatur
2036 958 2063 980 et
2079 955 2210 980 manicae
2226 964 2244 980 a

463 1006 590 1031 sinistris
607 1006 723 1041 amplae
741 1007 831 1031 sint...
856 1005 925 1040 quid
936 1005 1066 1041 proderit
1082 1014 1161 1031 omne
1178 1005 1251 1031 illud
1267 1005 1307 1031 ad
1322 1005 1447 1040 §rigorose
1462 1005 1557 1031 hostes
1570 1004 1786 1041 persequendos
1794 1008 1806 1029 5¹
1817 1014 1831 1030 ›>
1848 1004 2097 1039 Perspicacissimi
2110 1005 2244 1039 antiquo-

465 1064 525 1080 rum
546 1056 737 1080 Romanorum
758 1055 838 1080 lzoste
854 1055 972 1080 absente
993 1055 1035 1080 ita
1051 1063 1081 1080 se
1101 1054 1240 1089 gerebant
1255 1063 1289 1080 ac
1303 1055 1330 1081 si
1343 1063 1484 1090 praesens
1501 1058 1584 1088 esset,
1604 1058 1723 1090 propter
1739 1053 1814 1089 quod
1831 1054 1947 1079 victores
1968 1053 2133 1078 extiterunt.
2151 1062 2166 1079 e
2182 1055 2244 1079 Non

464 1104 618 1129 trahebant
630 1108 697 1140 post
712 1113 742 1130 se
758 1108 814 1129 tres
833 1108 884 1129 aut
907 1107 1030 1139 quatuor
1051 1104 1215 1129 saumarios
1237 1113 1288 1129 seu
1304 1104 1463 1139 quadrigas
1486 1107 1604 1129 onustas
1625 1103 1738 1136 tunicis,
1758 1102 1983 1136 01·namentis...‚·
2002 1111 2056 1127 non
2075 1102 2245 1136 ferebantur

460 1157 526 1188 post
542 1162 589 1178 eos
604 1153 693 1187 ferrei
705 1153 785 1187 furni
841 1157 871 1178 ut
879 1162 986 1188 parvas
998 1155 1129 1187 facerent
1140 1157 1244 1188 pastas
1258 1163 1304 1185 ...ς
1321 1153 1380 1179 tale
1396 1162 1466 1178 onus
1483 1152 1552 1188 quid
1563 1152 1636 1178 valet
1651 1153 1708 1178 nisi
1721 1151 1761 1177 ad
1777 1151 1988 1187 impediendum
2001 1150 2176 1177 celeritatem
2191 1160 2243 1177 seu

462 1202 697 1236 festinationem?
717 1203 753 1227 Et
773 1203 908 1238 optimum
933 1202 1041 1228 lucrum
1062 1206 1105 1228 est
1125 1202 1219 1228 hostes
1245 1202 1366 1236 aggredi
1387 1206 1414 1228 et
1436 1202 1550 1228 adoriri
1572 1201 1769 1237 improvisos»
1842 1210 1856 1226 01<
1878 1201 1958 1227 Jules
1980 1201 2064 1227 Cesar
2085 1203 2113 1227 et
2134 1201 2160 1227 le
2183 1201 2242 1227 hon

461 1252 647 1278 connestable
662 1252 798 1278 Guesclin
813 1250 984 1285 gaignerent
999 1253 1066 1277 tout
1080 1259 1132 1285 par
1152 1253 1226 1278 ceste
1243 1250 1368 1281 celcritc,
1384 1252 1458 1277 mais
1472 1260 1535 1285 ung
1551 1253 1594 1277 ost
1614 1250 1778 1285 (exercitus)
1793 1251 1845 1284 qui
1866 1252 1949 1284 porte
1964 1258 1991 1275 sa
2008 1250 2112 1283 charge
2127 1258 2242 1277 comme

461 1308 519 1326 une
532 1301 639 1333 lymart
654 1308 693 1326 ou
709 1302 816 1330 tortue,
834 1302 985 1327 comment
1000 1308 1028 1326 se
1045 1301 1184 1326 hastcroit
1197 1302 1231 1326 »Ρ
1248 1302 1278 1325 In
1295 1300 1416 1326 militari
1431 1304 1511 1325 statu
1527 1305 1594 1326 ante
1612 1300 1707 1325 omnia
1730 1299 1887 1335 disciplina
1903 1298 2061 1333 servanda,·
2077 1308 2131 1335 per
2152 1299 2241 1325 disci-

458 1349 569 1385 plinam
584 1349 747 1375 obedientia
764 1350 916 1385 capitaneo
930 1353 1093 1384 generatur.
1109 1358 1124 1375 «
1140 1349 1292 1375 Exercitus
1308 1350 1369 1375 sine
1385 1349 1549 1375 obedientia
1564 1353 1758 1384 quantumque
1774 1357 1941 1374 numerosus
1953 1357 2009 1374 non
2026 1352 2070 1374 est
2084 1348 2141 1374 nisi
2156 1349 2241 1374 turba

460 1398 601 1424 bominum
615 1398 655 1424 ad
673 1403 788 1424 mortem
805 1402 831 1424 et
851 1407 958 1424 omnem
972 1399 1140 1424 occisionem
1162 1398 1332 1433 deditorum,
1352 1398 1589 1434 quemadmodum
1606 1407 1668 1424 oves
1684 1398 1746 1423 sine
1762 1397 1862 1423 ordine
1878 1401 1905 1423 et
1922 1401 2051 1433 pastore.
2070 1407 2084 1423 »
2099 1398 2242 1432 Armigeri

459 1451 486 1473 et
501 1447 687 1483 stipendiarii
700 1448 842 1483 recipiant
857 1447 980 1482 salar-la,
999 1447 1077 1473 alias
1092 1447 1276 1482 furabuntur,
1292 1457 1307 1473 «
1319 1447 1354 1473 de
1365 1448 1487 1473 alterius
1501 1448 1576 1473 corio
1593 1447 1693 1482 largas
1705 1447 1846 1481 corrigias
1862 1446 2002 1472 secabunt
2016 1456 2041 1473 ».

549 1505 564 1522 ‹<
577 1497 711 1523 Justiciae
722 1497 852 1523 officiarii
865 1496 1078 1532 nzultiplicandi
1091 1506 1145 1522 non
1158 1501 1225 1522 sunt
1238 1506 1288 1522 nec
1299 1506 1504 1532 saepenumero
1520 1496 1661 1522 mutandi.
1677 1498 1743 1522 Cum
1757 1496 1889 1529 officiarii
1900 1495 2138 1532 multiplicantur,
2155 1505 2240 1522 unus-

459 1546 579 1581 quisque
594 1554 677 1571 suam
693 1548 791 1580 aufert
804 1546 963 1581 portionem
982 1546 1010 1571 in
1027 1546 1174 1581 pensioney
1194 1546 1222 1571 in
1243 1546 1334 1580 donis,
1355 1546 1382 1571 in
1402 1546 1610 1580 exactionibus,
1631 1549 1660 1571 ut
1677 1555 1760 1571 suum
1781 1545 1869 1571 ducat
1883 1549 2025 1571 statum...
2045 1545 2239 1572 Audivistisne

458 1594 493 1620 de
510 1594 584 1620 bona
600 1598 740 1629 matrona,
755 1604 829 1630 quae
842 1594 1066 1620 Aurelianenses
1081 1595 1149 1620 vidit
1163 1595 1320 1629 studentes,
1335 1599 1362 1621 et
1377 1595 1414 1621 ab
1427 1595 1462 1620 iis
1479 1595 1621 1630 quaesivit
1637 1595 1774 1630 quidnam
1787 1596 1937 1628 facerent?
1950 1594 2168 1630 Responderunt
2183 1595 2236 1629 illi,

459 1653 489 1669 se
504 1643 610 1669 studiis
626 1652 741 1679 operam
756 1644 835 1678 dare,
855 1648 884 1669 ut
897 1648 992 1669 essent
1001 1644 1125 1679 judices,
1145 1644 1277 1669 advocati
1295 1648 1322 1669 et
1335 1648 1548 1680 procuratores.
1563 1645 1632 1678 IIeu,
1652 1644 1751 1669 aiebat
1765 1644 1827 1678 illa,
1845 1643 1937 1669 solum
1953 1647 1996 1669 est
2009 1653 2082 1669 unus
2096 1644 2124 1669 in
2138 1644 2238 1680 patria

458 1696 557 1718 nostra
574 1694 600 1727 (<‹
617 1696 711 1718 nostre
723 1702 797 1728 pays
811 1694 838 1727 20)
849 1697 1030 1728 procurator,
1048 1697 1075 1718 et
1090 1695 1179 1727 ferme
1195 1697 1256 1718 tota
1270 1693 1370 1729 patria
1386 1693 1532 1719 destructa
1550 1697 1613 1719 est:
1629 1693 1699 1728 quid
1709 1695 1760 1727 siet
1774 1693 1809 1718 de
1824 1697 1882 1718 tam
1899 1693 2006 1727 ingenti
2022 1697 2135 1719 caterva
2146 1697 2158 1718 ,³
2174 1702 2189 1719 >

547 1743 587 1767 De
609 1742 797 1775 vectigalibus
822 1741 891 1777 quid
913 1741 1084 1767 dicendum?
1109 1743 1199 1767 Tanta
1222 1742 1416 1777 sublevantur,
1436 1752 1451 1768 <4
1474 1742 1558 1768 veluti
1579 1743 1605 1767 si
1629 1742 1724 1768 hostes
1740 1751 1794 1778 per
1817 1746 1904 1767 totum
1926 1751 2042 1777 regnum
2065 1743 2188 1778 expansi
2210 1746 2236 1768 et

457 1791 582 1827 dispersi
602 1795 704 1825 essent,
728 1795 758 1816 ut
780 1795 879 1816 contra
902 1792 994 1826 ipsum
1009 1791 1226 1827 praeliarentur
1244 1801 1268 1817 ›>.
1287 1793 1408 1817 Necesse
1431 1796 1473 1817 cst
1493 1792 1533 1817 ad
1553 1792 1633 1826 regni
1650 1792 1832 1817 nutritionem
1855 1791 1949 1817 levare
1970 1791 2113 1826 subsidia,
2135 1791 2188 1817 sed
2206 1791 2236 1817 id

455 1840 621 1875 faciendum
642 1840 670 1865 in
688 1840 760 1865 bona
780 1840 960 1875 aequalitate
977 1845 1003 1866 et
1021 1841 1179 1875 aequitate.
1198 1850 1212 1866 «
1228 1842 1344 1876 Pauper
1359 1841 1466 1876 aliquis
1485 1841 1564 1866 homo
1585 1850 1639 1875 non
1660 1841 1778 1866 liabebit
1793 1841 1828 1866 de
1845 1841 1920 1866 omni
1942 1841 2040 1867 labore
2053 1849 2114 1875 suo,
2133 1845 2163 1866 ut
2178 1845 2235 1867 toto

456 1898 531 1915 anno
554 1898 668 1915 uxorem
692 1893 718 1915 et
740 1889 818 1923 filios
833 1889 944 1914 nutriat
964 1893 991 1915 et
1007 1890 1078 1924 jura
1094 1889 1240 1925 persolvat
1260 1894 1286 1915 et
1306 1890 1414 1924 debita,
1435 1891 1493 1915 nisi
1514 1890 1610 1916 decem
1631 1894 1682 1916 aut
1701 1890 1850 1916 duodecim
1867 1890 1955 1916 cados
1972 1890 2027 1916 vini
2044 1894 2071 1916 et
2092 1890 2168 1916 duas
2185 1894 2236 1916 aut

456 1943 512 1964 tres
528 1947 676 1964 mensuras
694 1938 782 1973 bladi,
799 1938 876 1974 quod
889 1947 968 1964 omne
980 1939 1087 1974 peribit
1105 1939 1133 1964 in
1152 1948 1210 1964 una
1231 1943 1353 1974 raptura
1369 1943 1421 1964 aut
1436 1940 1641 1973 armigerorum
1657 1939 1789 1965 adventu.
1809 1939 1884 1972 Quid
1899 1943 1985 1974 aget?
2008 1939 2083 1972 Quid
2099 1939 2236 1976 incipiet?

455 1987 598 2019 Quomodo
616 1988 702 2012 vivet?
724 1988 782 2012 IIuc
803 1987 957 2013 dumtaxat
979 1988 1106 2021 cogitare
1127 1988 1219 2013 solum
1236 1997 1321 2022 grave
1340 1992 1390 2013 est.
1409 1989 1447 2014 Et
1462 1989 1490 2014 in
1508 1988 1561 2014 tali
1581 1997 1651 2013 casu
1674 1988 1776 2014 divites
1789 1989 1888 2024 plures
1909 1989 2054 2014 inveniunt
2069 1989 2163 2014 exitus
2183 1993 2235 2015 aut

422 2036 425 2040 '
453 2038 566 2070 favores
582 2045 667 2071 quam
681 2036 880 2072 pauperiores.
898 2045 913 2062 ›>
929 2037 959 2061 Si
976 2036 1084 2062 domini
1103 2036 1171 2062 bene
1187 2037 1384 2071 confoederati
1400 2041 1502 2071 essent,
1521 2046 1576 2063 non
1592 2046 1663 2073 opus
1679 2041 1754 2063 esset
1769 2038 1878 2064 nutrire
1891 2038 2049 2072 armigeros
2069 2042 2231 2068 extraneos,

453 2089 480 2111 et
496 2094 611 2119 regnum
627 2085 700 2110 satis
716 2085 792 2110 dives
807 2089 889 2111 esset.
913 2085 1085 2111 Universitas
1100 2086 1194 2112 Paris.
1207 2087 1378 2121 praesertim
1395 2086 1526 2121 quietata
1542 2086 1625 2112 debet
1636 2095 1698 2112 esse
1712 2086 1748 2112 ab
1763 2087 1891 2112 omnibus
1907 2087 2049 2112 subsidiis
2063 2091 2090 2113 et
2102 2086 2231 2114 decimis.

542 2134 679 2169 Loquitur
694 2138 793 2159 contra
808 2142 987 2168 pomposum
1003 2136 1111 2160 statum
1129 2134 1300 2169 clericalem,
1320 2135 1474 2161 militarem
1490 2139 1516 2161 et
1532 2136 1649 2169 civilem,
1668 2140 1767 2161 contra
1782 2137 1859 2162 dona
1875 2144 2025 2170 pomposa,
2045 2145 2059 2162 «
2076 2145 2151 2171 quae
2165 2146 2233 2172 spo-

453 2183 526 2209 liant
541 2187 650 2209 centum
667 2187 693 2209 et
706 2187 816 2209 centum
828 2192 974 2219 pauperes
988 2183 1123 2218 homines,
1141 2184 1222 2209 immo
1239 2184 1316 2210 mille
1332 2188 1359 2210 et
1372 2184 1449 2210 mille
1459 2194 1483 2210 ».
1495 2186 1526 2210 In
1541 2186 1670 2210 oratione
1686 2185 1803 2210 multum
1818 2185 1958 2211 invehitur
1969 2189 2069 2211 contra
2082 2187 2229 2220 tyrannos,

452 2233 501 2267 qui
517 2232 655 2268 populum
678 2232 843 2268 opprimunt
856 2241 908 2268 per
924 2236 1077 2258 extraneos
1098 2234 1265 2267 armigeros,
1284 2242 1337 2269 per
1358 2234 1533 2268 exactiones,
1557 2234 1675 2268 tributa,
1700 2234 1859 2260 homicidas
1879 2238 2015 2261 secretos.
2036 2235 2174 2270 Tyr-annis
2190 2239 2233 2260 est

452 2290 583 2307 venenum
600 2281 673 2307 witae
687 2281 835 2317 politicae.
853 2281 933 2307 Nihil
948 2281 1181 2307 irrationabilius
1200 2286 1275 2308 esset
1293 2291 1378 2317 quam
1392 2291 1445 2318 per
1460 2282 1629 2308 seditionem
1646 2283 1825 2318 tyrannidem
1840 2283 1979 2318 impedire
1999 2283 2076 2310 velle.
2098 2284 2174 2320 Opus
2189 2288 2233 2310 est

450 2339 555 2365 magna
579 2330 752 2356 discretione
777 2330 816 2356 ad
841 2330 1019 2365 tyrannidem
1042 2331 1253 2366 expellendam.
1277 2331 1424 2357 Audiendi
1449 2335 1516 2357 sunt
1539 2331 1713 2368 philosophi,
1733 2332 1909 2368 jurisperiti,
1937 2323 2067 2367 legistae,
2096 2333 2229 2368 theologi.

454 2380 561 2415 Ubique
582 2380 798 2406 Universitatem
814 2380 909 2406 Paris.
927 2379 1050 2406 extollit.
1068 2380 1173 2416 Incipit
1189 2390 1196 2405 :
1213 2380 1294 2406 Vivat
1309 2388 1368 2407 rex.

1570 2440 1644 2469 7405,
1662 2439 1775 2466 uouemb.
1792 2441 1814 2470 7,
1831 2440 1943 2466 Parisiis.

453 2534 520 2556 Bihl.
536 2535 627 2557 Arsen.
643 2534 737 2563 Paris„
753 2539 782 2557 11⁰
800 2536 869 2562 2450,
887 2535 932 2558 fol.
949 2536 1018 2558 1-53.
1040 2535 1108 2558 Bibl.
1126 2537 1152 2559 S.
1173 2535 1326 2565 Audomari,
1340 2544 1390 2559 ms.
1407 2536 1467 2564 29&
1485 2536 1553 2559 Bibl.
1576 2536 1775 2567 Burdegalens.‚
1794 2545 1842 2560 ms.
1857 2538 1911 2566 118,
1929 2538 1973 2562 fol.
1990 2538 2048 2566 242;
2066 2537 2228 2566 Divionens„¹

360 2587 408 2601 ms.
421 2580 474 2606 835.
488 2579 532 2601 sol.
544 2580 585 2608 67;
605 2579 673 2602 Bibl.
688 2582 740 2602 nat.
756 2579 850 2607 Paria,
867 2588 915 2602 nis.
932 2580 978 2602 lat.
997 2580 1081 2607 14582,
1099 2580 1144 2603 sol.
1161 2580 1255 2608 55-85b‚
1274 2580 1349 2603 fonds
1366 2582 1449 2604 franc.
1466 2589 1530 2603 mss.
1546 2582 1601 2610 926,
1615 2581 1660 2604 sol.
1677 2582 1721 2604 279
1738 2581 1799 2611 (vid.
1817 2582 1942 2612 DELISLE,
1960 2583 2074 2606 Cabinet
2088 2583 2136 2606 des
2150 2588 2227 2610 mss„

359 2623 440 2651 Atlas,
463 2623 499 2653 pl.
520 2624 559 2651 49,
579 2623 615 2654 1);
632 2624 686 2652 936,
705 2624 748 2646 sol.
772 2623 903 2652 mab-16&
921 2625 965 2647 974
987 2624 1069 2653 (colb.
1091 2625 1169 2655 2320),
1191 2625 1235 2649 sol.
1255 2624 1395 2653 150b-177b;
1418 2626 1478 2647 1029
1499 2625 1582 2654 (Colb.
1600 2626 1680 2655 1356),
1696 2626 1741 2649 sol.
1758 2626 1884 2656 110—131b;
1901 2628 1977 2650 25552
1994 2627 2030 2656 (S.
2045 2626 2140 2651 Victor.
2162 2627 2226 2656 515),

360 2667 405 2690 sol.
418 2668 455 2690 94.
474 2667 542 2697 Opp.
560 2668 686 2695 Gerson„
703 2669 744 2697 IV,
762 2669 869 2691 583-622
883 2669 959 2698 (lim).
976 2669 1014 2692 Ad
1027 2669 1090 2691 haec
1107 2669 1160 2692 vid.
1179 2670 1302 2697 ScuwAu,
1321 2669 1436 2697 Gerson,
1452 2678 1479 2700 p.
1495 2670 1541 2692 416
1557 2678 1615 2701 sqq.

452 2712 542 2734 Oratio
558 2712 613 2739 illa,
628 2721 694 2743 quae
712 2713 809 2743 gallica
824 2713 916 2744 lingua
936 2713 1106 2744 pronuntiata
1122 2717 1171 2738 est,
1187 2717 1211 2736 et
1227 2714 1264 2736 sic
1286 2714 1312 2736 in
1329 2722 1392 2738 mss.
1408 2714 1495 2737 citatis
1515 2714 1638 2744 occurrit,
1655 2715 1732 2738 valde
1754 2715 1906 2746 conspicua,
1923 2715 2066 2738 sententias
2088 2716 2227 2747 quamplu-

358 2756 438 2778 rimas
455 2756 530 2779 offert
552 2765 613 2779 sane
629 2757 749 2780 salubres
767 2757 865 2786 (multis
883 2757 972 2788 utique
986 2758 1103 2788 periodis
1118 2758 1261 2788 involutas)
1282 2758 1361 2781 ctiam
1383 2767 1431 2789 pro
1448 2762 1538 2781 nostra
1558 2762 1655 2787 aetate;
1682 2760 1778 2791 quibus
1799 2760 1821 2783 si
1844 2768 1889 2783 rex
1912 2760 1950 2783 uti
1967 2760 2104 2789 voluisset,
2127 2760 2224 2784 eludes.

358 2809 436 2831 quam
447 2800 574 2823 exercitus
590 2801 616 2823 in
632 2801 771 2824 Azincourt
786 2810 866 2832 passa
880 2805 927 2831 cst,
943 2803 1054 2825 fortusse
1069 2802 1150 2825 vitata
1168 2803 1269 2826 suisset.
1285 2803 1369 2826 Etiam
1386 2804 1416 2826 ad
1434 2803 1590 2826 declinanda
1601 2804 1711 2826 consilia
1723 2812 1814 2827 eorum
1827 2805 1871 2836 qui
1884 2813 1925 2827 res
1937 2804 2058 2835 publicas
2072 2804 2225 2827 subvertere

358 2848 485 2867 conantur
505 2845 595 2876 plures
619 2845 790 2876 cogitationes
813 2849 963 2869 occurrunt.
987 2846 1063 2870 Omni
1080 2847 1156 2869 modo
1173 2847 1293 2870 miranda
1316 2847 1427 2870 audacia
1442 2851 1480 2871 tot
1495 2848 1618 2871 veritates
1638 2856 1727 2871 coram
1742 2849 1853 2872 ducibus
1870 2849 2025 2880 exponendi.
2045 2849 2117 2877 Quae
2134 2852 2225 2871 contra

357 2889 522 2920 tyrannidem
535 2890 678 2920 perorabat
695 2890 806 2919 Gersony
823 2894 914 2913 contra
930 2891 1021 2914 ducem
1042 2892 1256 2914 Aurolianensem
1271 2892 1379 2923 ejusque
1398 2892 1515 2923 regimen
1529 2892 1628 2915 directa
1644 2896 1718 2915 erant
1735 2895 1777 2922 (cs.
1794 2894 1956 2916 contrarium
1972 2902 2015 2917 un.
2031 2894 2100 2922 1415,
2114 2894 2174 2917 -Jan-
2190 2895 2224 2923 5).
