2502 3418
235 325 330 362 1417]
579 339 625 360 ΑΒ
659 338 766 360 ΑΝΝο
799 337 1087 359 Μοοοῐ,ΧΧΧΧιν
1117 338 1248 366 USQUE
1284 338 1331 359 AD
1367 338 1506 359 ANNUM
1540 339 1747 360 mccccml.
2029 330 2091 362 331

232 412 331 445 bulle
353 411 489 444 domini
510 411 707 444 Alexandri
728 423 818 456 pape
840 411 968 456 quinti,
992 423 1062 456 que
1083 411 1210 456 incipit
1228 423 1234 443 :
1257 412 1420 456 Regnans
1436 411 1470 445 in
1486 411 1665 452 excelsis¹,
1684 412 1816 456 quibus
1837 419 1939 445 antea
1960 413 2094 457 gaude-

234 478 361 511 bamus
382 485 418 511 et
444 478 648 511 utebamur.
670 480 762 511 Ymo
783 477 952 511 volumus
973 484 1008 510 et
1028 478 1293 519 consentimus,
1314 478 1433 510 omnia
1465 490 1608 510 manere
1635 485 1669 511 et
1690 485 1797 519 stare,
1823 479 1973 522 perinde
1999 492 2036 512 ac
2063 480 2093 512 si

234 556 415 590 nunquam
437 551 644 578 emanasset
663 545 798 589 prefata
819 543 930 585 bulla7
953 544 990 576 in
1010 544 1074 577 illo
1095 544 1222 577 eodem
1245 550 1338 577 statu
1364 544 1400 576 in
1422 556 1493 588 quo
1515 556 1658 577 eramus
1679 551 1760 577 ante
1780 544 1989 589 hujusmodi
2010 557 2095 578 con-

233 611 451 652 cessionem,
473 611 567 644 bona
589 611 659 644 fide
680 611 934 656 promittentes
960 611 1096 655 prefate
1122 611 1226 643 matri
1251 617 1375 643 nostre
1396 611 1632 644 Universitati
1654 623 1835 655 nunquam
1858 611 2093 655 imposterum

234 678 284 711 uti
305 690 371 710 nec
392 690 460 711 nos
475 679 616 722 juvare,
634 678 766 711 virtute
787 678 882 710 dicte
903 677 1013 718 bulte,
1032 677 1153 722 aliquo
1175 677 1369 722 privilegio
1385 677 1443 710 vel
1463 677 1647 722 aliquibus
1664 677 1892 710 libertatibus
1909 684 1968 710 aut
1984 677 2094 710 eciam

232 744 488 777 addicionibus
509 745 546 776 in
568 751 693 777 tenore
714 744 809 777 dicte
835 743 934 776 bulle
954 744 1144 788 appositis,
1167 743 1273 776 nobis
1299 755 1363 788 per
1384 744 1559 788 prefatum
1587 744 1772 776 dominum
1793 743 2037 776 Alexandrum
2060 744 2095 775 in

233 811 326 844 dicta
347 810 443 844 bulla
465 823 642 844 concesso
664 810 720 844 vel
740 811 940 844 concessis.

323 879 476 922 Insuper
498 878 742 923 promittimus
763 889 828 922 pro
850 877 1083 922 presentibus
1106 884 1141 910 et
1159 878 1291 910 futuris
1317 878 1354 909 in
1380 877 1451 910 hiis
1473 877 1617 910 duobus
1638 877 1879 910 conventibus
1901 884 1995 909 stare
2017 889 2095 909 cum

233 944 380 977 domino
408 951 534 977 nostro
563 956 649 989 rege
677 951 712 977 et
741 951 853 977 matre
874 951 997 977 nostra
1021 944 1263 977 Universitate
1285 944 1322 976 in
1342 944 1434 977 facto
1461 950 1496 976 et
1522 956 1628 976 causa
1649 944 1995 988 condempnacionis
2017 955 2099 988 pro-

234 1011 433 1055 posicionis
454 1011 619 1056 magistri
639 1010 814 1044 Johannis
835 1011 938 1044 Parvi
960 1023 1029 1055 que
1051 1011 1254 1043 intitulatur
1271 1025 1286 1042 «
1304 1011 1519 1043 Justificatio
1542 1011 1644 1043 ducis
1667 1010 1879 1055 Burgundie
1897 1024 1913 1041 »
1936 1017 1970 1043 et
1990 1009 2099 1042 adhe-

235 1089 327 1117 rere,
349 1089 388 1110 ac
409 1078 453 1110 de
474 1078 566 1110 facto
588 1077 805 1110 adheremus
827 1084 862 1110 et
882 1084 1018 1110 stamus
1038 1090 1118 1110 cum
1141 1077 1279 1110 eisdem
1301 1078 1481 1110 sententie
1503 1084 1538 1110 et
1565 1078 1754 1122 processui
1776 1077 1914 1110 domini
1935 1076 2098 1122 episcopi

234 1145 465 1185 parisiensis,
494 1145 678 1189 paratique
707 1156 834 1177 sumus
864 1151 899 1177 et
927 1145 1114 1177 offerimus
1143 1144 1322 1177 desistere
1350 1151 1385 1177 et
1416 1144 1460 1177 de
1493 1145 1584 1177 facto
1613 1145 1824 1177 desistimus
1855 1144 1898 1177 ab
1929 1143 2098 1176 omnibus

232 1211 556 1256 appellacionibus,
575 1211 811 1256 processibus
828 1218 863 1244 et
884 1211 1211 1256 prosecucionibus
1228 1211 1421 1251 inchoatis,
1438 1212 1629 1244 occasione
1647 1223 1711 1244 seu
1728 1212 1855 1244 causa²
1873 1211 1967 1243 dicte
1985 1210 2097 1251 bulle7

234 1284 268 1311 et
295 1278 539 1323 promittimus
561 1278 767 1323 supplicare
788 1278 987 1323 majoribus
1008 1278 1184 1311 Ordinum
1211 1279 1441 1311 nostrorum³
1464 1285 1498 1310 et
1527 1290 1612 1323 erga
1638 1290 1702 1311 eos
1728 1289 1922 1323 procurare
1949 1284 1985 1310 et
2013 1289 2098 1322 pro-

233 1345 338 1390 sequi
359 1357 424 1389 pro
446 1356 556 1390 posse
577 1352 717 1386 nostro,
739 1352 778 1378 ut
798 1345 1011 1390 premissam
1033 1345 1265 1378 concordiam
1286 1345 1400 1378 velint
1419 1345 1620 1390 approbare
1642 1351 1677 1377 et
1698 1345 1885 1377 ratificare.

323 1412 364 1444 In
385 1423 539 1456 quorum
561 1412 822 1457 premissorum
845 1411 953 1444 fidem
974 1419 1009 1445 et
1029 1412 1276 1445 testimonium
1299 1418 1490 1456 presentes
1510 1411 1648 1444 litteras
1669 1423 1734 1456 per
1749 1412 1911 1444 notarios
1933 1410 2099 1456 publicos

236 1478 465 1524 subscriptos
494 1478 678 1512 subscribi
708 1485 743 1512 et
771 1479 949 1524 publicari
976 1479 1184 1524 sigillisque
1214 1485 1422 1511 nostrorum
1451 1485 1693 1511 conventuum
1723 1491 1792 1511 una
1819 1490 1899 1511 cum
1927 1478 2044 1523 signis
2066 1484 2101 1510 et

236 1545 570 1590 subscriptionibus
598 1545 775 1578 dictorum
807 1546 1030 1578 notariorum
1060 1546 1103 1578 ad
1138 1547 1311 1590 majorem
1344 1545 1488 1578 roboris
1524 1545 1725 1578 firmitatem
1758 1545 1910 1578 fecimus
1943 1544 2098 1589 appendi

233 1616 290 1652 [et]
312 1612 458 1645 muniri.

322 1680 408 1712 Acta
429 1680 575 1712 fuerunt
600 1679 667 1712 hec
692 1679 729 1711 in
750 1679 918 1724 capitulis
946 1686 1153 1712 nostrarum
1182 1679 1418 1711 ecclesiarum
1447 1679 1657 1711 successive
1686 1678 1867 1723 nobisque
1894 1678 1938 1711 ad
1968 1690 2096 1711 sonum

231 1758 403 1791 campane
425 1746 673 1791 capitulariter
696 1747 943 1791 congregatis,
967 1753 1005 1778 ut
1026 1746 1139 1779 moris
1165 1752 1233 1785 est,
1259 1747 1327 1778 sub
1348 1758 1442 1778 anno
1464 1746 1609 1778 Domini
1636 1745 1829 1778 millesimo
1852 1745 2098 1790 quadringen-

233 1813 364 1846 tesimo
386 1814 516 1853 XVIl⁰‚
538 1813 739 1845 indictione
759 1814 821 1857 ΧΥ,
837 1813 895 1845 die
916 1825 1003 1845 vero
1025 1814 1097 1857 xvj²
1113 1813 1250 1845 mensis
1272 1812 1503 1853 Novembris,
1522 1812 1757 1857 presentibus
1773 1811 2046 1845 venerabilibus
2064 1819 2098 1844 et

234 1880 404 1913 discretis
421 1880 509 1913 viris
526 1880 712 1925 magistris
729 1881 834 1912 Petro
853 1880 896 1912 de
914 1881 1042 1921 Brena,
1062 1880 1237 1924 magistro
1254 1880 1291 1912 in
1308 1879 1446 1912 artibus
1464 1886 1499 1911 et
1515 1879 1705 1912 licenciato
1722 1879 1759 1911 in
1776 1879 1946 1918 decretis,
1963 1879 2097 1912 Jacobo

231 1946 275 1979 de
303 1946 474 1988 Celeriis,
499 1946 662 1979 Johanne
693 1946 801 1978 Probi
829 1953 863 1979 et
893 1948 999 1979 Petro
1030 1947 1074 1979 de
1104 1946 1351 1988 Asceneeriis,
1381 1947 1417 1978 in
1445 1945 1583 1978 artibus
1611 1946 1809 1990 magistris,
1837 1946 2097 1991 Lingonensis,

231 2014 421 2046 Remensis
443 2020 478 2046 et
497 2014 692 2046 Trecensis
714 2014 916 2055 diocesmn,
939 2013 1095 2046 testibus
1117 2014 1161 2046 ad
1182 2014 1360 2058 premissa
1382 2013 1518 2046 vocatis
1541 2013 1749 2058 specialiter
1771 2020 1805 2045 et
1827 2013 1974 2058 rogatis.

323 2111 390 2134 Bibl.
403 2114 456 2135 nat.
471 2111 564 2140 Paris„
577 2120 626 2134 ms.
638 2111 685 2134 lat.
698 2111 780 2140 14852‚
798 2111 843 2134 fol.
860 2111 927 2134 379⁶.
938 2125 964 2128 —
976 2111 1014 2134 Ad
1029 2114 1215 2142 argumentum
1231 2111 1285 2134 vid.
1304 2119 1385 2142 supra
1401 2114 1429 2133 n⁰
1443 2111 1511 2133 1878.
1527 2111 1573 2133 An.
1591 2111 1659 2138 1417,
1677 2110 1801 2133 Novemb.
1819 2111 1855 2138 13,
1874 2111 1967 2133 fratres
1983 2110 2095 2133 Minores

229 2159 254 2179 et
266 2156 464 2186 Augustinens„
478 2156 542 2179 utin
557 2158 685 2183 Aucta&
702 2156 733 2183 ΙΙ,
746 2164 771 2187 p.
784 2157 838 2186 233,
853 2157 881 2178 23
898 2164 956 2187 sqq.
970 2156 1033 2185 (vid.
1047 2156 1105 2180 Bel.
1120 2157 1152 2179 de
1169 2156 1369 2186 Sctt'nt-Denys‚
1387 2156 1427 2182 Yl,
1443 2155 1507 2184 156).
1524 2155 1660 2184 scribitur,
1678 2155 1892 2186 supplicantibus
1907 2163 1967 2185 rege
1984 2155 2096 2186 aliisque

228 2209 286 2223 cum
303 2200 481 2224 Universitate
499 2200 630 2231 conjuncti
648 2203 717 2223 sunt.
739 2200 915 2223 Nihilominus
934 2201 1082 2229 dicendum,
1100 2203 1128 2223 ut
1145 2201 1200 2231 jam
1219 2209 1300 2231 supra
1316 2200 1526 2227 observavimus,
1545 2200 1684 2230 religiosos
1702 2199 1838 2230 utriusque
1854 2199 1960 2223 Ordinis
1979 2203 2096 2230 tempore

228 2245 383 2268 intermedio
399 2245 425 2267 in
441 2245 618 2268 Universitatc
633 2245 716 2268 Paris.
734 2248 807 2268 actus
823 2245 995 2268 scholasticos
1011 2245 1167 2268 exercuisse.
1184 2245 1387 2268 Observandum
1404 2244 1492 2273 etiam,
1509 2245 1638 2275 quosdam
1651 2252 1741 2267 eorum
1758 2244 1885 2268 Ordinum
1902 2247 1961 2274 post
1977 2252 2018 2267 an.
2035 2244 2094 2266 1417

229 2293 257 2313 ut
272 2293 348 2313 antea
363 2289 542 2321 praedicasse.
559 2289 618 2313 Vid.
633 2292 696 2312 tom.
711 2290 731 2312 V
748 2289 880 2314 Char-tul.

323 2374 346 2399 1.
363 2375 421 2398 Vid.
438 2375 550 2398 1101868.
565 2388 595 2391 ——-
607 2374 631 2399 2.
647 2375 694 2397 Ms.
710 2382 715 2397 ’.
733 2383 744 2396 e(
758 2382 837 2397 cause
854 2383 876 2397 a.
888 2388 914 2392 -
931 2375 953 2399 3.
972 2375 1019 2397 Ms.
1037 2382 1042 2397 z
1061 2383 1071 2397 c<
1088 2374 1226 2397 ordinibus
1244 2374 1341 2397 nostris
1360 2382 1380 2396 ι).

231 2573 375 2610 2087.
403 2582 491 2607 Guido
507 2582 542 2607 de
560 2582 705 2616 Versaliis,
724 2591 797 2616 mag.
816 2586 871 2608 art.
889 2582 917 2607 in
935 2582 1124 2607 Universitate
1144 2582 1250 2614 Par-is.7
1269 2590 1376 2606 summo
1389 2580 1528 2616 pontifici,
1550 2580 1666 2615 exponit
1688 2588 1719 2604 se
1735 2579 1800 2604 olim
1815 2579 1981 2614 praeposito
1998 2579 2092 2604 Paris.

319 2631 461 2666 delegisse
477 2631 716 2667 conspirationem
731 2631 804 2657 inter
820 2631 959 2666 quosdam
976 2631 1077 2656 initam
1092 2630 1126 2656 de
1143 2631 1256 2656 cis-itate
1269 2630 1364 2656 Paris.
1384 2630 1516 2661 inimicis,
1535 2629 1596 2654 scil.
1615 2628 1787 2662 Rurgundis,
1807 2627 1960 2653 tradenda.

1417 2719 1486 2746 1417,
1502 2718 1615 2744 Νονειηό.
1632 2719 1676 2745 22,
1693 2718 1806 2743 Parisiis.

322 2809 536 2841 Beatissime
558 2816 670 2853 pater.
695 2808 851 2853 Exponit
871 2809 905 2841 S.
924 2810 967 2841 V.
990 2808 1144 2840 devotus
1165 2813 1286 2839 orator
1308 2813 1428 2839 vester
1445 2805 1565 2838 Guido
1588 2805 1631 2837 de
1648 2804 1883 2845 Versailles¹‚
1906 2804 2096 2849 presbyter

235 2875 433 2908 parisiens.
458 2875 567 2916 dioc.⁷
590 2875 686 2919 quod
711 2874 795 2907 olim
818 2875 898 2919 ipso
921 2874 1091 2907 studente
1113 2874 1286 2914 Parisius,
1310 2880 1344 2905 et
1373 2873 1462 2905 sacta
1492 2871 1762 2916 conspiratione
1794 2871 1888 2904 inter
1918 2871 2093 2916 quosdam
