2502 3418
362 294 404 327 30
932 301 1250 324 cnaawumntum
1286 301 1476 323 umvnas.
1527 301 1655 322 mais.
2129 285 2229 323 [1398

363 386 476 412 satum
500 379 544 411 de
565 379 691 423 majori
712 385 888 423 tempore,
907 384 945 410 ut
966 377 1182 422 premissum
1206 382 1272 417 est,
1296 382 1331 408 et
1350 388 1368 408 a
1389 375 1562 421 predictis
1584 375 1776 408 sententiis
1798 375 1930 420 poterit
1951 374 2122 407 dominus
2143 374 2229 407 Clu-

363 446 544 479 niacensis
565 445 755 478 absolvere
778 457 841 490 per
862 456 901 477 se
921 444 978 477 vel
1000 456 1064 489 per
1079 444 1201 484 alium,
1224 443 1381 484 statutis,
1398 442 1710 484 ordinacionibus,
1728 441 2058 475 consuetudinibus
2079 441 2230 486 quihus-

363 525 517 557 cmnque
534 513 570 545 in
591 512 810 545 contrarium
832 511 1005 544 hactenus
1029 511 1137 543 editis
1158 510 1215 543 vel
1237 510 1440 543 observatis
1462 522 1534 542 non
1552 509 1794 542 obstantibus.
1818 511 1861 542 Et
1880 510 1947 542 fuit
1966 510 2055 542 sacta
2077 520 2229 554 presens

365 580 538 612 diffinicio
561 580 604 612 de
622 591 804 612 consensu
821 579 957 611 domini
977 578 1117 610 abbatis
1137 584 1172 610 et
1191 584 1393 610 conventus
1410 577 1664 610 Cluniacensis
1681 583 1715 610 et
1737 577 1852 610 tocius
1869 576 2025 621 Capituli
2046 575 2230 621 generalis

364 659 457 679 anno
480 658 550 691 quo
577 658 685 691 supra
707 652 741 678 et
762 646 820 678 die
842 645 965 678 ultima
987 645 1124 677 mensis
1144 644 1295 688 Aprilis,
1319 644 1402 676 dum
1429 643 1635 676 celebratur
1655 643 1861 689 Capitulum
1891 643 2062 688 generale
2084 642 2231 676 Clunia-

364 725 487 746 cense.

453 780 555 813 Prior
575 779 722 824 collegii
742 779 935 812 scolarium
960 778 1255 812 Cluniacensium
1278 779 1437 811 Parisius
1463 785 1497 811 et
1522 789 1649 811 omnes
1670 777 1830 811 scolares
1852 777 2049 810 noluerunt
2069 777 2231 822 recipere

363 847 583 887 visitatores,
608 846 692 879 licet
713 846 868 879 debeant
894 846 1005 891 recipi
1027 846 1234 878 visitatores
1256 845 1369 878 semel
1390 846 1427 878 in
1448 857 1541 878 anno
1563 851 1597 878 et
1617 844 1866 878 visitatoribus
1888 844 1973 877 dare
1995 856 2105 876 unum
2127 855 2233 888 pran—

365 914 477 954 dium,
494 914 555 958 qui
568 914 774 946 visitatores
789 913 985 958 diligenter
1000 913 1043 945 de
1058 913 1141 953 vita,
1157 912 1320 945 moribus
1336 919 1371 945 et
1386 912 1670 945 conversacione
1685 912 1862 944 dictorum
1881 911 2074 944 scolarium
2092 917 2232 943 secrete

367 988 399 1013 et
421 980 605 1025 sigillatim
635 992 698 1024 per
718 981 962 1024 juramentum
985 979 1120 1012 debent
1144 979 1343 1024 inquirere,
1366 985 1401 1011 et
1427 979 1458 1011 si
1484 978 1691 1023 proficiant³
1713 979 1750 1011 in
1772 979 1922 1011 scientia
1943 978 2176 1022 acquirenda,
2199 984 2235 1010 et

367 1054 483 1080 utrum
506 1054 634 1080 statuta
657 1047 750 1079 dicte
772 1047 902 1079 domus
923 1046 1058 1079 ibidem
1080 1046 1334 1087 observentur,
1357 1053 1392 1078 et
1419 1046 1450 1078 si
1480 1046 1553 1078 sint
1580 1057 1706 1078 omnes
1737 1046 1849 1090 priori
1877 1052 1911 1078 et
1937 1045 2121 1090 suppriori
2146 1044 2234 1077 obe-

365 1114 507 1146 dientes
528 1121 635 1158 prout
656 1114 760 1146 decet
780 1113 979 1146 secundum
1004 1113 1261 1146 diffinicionem
1283 1113 1367 1145 anni
1390 1113 1572 1146 millesimi
1589 1113 1679 1146 CCC
1697 1112 2049 1157 quadringentesimi
2067 1111 2233 1153 secundi,

365 1187 397 1213 et
419 1180 542 1225 plures
563 1180 651 1213 alias
673 1180 932 1220 diffiniciones3
961 1186 996 1212 et
1023 1186 1146 1212 contra
1177 1179 1467 1224 prohibicionem
1489 1179 1646 1224 Capituli
1667 1179 1851 1224 generalis
1879 1179 2042 1224 proxime
2071 1179 2234 1223 preteriti

364 1254 580 1291 receperunt
599 1246 781 1291 bejanium
804 1259 897 1279 anno
918 1247 988 1279 isto
1009 1246 1053 1279 ab
1074 1246 1270 1291 aliquibus.
1303 1247 1443 1279 Dicitur
1463 1246 1574 1279 eciam
1599 1246 1696 1291 quod
1721 1246 1833 1290 aliqui
1859 1252 1944 1278 sunt
1964 1245 2235 1290 conspiratores

363 1320 486 1346 contra
504 1325 628 1346 eorum
647 1314 859 1358 superiores
880 1320 914 1346 et
934 1313 1022 1346 alias
1048 1325 1121 1346 non
1142 1313 1236 1345 bene
1258 1313 1473 1346 obedientes
1495 1325 1620 1345 eorum
1638 1312 1893 1358 superioribus
1915 1319 1949 1345 et
1970 1312 2099 1345 Ordini
2121 1323 2128 1344 τ
2151 1311 2235 1344 ideo

364 1380 533 1412 ordinant
550 1380 765 1413 diffinitores
787 1380 883 1425 quod
906 1391 1016 1425 super
1033 1380 1223 1424 premissis
1245 1380 1464 1413 camerarius
1486 1380 1671 1425 provincie
1694 1379 1842 1412 Francie
1859 1379 1917 1412 vel
1938 1379 2031 1412 alius
2051 1391 2069 1411 a
2087 1378 2235 1411 domino

363 1446 596 1479 Cluniacensi
618 1447 848 1491 deputandus
870 1459 909 1479 se
930 1447 1114 1487 informet,
1133 1453 1167 1479 et.
1187 1447 1277 1479 facta
1298 1447 1560 1479 informacione
1582 1458 1657 1479 earn
1680 1446 1795 1479 mittat
1816 1446 1964 1479 domino
1986 1445 2233 1486 Cluniacensi,

364 1514 425 1558 qui
446 1513 595 1546 indilate
618 1515 734 1558 privet
754 1513 896 1558 aliquos
918 1514 962 1546 de
983 1514 1099 1559 inagis
1120 1513 1378 1559 culpabilibus,
1402 1520 1437 1546 et
1456 1514 1547 1546 alios
1569 1513 1693 1558 puniat
1714 1513 1832 1546 taliter
1853 1513 1951 1557 quod
1976 1513 2080 1545 cedat
2103 1513 2236 1545 ceteris

363 1581 400 1612 in
417 1580 618 1625 exemplum
633 1593 640 1619 ς
660 1587 695 1613 et
715 1580 875 1613 scolares
892 1581 990 1613 intus
1003 1581 1208 1614 residentes
1225 1581 1445 1614 arrestandi²
1463 1587 1561 1622 sunt,
1579 1592 1645 1613 nec
1662 1581 1707 1613 de
1724 1581 1898 1614 Cluniaco
1917 1580 2099 1621 recedant,
2118 1579 2236 1613 donec

364 1647 628 1680 correctionem
650 1648 856 1692 receperint
876 1647 920 1680 de
942 1648 1019 1680 suis
1041 1647 1229 1680 demeritis
1251 1647 1451 1681 secundum
1473 1647 1653 1692 regularia
1674 1647 1824 1681 Ordinis
1845 1654 1989 1680 statuta.

455 1745 523 1769 Bibl.
538 1748 591 1768 nat.
601 1745 696 1775 Paris.,
706 1746 812 1768 ms.lat.
826 1754 904 1769 nouv.
918 1754 975 1777 aeq.
989 1746 1059 1774 2263,
1075 1747 1119 1769 sol.
1131 1746 1187 1774 92b;
1201 1747 1241 1769 88.
1251 1746 1362 1769 —llaec
1378 1749 1475 1769 statuta
1491 1754 1604 1769 unacum
1617 1745 1788 1777 sequentibus
1804 1749 1829 1768 et.
1844 1745 1950 1768 statutis
1966 1753 2007 1768 an.
2019 1746 2079 1768 1383
2093 1745 2235 1775 (Chartul.

363 1790 408 1818 111,
424 1794 453 1812 no
468 1790 537 1819 1478)
561 1798 576 1812 a
595 1790 749 1821 Raymundo
765 1790 796 1813 de
812 1790 943 1819 Cadoena,
956 1790 1045 1821 priore
1061 1791 1155 1822 majori
1170 1791 1336 1814 cluniacens.
1353 1790 1506 1814 monasterii
1521 1790 1600 1821 edita,
1617 1799 1709 1813 ansam
1723 1790 1913 1822 praebuerunt,
1930 1793 1958 1813 ut
1972 1790 2047 1821 prior
2061 1793 2087 1813 et
2102 1789 2236 1814 scholares

363 1834 467 1865 collegii
483 1834 600 1858 Cluniae.
614 1834 698 1857 Paris.
714 1838 776 1866 post
788 1843 830 1858 an.
846 1836 915 1864 1400,
932 1836 1036 1866 quando
1050 1836 1220 1867 Ruymundus
1236 1836 1319 1859 abbas
1335 1835 1501 1859 Cluuincens.
1518 1835 1577 1865 suit,
1591 1835 1663 1859 litem
1680 1838 1770 1858 contra
1787 1835 1867 1858 istum
1882 1835 2005 1858 abbatem
2018 1835 2044 1858 in
2058 1835 2132 1858 curia
2145 1835 2236 1867 parla-

363 1879 443 1902 menti
456 1879 624 1908 intentarent,
640 1887 706 1910 quae
722 1880 812 1910 plures
829 1888 910 1903 annos
926 1880 1041 1910 duravit,
1055 1883 1084 1903 ut
1098 1880 1168 1903 infra
1180 1880 1339 1904 videbimus.

456 1963 480 1987 1.
499 1964 588 1994 Usque
604 1964 636 1986 ad
650 1963 698 1986 hoc
711 1964 820 1987 verbum
834 1964 995 1987 Introductio
1010 1965 1102 1988 eadem
1117 1968 1157 1988 est
1172 1973 1201 1988 ac
1216 1966 1263 1988 illu
1278 1965 1339 1988 anni
1355 1965 1425 1988 1:383.
1439 1979 1467 1982 —
1483 1964 1506 1989 2.
1523 1965 1570 1988 Ms.
1584 1973 1589 1988 z
1603 1964 1788 1996 «presidentes
1804 1964 1927 1988 arrestati
1943 1973 1966 1987 η.
1979 1978 2010 1982 --
2024 1964 2049 1988 3.
2063 1965 2111 1988 Ms.
2126 1972 2131 1987 ·.
2148 1972 2159 1987 ι
2172 1972 2235 1996 pro-

363 2008 454 2031 ficiunt
512 2008 687 2031 observantur
703 2017 725 2031 ».

369 2130 508 2167 1748.
532 2140 580 2165 Lis
596 2149 690 2166 coram
704 2140 887 2167 Par-lamento
904 2141 978 2167 inter
992 2151 1066 2176 mag.
1084 2143 1241 2168 Hervaeum
1256 2142 1369 2177 Judaei,
1389 2143 1450 2169 bac.
1467 2143 1495 2169 in
1510 2142 1626 2177 decret.,
1641 2147 1668 2169 el
1683 2142 1822 2178 quosdam
1837 2142 1991 2169 ser-vientes
2006 2142 2091 2177 regis,
2108 2142 2157 2178 qui
2170 2150 2233 2168 eum

451 2193 664 2223 percusserant.

1571 2229 1642 2258 1398,
1658 2228 1765 2260 Auyusti
1781 2229 1818 2258 14,
1835 2228 1948 2254 Parisiis.

454 2313 530 2345 Lite
552 2319 644 2346 mota
666 2313 702 2345 in
724 2321 847 2347 nostra
868 2314 1080 2359 parlamenti
1103 2316 1202 2348 curia
1223 2316 1317 2349 inter
1342 2316 1564 2349 carissimam
1587 2323 1622 2349 et
1642 2316 1808 2349 dilectam
1831 2316 1939 2348 filiam
1962 2322 2121 2348 nostram
2144 2315 2233 2348 Uni-

363 2379 570 2412 versitatem
598 2380 852 2422 Parisiensem,
880 2389 1151 2426 procuratorem
1184 2390 1348 2416 nostrum
1377 2395 1441 2428 pro
1475 2383 1582 2416 nobis
1610 2390 1646 2416 et
1674 2383 1888 2428 magistrum
1915 2384 2095 2416 Herveum
2124 2382 2232 2416 Judei

365 2445 605 2479 bachalarium
629 2447 666 2479 in
687 2447 856 2489 decretis,
881 2455 1022 2481 actores
1046 2461 1088 2481 ex
1109 2461 1179 2482 una
1200 2456 1313 2494 parte,
1338 2457 1373 2483 et
1396 2449 1596 2491 ,Iohannem
1618 2450 1662 2483 de
1684 2450 1844 2495 Capella,
1866 2449 2066 2483 Johannem
2083 2448 2231 2483 Villette

365 2519 400 2544 et
418 2512 617 2545 Johannem
638 2514 801 2556 Gerbeti,
825 2515 862 2547 in
886 2522 1058 2560 quantum
1080 2516 1279 2560 quemlibet
1305 2529 1430 2550 eorum
1451 2524 1600 2562 tangere
1629 2523 1780 2562 poterat,
1806 2517 2022 2550 defensores
2043 2528 2086 2549 ex
2106 2515 2230 2557 altera,

365 2590 474 2623 super
497 2591 538 2612 eo
560 2581 657 2624 quod
679 2581 846 2614 dicebant
870 2582 955 2615 dicti
981 2589 1122 2616 actores
1144 2584 1241 2628 quod
1262 2584 1381 2617 dictus
1402 2585 1575 2630 magister
1600 2586 1777 2626 Herveus,
1799 2584 1907 2617 homo
1929 2583 2113 2629 pacificus,
2136 2582 2231 2615 bone

364 2646 455 2678 fame
477 2653 511 2678 et.
535 2648 822 2681 conversationis
843 2648 1009 2691 honeste,
1035 2649 1172 2695 absque
1193 2650 1261 2683 hoc
1283 2651 1381 2696 quod
1402 2652 1546 2684 rixosus
1566 2658 1627 2684 aut
1646 2651 1690 2684 de
1711 2651 1832 2696 aliquo
1854 2651 2005 2684 crimine
2027 2650 2230 2682 diffamatus

366 2724 519 2756 unquam
537 2713 678 2755 suisset,
697 2721 770 2747 toto
792 2722 954 2760 tempore
970 2717 1042 2749 vite
1062 2729 1126 2749 sue
1148 2718 1325 2759 extiterat,
1344 2731 1362 2751 a
1383 2718 1568 2763 longoque
1589 2725 1752 2763 tempore
1773 2718 1925 2751 scolaris
1947 2724 1982 2750 et
2002 2716 2230 2749 bachalarius

364 2779 401 2810 in
427 2779 582 2812 decretis
602 2780 638 2812 in
659 2781 752 2814 dicta
774 2783 1016 2816 Universitate
1042 2784 1155 2816 Paris.
1178 2785 1307 2826 suerat,
1331 2797 1369 2818 ac
1397 2785 1513 2818 adhuc
1535 2792 1697 2831 tempore
1718 2797 1934 2818 excessuum
1956 2784 2046 2816 infra
2068 2782 2228 2816 declara-

366 2852 482 2878 torum
511 2854 796 2891 perpetratorum
823 2850 859 2881 in
884 2850 1051 2884 facultate
1068 2851 1297 2884 decretorum
1319 2852 1476 2897 legebat,
1494 2853 1620 2897 sicque
1640 2853 1677 2885 in
1694 2859 1817 2886 nostra
1834 2850 2058 2896 salvagardia
2079 2849 2228 2895 speciali
