2502 3418
368 311 432 343 558
943 320 1265 342 CHAnTULAmUM
1300 320 1489 341 umvnns.
1527 318 1656 341 PARIS.
2134 305 2234 342 [1433

368 407 447 428 sum
470 395 640 428 omnibus
661 401 696 428 et
707 407 772 440 per
787 395 905 428 onmia
918 395 962 427 de
975 394 1230 427 consimilibus
1252 394 1493 439 prerogativis
1521 394 1708 426 concessis
1735 392 1970 425 Universitati
2001 392 2112 425 studii
2138 392 2235 424 Pari-

367 462 515 495 siensis.
538 463 578 494 ln
596 462 778 506 presentia
795 462 932 494 domini
948 461 1064 494 nostri
1085 472 1187 506 pape.
1214 462 1253 493 B.
1272 461 1453 494 Gntmms.
1471 481 1515 485 -
1535 462 1612 493 Dat.
1636 461 1748 493 Rome
1769 459 1863 504 apud
1884 459 2050 492 Sanctum
2074 460 2232 499 Petrum,

369 541 465 561 nono
483 528 551 561 kal.
573 529 745 569 Januarii,
764 541 858 562 anno
876 529 1001 561 tercio.

462 627 525 658 neg.
542 627 636 658 Suppl.
653 626 763 658 Eugenii
778 627 820 655 lv,
835 631 863 649 n⁰
878 627 932 654 285,
948 627 991 650 fol.
1008 626 1073 649 169¹&
1086 626 1251 657 Supplicntio
1266 626 1342 649 lineis
1356 626 1485 648 subducta
1496 629 1571 649 estet
1584 625 1609 648 in
1621 625 1740 656 margine
1756 627 1878 647 notatur:
1892 632 1903 646 «
1918 624 2057 647 Cassatum
2068 623 2099 647 de
2113 623 2236 646 mandato

368 671 438 696 dom.
454 671 537 694 nostri
550 680 619 702 pape
632 680 653 694 ».
671 685 699 689 —
712 671 845 701 Eugenius
862 671 894 694 lv
909 671 946 694 eis
962 671 1012 694 sub
1027 671 1117 694 endem
1138 670 1264 702 temporis
1278 673 1339 693 nota
1353 670 1472 693 concedit
1484 670 1685 701 praerogativas
1705 669 1900 693 parisiensibus
1913 669 1989 692 datus
2003 672 2029 692 et
2043 668 2068 691 in
2084 669 2170 691 rotulo
2187 670 2237 693 sub

370 725 381 738 (ι
399 725 413 738 ν
427 716 480 739 kal.
496 716 557 739 Maii
572 724 640 738 anno
655 715 741 747 primo
758 724 768 738 »
783 716 888 747 signato
903 715 1045 746 inscriptos
1061 716 1132 746 (Reg.
1148 715 1203 738 Lat.
1219 716 1317 746 Eugen.
1332 715 1373 742 lv,
1385 719 1414 737 n⁰
1429 716 1482 743 364,
1497 715 1543 738 fol.
1556 714 1618 744 85¹³).
1630 715 1702 742 Quae
1713 714 1801 737 omniu
1811 714 1906 737 desunt
1921 714 1991 744 apud
2004 714 2128 743 ΒΕΝΛΖΖΙ,
2141 714 2236 738 Storia

368 760 431 784 dell*
451 761 606 785 Universae
619 762 692 790 deqli
706 761 822 784 studiat
838 760 936 789 Roma,
951 760 971 783 1.

462 845 486 870 1.
503 845 635 868 Johannes
649 845 767 871 Juvenis.
785 853 826 868 nn.
844 845 912 871 1431,
929 845 988 867 Jan.
1006 844 1044 872 10,
1057 852 1116 867 cum
1131 847 1201 867 esset
1210 844 1301 867 decan.
1313 844 1423 866 Nnnnet.
1436 846 1461 866 ct
1471 843 1514 866 lic.
1526 843 1623 874 legum,
1635 842 1775 874 episcopus
1787 842 1972 866 Matisconens.
1988 843 2060 873 (Reg.
2074 842 2129 865 Lnt.
2142 846 2171 864 n⁰
2181 843 2235 870 300,

370 890 414 913 fol.
429 891 494 919 258),
510 890 582 913 Junii
596 890 635 918 22,
651 898 694 913 nn.
711 890 771 912 1433
787 889 820 912 ud
834 889 1003 912 Ambinnens.
1020 889 1165 911 translatus
1180 888 1279 919 (Oblig.
1297 892 1325 911 n⁰
1338 889 1377 918 66,
1395 888 1438 911 fol.
1454 888 1486 917 2).

371 1069 516 1106 2442.
542 1080 641 1104 Decem
657 1078 792 1113 deputati
807 1077 961 1112 facultatis
975 1077 1060 1104 theol.
1079 1078 1245 1112 congregati
1260 1077 1425 1103 deliberant
1438 1077 1473 1103 de
1489 1077 1694 1111 reformatione
1709 1077 1871 1112 facultatis.

1558 1165 1631 1194 7434,
1647 1165 1779 1191 februar-11¹
1793 1166 1819 1194 6,
1835 1165 1950 1191 Parisiis.

458 1254 523 1286 Die
547 1254 596 1298 vj¹¹
617 1253 805 1286 Februarii
835 1253 871 1286 in
899 1266 1038 1286 camera
1060 1254 1224 1299 magistri
1253 1254 1400 1299 Nicolay
1435 1255 1564 1298 Bessy,
1593 1254 1737 1298 quando
1770 1253 1940 1286 dominus
1970 1253 2129 1286 decanus
2157 1265 2237 1285 cum

370 1320 493 1353 decem
517 1320 700 1365 deputatis
717 1321 865 1353 fuerunt
884 1321 1097 1366 congregati
1119 1333 1230 1365 super
1252 1321 1507 1353 reformatione
1535 1319 1715 1353 facultatis
1736 1319 1959 1365 [theologie],
1981 1323 2071 1365 [pro]
2093 1331 2183 1365 pane
2205 1326 2239 1352 et

369 1387 453 1420 vino
475 1387 498 1432 ij
524 1387 592 1420 sol.
613 1408 657 1412 —
678 1388 765 1420 Item
789 1387 933 1432 quando
965 1387 1102 1420 domini
1137 1388 1297 1432 deputati
1324 1388 1473 1420 fuerunt
1500 1388 1713 1431 congregati
1743 1387 1779 1419 in
1809 1387 1917 1420 domo
1946 1387 2083 1420 domini
2112 1387 2238 1419 decani

371 1465 482 1497 super
501 1454 593 1487 facto
616 1461 830 1487 statutorum
850 1461 884 1487 et
900 1454 1066 1496 licencie,
1088 1458 1179 1499 [pro]
1196 1455 1281 1487 vino
1298 1454 1320 1498 ij
1340 1454 1406 1487 sol.

464 1551 532 1574 Bibl.
550 1555 604 1576 nat.
617 1551 713 1580 Paris.,
727 1560 775 1574 ins.
792 1552 837 1575 lat.
854 1553 924 1580 5494,
941 1561 967 1583 p.
984 1552 1037 1575 154.
1055 1552 1092 1575 Ad
1107 1552 1171 1575 haec
1186 1552 1240 1576 vid.
1257 1552 1325 1575 infra
1341 1557 1369 1575 n⁰
1382 1553 1452 1580 2449,
1468 1556 1494 1575 et
1507 1560 1549 1576 an.
1566 1552 1636 1580 1448,
1653 1552 1739 1575 Martii
1756 1554 1779 1575 5.

374 1727 517 1764 2443.
543 1737 678 1763 Facultas
691 1737 853 1764 medicinae
871 1738 996 1764 Iohanni
1011 1738 1046 1764 de
1062 1739 1150 1772 Mota,
1175 1738 1224 1773 qui
1238 1740 1337 1773 fuerat
1352 1747 1453 1773 regens
1469 1738 1504 1764 de
1519 1747 1602 1764 mane
1618 1739 1743 1774 quinque
1764 1747 1874 1764 menses
1895 1738 1923 1763 in
1943 1741 2001 1772 sac.
2021 1738 2137 1771 artium,
2156 1746 2242 1772 aegre

461 1786 707 1822 dispensationem
723 1787 861 1813 concedit.
879 1789 953 1823 Ipse,
973 1788 1082 1819 unicus,
1099 1787 1244 1814 licentiam
1259 1788 1376 1824 recepit.

1415 1878 1487 1907 7434.
1502 1878 1621 1904 februar.
1639 1878 1676 1907 10,
1689 1878 1775 1904 naz-tii
1790 1878 1826 1907 73,
1842 1877 1956 1903 Parisiis.

462 1964 568 1997 Anno
591 1964 736 1997 Domini
759 1964 953 1997 millesimo
975 1965 1328 2006 [CCCC⁰]XXX1110‚
1347 1966 1405 1998 dic
1427 1965 1513 1998 lune
1535 1978 1605 2011 que
1626 1966 1694 1998 fuit
1714 1971 1753 1998 x²¹
1773 1965 1973 2006 Februarii,
1988 1964 2152 2010 probavit
2170 1977 2242 1998 ma-

375 2030 491 2074 gister
510 2030 694 2064 Johannes
720 2031 764 2064 de
791 2033 886 2064 Mota
908 2032 952 2065 de
976 2039 1139 2077 tempore
1161 2045 1226 2065 sue
1248 2033 1447 2066 auditionis
1473 2032 1707 2078 quincaginta
1729 2033 1777 2077 vij
1799 2044 1946 2065 menses
1973 2044 2038 2077 per
2062 2031 2240 2074 cedulam,

376 2109 499 2130 verum
517 2098 600 2143 quia
623 2099 703 2143 ipse
726 2111 790 2143 per
805 2099 951 2144 aliquod
975 2106 1131 2144 tempus,
1145 2107 1228 2144 puta
1246 2112 1310 2145 per
1331 2100 1484 2145 spatium
1503 2100 1664 2144 quinque
1682 2100 1860 2132 mensium
1878 2099 1936 2133 vel
1953 2099 2105 2140 eocirca‚
2128 2100 2245 2132 suerat

378 2176 512 2208 regens
526 2165 570 2197 de
583 2177 686 2198 mane
705 2166 741 2197 in
759 2166 927 2199 facultate
944 2166 1105 2207 artium¹‚
1128 2167 1210 2199 ideo
1232 2167 1300 2199 fuit
1320 2166 1513 2199 difficultas
1534 2179 1620 2212 erga
1642 2167 1849 2212 magistros.
1870 2167 1912 2199 Et
1928 2166 1972 2199 de
1993 2167 2086 2199 facto
2104 2165 2243 2211 suppli-

376 2231 449 2264 euit
465 2244 530 2276 pro
552 2232 839 2277 dispensatione.
868 2235 983 2278 Major
1004 2246 1086 2278 pars
1108 2234 1346 2278 dispensavit,
1362 2234 1509 2267 attentis
1531 2234 1635 2278 penis
1656 2241 1692 2266 et
1706 2233 1909 2267 honeribus
1929 2233 2062 2266 habitis
2079 2233 2116 2266 in
2132 2232 2243 2266 facul-

376 2304 459 2339 tate,
487 2299 568 2343 quia
591 2299 692 2332 solus
713 2300 781 2332 fuit
801 2299 1037 2340 baccalarius,
1069 2312 1134 2345 pro
1161 2301 1287 2345 majori
1317 2308 1436 2346 parte;
1469 2301 1578 2345 aliqui
1602 2308 1718 2333 tamen
1745 2301 1927 2334 duxerunt
1952 2312 2015 2334 eos
2037 2312 2109 2333 non
2132 2311 2243 2345 posse

378 2364 605 2409 dispensare,
628 2373 763 2399 attento
780 2368 987 2411 juramento
1009 2365 1113 2412 quodv
1128 2368 1215 2400 alias
1237 2369 1472 2413 prestiterant.
1488 2368 1524 2400 in
1545 2368 1755 2413 inceptione
1775 2380 1852 2409 sua⁷
1875 2374 1943 2400 etc.

467 2433 532 2464 Die
554 2432 692 2465 sabbati
714 2434 794 2478 xiijU
817 2435 952 2467 mensis
975 2435 1098 2467 Marcii
1115 2435 1180 2467 fuit
1197 2435 1234 2467 in
1255 2434 1333 2467 aula
1352 2426 1550 2480 episcopali
1572 2435 1684 2468 Paris.
1703 2435 1921 2467 licentiatus.

470 2529 613 2554 comment.
635 2531 684 2554 fac.
701 2532 779 2557 med..
797 2532 816 2559 1,
832 2540 859 2563 p.
875 2533 930 2556 333.
945 2546 971 2550 —
988 2532 1152 2556 Severiorem
1170 2532 1310 2564 aliquoties
1328 2533 1439 2556 facultas
1460 2541 1487 2556 se
1507 2532 1600 2563 gessit.
1623 2534 1694 2556 Anno
1718 2533 1777 2556 1435
1795 2542 1806 2555 (ι
1828 2541 1896 2556 nonu
1910 2532 2021 2565 Aprilis,
2039 2531 2167 2563 magister
2184 2532 2246 2555 Ber-

379 2573 488 2596 trundus
504 2574 640 2605 Cormerii⁷
652 2575 780 2604 Gallicus,
793 2576 918 2607 probavit
933 2577 964 2600 de
977 2580 1096 2608 tempore
1112 2585 1157 2600 sue
1171 2577 1314 2600 auditionis
1330 2579 1359 2600 42
1371 2586 1473 2600 menses
1485 2586 1543 2600 cum
1555 2577 1677 2607 dimidio3
1695 2578 1739 2601 sed
1753 2577 1814 2609 quin
1829 2578 1878 2601 fuit
1889 2585 1981 2609 regens
1995 2585 2042 2608 per
2054 2585 2135 2600 unum
2146 2584 2243 2600 annum

379 2616 405 2638 in
429 2617 552 2640 facultate
575 2619 681 2646 artium,
698 2619 756 2643 ideo
779 2621 890 2644 facultas
909 2621 1051 2644 defalcavit
1065 2621 1097 2645 de
1118 2624 1235 2653 tempore
1255 2621 1373 2652 predicto
1394 2630 1486 2645 novem
1503 2630 1606 2645 menses
1624 2630 1681 2644 cum
1699 2622 1822 2649 dimidio;
1839 2629 1920 2653 quare
1935 2621 2059 2653 probavit
2076 2621 2107 2644 de
2126 2624 2245 2652 tempore

380 2660 435 2683 nine
450 2669 518 2684 anno
531 2664 647 2693 presenti
662 2664 730 2694 xxxij
745 2673 847 2688 menses
863 2674 922 2688 cum
936 2666 1045 2689 dimidio
1061 2675 1072 2689 »
1090 2666 1174 2696 (ihid.,
1189 2674 1217 2698 p.
1229 2667 1293 2696 339).

472 2745 496 2769 1.
516 2746 550 2768 De
566 2746 722 2771 difficultate
737 2749 828 2771 eadem
842 2749 866 2772 in
880 2751 929 2773 fac.
945 2750 1013 2774 med.
1030 2754 1088 2774 orta
1100 2754 1210 2782 propter
1225 2751 1371 2782 regentium
1386 2751 1413 2774 in
1430 2753 1480 2775 fac.
1496 2751 1593 2774 artium
1607 2751 1661 2775 vid.
1675 2759 1758 2782 supra
1774 2755 1802 2774 n⁰
1819 2751 1889 2774 2263.
