2502 3418
753 321 932 343 JOHANNES
959 321 1000 342 DE
1027 320 1288 342 MONSTEROLIO.
1315 320 1448 342 ALANUS
1474 321 1657 343 CHARTOER.
2078 325 2140 345 ΧΙΙΙ

370 395 521 432 Nomina
533 396 678 443 propria
693 395 785 431 ultra
809 398 903 431 4600
930 396 997 430 hoc
1013 395 1180 430 volumen
1198 394 1312 438 affert,
1332 406 1403 430 non
1420 395 1543 430 omnia
1559 399 1691 430 tamen.
1712 397 1871 442 Namque
1897 397 2143 433 desiderantur

272 467 309 503 in
325 467 491 503 facultate
507 467 635 502 artium
653 466 803 514 catalogi
821 470 853 501 et
870 466 906 501 in
928 465 1155 501 facultatibus
1173 465 1418 512 superioribus
1435 465 1541 500 etiam
1563 466 1759 508 scholares,
1780 467 1847 501 nisi
1865 478 1884 501 a
1899 468 2023 502 rotulis
2040 469 2141 503 Vati—

274 538 370 574 canis
387 538 533 574 nomina
552 537 726 585 patefacta
746 537 886 573 suerint.
913 539 1096 572 Praeterea
1114 536 1269 583 magistri
1293 536 1330 571 in
1350 536 1532 583 theologia
1549 540 1583 571 et
1604 537 1640 571 in
1660 537 1740 584 jure
1757 537 1942 580 canonico,
1965 538 2141 585 imprimis

273 612 354 644 ante
384 620 441 644 an.
478 611 582 652 1422,
608 620 679 644 non
709 608 811 655 pauci
845 607 1007 651 desunt⁴,
1036 619 1119 643 cum
1142 611 1357 643 documenta
1381 607 1522 654 proprie
1553 607 1596 642 ad
1631 608 1900 643 Universitatem
1927 609 2142 655 pertinentia

273 680 453 715 deficiant.

1188 729 1232 765 V

371 834 537 876 Quamvis
551 834 586 868 in
603 834 671 870 hoc
687 834 866 869 volumine
885 839 957 870 tam
977 834 1013 868 in
1035 837 1131 869 textu
1148 845 1256 880 quam
1271 833 1308 868 in
1322 833 1415 868 notis
1438 833 1483 868 ad
1502 832 1749 868 illustrandam
1771 833 1955 868 historiam
1972 845 2143 880 persona-

275 917 353 940 rum
374 905 569 941 celebrium
587 905 700 940 multa
716 917 806 940 nova
820 905 1059 949 attulerimus,
1083 916 1236 952 quorum
1257 907 1395 952 partem
1415 903 1607 939 maximam
1630 903 1872 951 praebuerunt
1888 905 2143 952 quadringenta

273 978 422 1024 Regesta
437 976 608 1013 Vaticana
631 976 770 1012 in-folio
798 976 1107 1024 Supplicationum
1123 976 1276 1011 Mai-tino
1294 977 1332 1019 V,
1351 976 1511 1023 Eugenio
1530 977 1587 1018 lV,
1607 976 1752 1011 Nicolao
1768 977 1798 1012 V
1817 976 2002 1019 factarum,
2027 988 2142 1023 quae—

272 1047 355 1083 dam
371 1051 490 1083 tamen
515 1051 652 1083 restant
667 1059 759 1095 quae
779 1047 1040 1083 Introdzcctz'oni
1061 1047 1331 1083 reservavimus.
1351 1047 1491 1082 Scilicet
1508 1047 1551 1082 de
1571 1047 1753 1082 nonnullis
1772 1047 1877 1082 claris
1896 1047 2142 1083 Universitatis

275 1119 356 1154 viris
373 1130 461 1154 nova
475 1118 607 1154 indicia
619 1119 743 1154 afferre
760 1119 814 1154 vel
834 1119 1019 1166 opiniones
1036 1123 1168 1154 temere
1184 1119 1356 1154 admissas
1374 1118 1564 1153 emendare
1580 1118 1811 1154 tentabimus.

547 1249 578 1281 1.
612 1247 723 1290 Quale
748 1247 1016 1282 Monsterolz‘am
1043 1246 1294 1293 assiynanclum
1321 1247 1366 1282 sit
1385 1246 1539 1282 Jolzanmf
1565 1246 1605 1281 a'e
1628 1247 1867 1283 Monsterole'o.

371 1349 554 1384 Hactenus
572 1349 771 1396 ignoratum
790 1353 844 1384 est
863 1361 882 1384 e
903 1361 973 1396 quo
990 1349 1222 1385 Monsterolio
1250 1349 1352 1396 (quot
1368 1349 1447 1384 loca
1468 1348 1518 1384 sic
1536 1349 1773 1397 nuncupatal)
1798 1350 2004 1385 nominatus
2021 1351 2063 1385 sit
2081 1353 2140 1386 Jo-

272 1420 408 1455 hannes
424 1419 484 1455 ille
507 1420 559 1455 vir
573 1421 635 1468 qui
651 1420 695 1455 ad
718 1421 825 1456 Paris.
846 1420 947 1456 Univ.
974 1421 1082 1456 etiam
1097 1420 1262 1468 pertinet.
1281 1422 1331 1455 LA
1347 1422 1461 1455 Cnolx
1474 1432 1520 1456 Du
1536 1420 1674 1455 31A1NE²
1699 1425 1733 1456 et
1748 1422 1913 1461 PAQuorss
1936 1423 2141 1468 pronuntia-

273 1494 398 1526 verunt
413 1492 645 1535 Monsterolii,
664 1492 700 1526 in
717 1492 848 1539 oppido
863 1492 1086 1527 Morinorum
1104 1492 1148 1527 ad
1164 1503 1261 1527 mare
1281 1492 1360 1534 sito,
1385 1491 1444 1527 sed
1464 1492 1537 1538 jam
1557 1492 1733 1527 Antonius
1750 1492 1918 1527 THOMAS⁴
1937 1493 2040 1528 talem
2065 1506 2142 1529 sen-

271 1562 417 1597 tentiam
433 1562 531 1598 nullo
545 1566 752 1610 argumento
770 1563 886 1598 fulciri
912 1567 1022 1607 ratus,
1039 1563 1251 1610 prudentius
1267 1563 1445 1598 existimat
1461 1563 1552 1598 inter
1574 1566 1625 1599 tot
1648 1563 1779 1610 oppida
1794 1564 1930 1610 judicio
1950 1564 2137 1601 abstinere.

271 1634 371 1668 Nunc
386 1634 498 1680 prosit
512 1634 723 1681 supplicatio
741 1646 760 1669 a
777 1634 927 1670 Martino
943 1636 974 1670 V
991 1634 1127 1681 signata
1143 1646 1200 1670 an.
1224 1637 1330 1678 1420,
1347 1634 1598 1670 tertiodecimo
1619 1635 1695 1669 Kal.
1714 1636 1797 1670 Juu.
1818 1634 1911 1682 (Maii
1929 1635 2000 1683 20),
2017 1636 2053 1670 iu
2071 1648 2142 1683 qna

270 1704 400 1739 citatur
424 1719 437 1735 (ι
452 1705 636 1740 Johannes
652 1705 695 1741 de
711 1706 940 1741 Monsterolio
956 1705 1042 1740 alias
1062 1706 1237 1741 Johannis
1256 1706 1331 1741 Ade
1358 1706 1402 1742 de
1419 1705 1683 1741 Baudribosco⁵
1702 1721 1735 1750 »,
1757 1707 1849 1742 unde
1864 1710 1959 1754 patet
1981 1711 2139 1742 nostrum

272 1774 378 1810 fuisse
394 1775 509 1810 filium
524 1776 698 1811 Johannis
726 1776 822 1812 Adae
839 1777 882 1812 de
906 1776 1162 1812 Baudrihosco.
1192 1777 1249 1812 Sic
1273 1776 1381 1812 etiam
1403 1777 1538 1812 levatur
1557 1777 1697 1812 miratio
1719 1777 1866 1812 Antonii
1882 1778 2061 1814 Thomas⁰
2078 1791 2142 1814 eur

270 1846 450 1882 Christina
466 1846 594 1883 Pisana
608 1848 775 1883 eumdem
796 1852 934 1883 vocaret
959 1863 972 1880 (ι
987 1848 1100 1883 Jehan
1113 1847 1316 1884 Johannes⁷
1334 1864 1347 1881 ι)
1362 1877 1368 1893 ,
1388 1849 1533 1884 nomine
1548 1848 1658 1895 patris
1676 1849 1810 1884 nomini
1827 1849 1889 1884 silii
1907 1850 2087 1897 adjuncto,
2103 1854 2140 1885 ut

270 1918 509 1953 communiter
523 1922 608 1954 tunc
634 1918 752 1955 fiebat.
774 1920 863 1955 Cum
885 1923 1004 1955 autem
1022 1923 1119 1966 pater
1143 1931 1161 1954 e
1180 1919 1423 1955 Baudribosco
1447 1920 1483 1954 in
1504 1920 1645 1955 Caleto8
1663 1920 1780 1963 suerit,
1805 1921 2065 1956 admittendum
2086 1925 2137 1956 est

270 1989 470 2024 johannem
486 1993 652 2025 nostrum
668 2002 798 2026 nomen
813 1991 964 2026 traxisse
981 2003 999 2025 e
1018 1991 1249 2026 Monsterolio
1265 1991 1301 2025 in
1318 1991 1442 2026 Caleto
1458 1991 1594 2038 (gallice
1609 1992 1649 2027 M
1652 1992 2012 2040 ona-eail-en-Caaoe).

727 2116 761 2149 2.
786 2114 842 2150 De
868 2115 1035 2162 [efflatione
1056 2115 1168 2150 Alani
1188 2115 1351 2151 Cltartz'er
1376 2116 1412 2150 in
1442 2115 1680 2151 Germaniam.

368 2216 445 2257 Quo
462 2228 556 2252 anno
572 2216 710 2264 legatus
728 2216 834 2252 suerit
848 2218 892 2253 ad
907 2218 1174 2265 Sigismundum
1198 2218 1233 2252 in
1250 2217 1479 2253 Germaniam
1505 2218 1650 2253 celeber
1663 2218 1798 2253 Alanus
1813 2218 2046 2265 Quadrigarii,
2064 2223 2134 2253 tarn

270 2286 404 2333 patriae
425 2286 586 2332 devotus,
614 2289 803 2336 scriptores
832 2289 989 2325 historici
1015 2289 1244 2332 dissentiunt,
1270 2301 1351 2324 cum
1369 2290 1510 2325 VALLET
1534 2302 1580 2324 DE
1602 2289 1806 2325 VnnvlLLu9
1829 2290 1921 2325 circa
1943 2302 2001 2325 an.
2028 2293 2134 2333 1419,

363 2409 384 2433 1.
400 2409 510 2438 Quidam
526 2410 643 2441 magistri
658 2411 739 2435 notati
753 2414 821 2442 sunt,
838 2420 860 2435 v.
877 2420 901 2442 g.
919 2412 945 2435 in
958 2413 1043 2437 Paris
1058 2417 1083 2436 et
1098 2419 1139 2437 ses
1155 2412 1314 2442 historiens,
1331 2412 1370 2436 ed.
1387 2412 1425 2436 LE
1441 2412 1521 2435 Roux
1537 2419 1571 2435 DE
1588 2412 1671 2435 L1xex'
1685 2414 1710 2435 et
1726 2412 1891 2441 Tmsunaxn,
1908 2420 1932 2443 p.
1949 2413 1993 2436 381
2011 2420 2064 2444 sqq.

362 2454 386 2477 2.
403 2455 593 2485 Bibliothe'que
607 2456 754 2486 francoise,
772 2456 792 2486 1,
805 2457 860 2480 555.

362 2498 385 2522 3.
400 2499 524 2523 Histoire
540 2500 676 2524 licte'raire
688 2502 735 2525 des
751 2502 905 2531 Pays-Bas,
921 2501 966 2531 IX,
984 2501 1037 2525 150.

363 2542 386 2566 4.
402 2543 444 2567 De
460 2543 599 2568 Joharmis
611 2546 644 2568 de
656 2545 837 2570 Monsterolio
853 2547 910 2570 vita
925 2550 950 2570 ec
963 2547 1090 2576 operibus
1107 2546 1201 2576 (Paris,
1216 2546 1295 2575 1883),
1311 2554 1336 2577 p.
1350 2546 1373 2569 3.

362 2587 385 2610 5.
403 2587 533 2611 Martinus
548 2587 654 2612 Pinardi
668 2591 756 2613 narrat
771 2598 797 2613 se
809 2589 907 2613 dudum
923 2601 935 2612 «
951 2590 1064 2614 diversos
1078 2590 1180 2614 ecclesie
1196 2590 1409 2620 Rothomagensis
1424 2592 1449 2613 et
1462 2598 1506 2621 per
1519 2590 1686 2619 diversorum,
1704 2589 1820 2613 videlicet
1833 2589 1960 2621 quondam
1978 2591 2008 2614 G.
2024 2590 2054 2613 de
2071 2591 2137 2613 Ven-

268 2630 385 2661 thadoro,
401 2632 441 2656 Jo,
460 2634 492 2656 de
513 2634 693 2658 Mons-terolio
710 2634 783 2659 alias
800 2635 940 2659 Johamzis
959 2637 1019 2659 Ade
1037 2637 1069 2659 de
1088 2636 1288 2665 Baudribosco,
1311 2637 1369 2663 etc„
1390 2634 1493 2658 ecclesie
1511 2634 1621 2666 predicte
1636 2634 1811 2658 canonicorum
1834 2634 2047 2665 prebemlatorum
2066 2638 2137 2658 «xxti-a

269 2675 367 2699 curiam
382 2676 523 2707 predictam
538 2676 715 2701 defunctorum
731 2678 824 2709 obitus,
841 2681 959 2703 vacantes
975 2679 1115 2703 successive
1130 2679 1293 2704 canonicatus
1306 2681 1331 2702 et
1346 2678 1487 2711 prebendas
1500 2680 1643 2710 acceptasse
1659 2689 1671 2699 >1
1689 2679 1797 2709 (Suppl.
1815 2683 1842 2701 110
1857 2679 1908 2708 1237,
1926 2679 1969 2702 t'ol.
1983 2679 2059 2708 wib).
2077 2679 2134 2702 doh.

270 2719 300 2743 dc
317 2721 483 2745 Monstcrolio
498 2729 586 2745 revera
601 2722 679 2746 etiam
691 2723 826 2747 eanonicus
839 2724 1019 2755 Rotomageus.
1037 2724 1095 2748 suit.
1112 2724 1172 2748 Vid.
1187 2724 1312 2754 Tnosms,
1329 2732 1354 2755 p.
1370 2724 1392 2748 7.

362 2765 386 2789 6.
403 2766 434 2789 L.
447 2773 481 2795 c„
497 2774 521 2797 p.
536 2766 560 2790 4.

362 2809 385 2833 7.
401 2809 470 2833 Bibl.
487 2812 551 2840 natu,
568 2818 616 2834 ms.
634 2811 744 2842 francais
758 2812 813 2842 604,
829 2812 874 2836 fol.
893 2813 958 2843 lle,
976 2813 1041 2837 1131’.

363 2854 386 2877 8.
402 2854 571 2885 Baudribosc,
585 2857 675 2879 canton
690 2856 722 2880 de
735 2857 893 2886 Doudeville,
910 2866 1043 2881 commune
1057 2857 1088 2882 de
1102 2857 1341 2881 Berville-en-Caux
1354 2856 1609 2887 (Scine-Interieure).

363 2899 386 2922 9.
403 2900 576 2930 Bioyraphie
589 2901 731 2931 generale,
749 2902 780 2931 X,
796 2910 821 2933 p.
837 2902 876 2926 23.
