2502 3418
389 301 454 334 248
965 313 1286 336 CHARTULARIUM
1320 314 1510 337 univisns.
1546 316 1676 338 PARls.
2159 305 2257 342 [1412

479 386 555 413 Guil.
574 387 659 413 Haro.
1428 389 1552 416 Jacobus
1567 390 1698 424 Despars.

481 435 582 461 Petrus
597 435 792 461 Cardonnelli.
1427 437 1493 463 Joh.
1512 438 1645 464 Cadardi.

480 533 582 559 Petrus
597 533 633 559 de
648 533 790 567 Grangiis.
1428 535 1549 561 Michael
1564 536 1694 562 Bouveti.

1322 393 1325 406 ι

478 484 545 510 Joh.
564 484 698 510 Beraudi.
1323 476 1325 544 l
1428 486 1568 512 Henricus
1582 487 1728 520 Tybouth.

478 581 544 607 Joh.
561 581 597 607 de
612 581 689 607 Pisis.
1323 546 1326 614 i
1427 584 1551 610 Jacobus
1569 585 1706 611 Percheti.
2014 588 2069 622 [28]

484 669 584 694 Comm.
598 671 648 693 suc.
664 670 741 697 med„
759 670 778 698 Ι,
795 678 821 700 p.
836 669 890 693 177.
905 683 934 687 —
949 670 1013 693 Nov.
1031 672 1052 698 5,
1067 670 1160 693 Petrus
1176 671 1207 693 de
1222 671 1309 694 Remis
1326 671 1440 694 decanus
1458 674 1508 696 fac.
1525 673 1623 696 electus
1639 676 1704 696 erat.

396 853 537 890 1962.
566 863 740 889 Universitas
753 863 848 888 Paris.
865 863 988 889 Iohanni
999 864 1100 889 XXIII
1109 864 1223 898 gratias
1239 864 1301 898 agit
1316 863 1352 889 de
1369 864 1516 899 beneficiis
1532 866 1656 902 receptis
1672 870 1699 892 et
1711 865 1747 892 de
1761 867 1939 902 promotione
1953 868 2096 894 Iohannis
2111 869 2147 895 de
2163 870 2261 905 Rupe-

479 912 573 937 scissa
589 912 629 937 ad
641 912 884 947 patriarchatum.

1637 952 1708 980 1472,
1725 952 1846 980 Moremb..
1863 953 1977 979 Parisiis.

482 1036 710 1080 Propositum
733 1036 933 1068 sanctitatis
955 1043 1089 1078 vestre,
1114 1036 1325 1070 beatissime
1353 1044 1467 1082 pater,
1493 1050 1532 1071 ac
1560 1038 1843 1072 benivolentiam
1871 1047 2069 1085 paternam,
2099 1053 2168 1086 qua
2196 1054 2263 1087 nos

394 1102 627 1146 singulariter
651 1102 923 1147 amplectimini,
950 1115 993 1135 ex
1020 1103 1147 1136 nuntio
1176 1110 1302 1136 nostro
1325 1104 1499 1149 magistro
1529 1105 1675 1138 Simone
1706 1106 1874 1140 Bocheus
1903 1107 1972 1140 alta
1996 1108 2130 1141 virtute
2157 1115 2264 1154 atque

393 1168 506 1212 gloria
537 1180 770 1213 perseverare
796 1169 1058 1208 intellexi11ms;
1087 1182 1242 1215 cumque
1270 1171 1306 1203 id
1334 1183 1398 1216 per
1419 1178 1500 1204 ante
1531 1171 1638 1205 nobis
1667 1173 1755 1206 satis
1783 1180 1882 1206 esset
1905 1181 2144 1219 compertum,
2169 1187 2264 1209 nunc

394 1241 509 1267 tamen
531 1234 638 1268 nohis
660 1241 755 1268 tante
777 1237 1047 1280 perseverantie
1065 1236 1177 1269 decus
1198 1236 1400 1282 gloriosius
1421 1238 1613 1271 affulsit....
1636 1240 1719 1284 Ipse
1744 1252 1889 1285 quoque
1911 1248 2083 1286 paternus
2100 1242 2264 1283 affectus,

393 1302 453 1346 qui
475 1302 510 1334 in
527 1302 606 1335 (lies
628 1303 847 1347 propensior
868 1303 984 1347 magis
1004 1315 1043 1336 ac
1065 1304 1180 1349 magis
1201 1303 1308 1337 nobis
1329 1316 1496 1338 crescere
1513 1305 1670 1347 videtur,
1693 1317 1776 1340 sese
1798 1306 1984 1352 plerisque
2004 1309 2119 1353 gratie
2139 1321 2266 1342 mune-

393 1368 494 1401 ribus
516 1369 695 1413 patefecit7
714 1381 794 1402 cum
818 1369 923 1402 nobis
944 1376 997 1402 tot
1016 1370 1151 1416 gratias
1174 1383 1214 1403 ac
1236 1371 1485 1417 prerogativas
1507 1372 1674 1414 indulsit,
1696 1373 1856 1407 indultas
1877 1374 2116 1416 confirmavit,
2133 1376 2266 1409 confir-

394 1442 504 1468 matas
525 1436 568 1468 ad
595 1436 783 1469 utilitatem
813 1443 972 1469 nostram
999 1437 1195 1470 declaravit
1223 1445 1258 1470 et
1286 1438 1485 1472 declaratas
1510 1439 1579 1472 sub
1606 1439 1726 1473 littera
1754 1440 1889 1474 bullata
1917 1441 2025 1474 nobis
2055 1442 2157 1475 duxit
2183 1454 2266 1476 esse

394 1503 701 1536 transmittendas.
729 1503 908 1545 Profecto,
935 1504 1165 1537 sanctissime
1192 1511 1303 1549 pater,
1331 1505 1466 1550 gratias
1487 1518 1636 1551 magnas
1660 1513 1695 1540 et
1724 1506 1858 1540 habere
1884 1514 1919 1541 et
1947 1520 2057 1553 agere
2090 1508 2267 1544 debemus

393 1576 513 1602 vestre
544 1569 772 1611 beatitudini,
798 1582 868 1614 que
890 1570 1002 1603 nichil
1029 1583 1197 1616 umquam
1219 1571 1327 1604 nobis
1350 1573 1507 1617 negavit,
1535 1573 1633 1618 quod
1654 1581 1781 1619 posset
1800 1573 1954 1608 honeste
1979 1575 2144 1618 concedi,
2169 1577 2267 1610 unde

393 1637 595 1669 accuratius
617 1637 823 1669 studuimus
844 1637 957 1670 nichil
978 1650 1147 1682 umquam
1165 1638 1350 1683 postulare
1367 1639 1466 1684 quod
1483 1640 1626 1686 pigeret
1645 1642 1890 1674 concessisse.
1906 1642 1976 1675 Sed
1998 1642 2115 1676 adhuc
2132 1644 2267 1688 gratias

394 1703 569 1736 debemus
590 1703 799 1748 ampliores,
828 1704 926 1749 quod
955 1704 991 1736 in
1022 1705 1188 1750 amplexu
1215 1706 1387 1738 munifico
1414 1713 1533 1739 vestra
1559 1707 1750 1741 clementia
1776 1720 1843 1741 nos
1869 1709 2012 1742 censuit
2032 1710 2164 1743 ceteris
2186 1722 2268 1744 esse

395 1770 643 1814 preferendos.
667 1770 772 1813 Quod
795 1771 825 1803 si
854 1782 918 1815 pro
941 1771 1048 1804 tantis
1070 1778 1213 1816 tamque
1243 1772 1446 1806 manifestis
1467 1773 1657 1807 beneficiis
1679 1787 1751 1807 non
1775 1775 1863 1808 satis
1891 1776 2114 1810 accumulate
2134 1777 2268 1822 gratias

394 1837 548 1881 agimus*
567 1837 602 1869 id
624 1837 716 1870 nolit
736 1838 906 1870 sanctitas
922 1844 1041 1871 vestra
1062 1839 1199 1871 nostris
1214 1839 1464 1873 voluntatibus
1482 1841 1603 1885 potius
1620 1853 1723 1886 quam
1743 1842 1986 1887 magnitudini
2006 1842 2267 1876 beneficiorum

395 1903 580 1948 deputare.
606 1905 692 1936 Nam
714 1904 799 1937 lieet
820 1917 859 1937 ea
875 1904 998 1937 verbis
1020 1906 1196 1950 consequi
1218 1918 1291 1938 non
1312 1907 1510 1951 possimus,
1529 1907 1705 1941 habemus
1727 1915 1846 1941 tamen
1867 1909 1945 1954 ipsa
1961 1909 2145 1943 mentibus
2161 1910 2269 1944 infixa

396 1977 430 2002 et
455 1970 585 2003 animis
608 1978 781 2015 concepta
807 1971 1078 2016 promptissime
1101 1972 1160 2004 vix
1181 1972 1346 2005 ardorem
1374 1985 1477 2006 suum
1505 1974 1652 2019 explere
1675 1975 1893 2008 valentibus.
1916 1976 2068 2009 Accedit
2086 1977 2130 2009 ad
2155 1977 2270 2022 gratie

396 2037 578 2069 cumulum
607 2037 704 2082 quod
725 2038 829 2070 amici
850 2038 967 2070 nostri
987 2045 1094 2083 atque
1115 2038 1276 2072 benivoli
1305 2040 1397 2085 grati
1425 2047 1510 2073 sunt
1535 2048 1656 2074 vestre
1683 2042 1862 2075 sanctitati
1883 2049 1918 2075 et
1941 2043 2091 2087 accepti,
2119 2044 2271 2077 maxime

397 2104 494 2148 quod
517 2116 633 2149 nuper
649 2104 777 2137 doctor
799 2105 972 2149 egregius
994 2112 1179 2138 corrector
1198 2105 1399 2139 litterarum
1421 2107 1701 2152 apostolicarum
1724 2109 1791 2141 suit
1816 2109 1860 2141 ad
1886 2109 2166 2154 patriarchatum
2188 2122 2272 2155 pro-

397 2177 516 2203 motus
540 2183 619 2203 cum
647 2170 797 2203 honesta
824 2171 1068 2216 provisione¹,
1094 2184 1199 2216 quem
1227 2179 1308 2205 ante
1335 2185 1480 2206 menses
1507 2174 1598 2207 istos
1623 2187 1665 2207 ex
1685 2175 1818 2208 virtute
1839 2188 1879 2208 ac
1901 2176 2120 2221 disciplinis,
2138 2176 2272 2222 quibus

397 2237 491 2269 inter
510 2237 677 2270 homines
699 2238 814 2270 nostri
840 2239 1015 2283 temporis
1036 2238 1230 2283 plurimum
1253 2239 1380 2284 fulget,
1403 2247 1524 2273 vestre
1544 2242 1724 2274 sanctitati
1747 2243 2115 2276 commendavimus?
2141 2245 2191 2276 Ex
2210 2243 2271 2277 illa

396 2303 515 2348 itaque
539 2305 664 2349 optimi
681 2305 748 2337 viri
765 2311 799 2337 et
820 2317 836 2337 a
858 2305 965 2337 nobis
987 2305 1129 2338 sincere
1151 2305 1274 2338 dilecti
1296 2307 1526 2350 promotione
1547 2320 1586 2340 ac
1610 2309 1792 2342 universis
1813 2309 1894 2342 aliis
1915 2309 2118 2350 beneficiis,
2137 2322 2206 2355 que
2227 2310 2270 2343 ab

397 2371 596 2415 apostolice
622 2371 721 2404 sedis
742 2371 842 2416 apice
865 2371 901 2403 in
925 2383 992 2404 nos
1012 2384 1051 2404 ac
1078 2378 1225 2405 nostros
1252 2372 1484 2406 defluxerunt
1503 2375 1638 2419 gratias
1661 2375 1755 2408 votis
1776 2376 1928 2409 ferimus
1948 2376 2175 2418 humillimis,
2202 2388 2270 2410 nos

398 2438 439 2469 ad
471 2437 615 2482 singula
646 2444 768 2470 sancte
797 2438 896 2475 sedis
925 2438 1150 2483 beneplacita
1179 2438 1307 2471 devota
1337 2446 1457 2473 mente
1489 2441 1684 2474 offerentes
1713 2449 1820 2487 atque
1852 2443 2061 2475 memoriam
2098 2450 2269 2488 gerentes

399 2511 517 2536 vestre
540 2505 575 2536 in
597 2516 663 2537 nos
685 2504 931 2537 benivolentie
953 2506 1187 2550 sempiterne.

490 2603 603 2627 sslinula
619 2603 735 2626 ‹thui-tue.
751 2603 777 2626 in
797 2603 875 2626 Arch.
894 2606 948 2626 nat.
965 2603 1059 2633 Paris.‚
1076 2604 1100 2626 M
1115 2605 1167 2632 65⁸,
1184 2608 1212 2626 n⁰
1230 2605 1268 2626 59.
1283 2618 1313 2622 —
1328 2604 1429 2627 Ibidem
1444 2605 1523 2627 etium
1539 2606 1653 2629 minuta
1668 2606 1797 2637 epistolae
1813 2607 1846 2629 ad
1863 2616 1953 2630 omnes
1966 2608 2116 2631 cardinales
2132 2608 2163 2631 de
2178 2609 2269 2632 eodem

398 2650 563 2676 argumento,
578 2647 682 2678 aliaque
697 2647 785 2670 brevis
801 2647 915 2678 epistola
933 2648 966 2670 ad
986 2648 1127 2679 quemdam
1146 2656 1156 2671 ι(
1170 2648 1422 2671 reverendissimum
1443 2652 1545 2680 patrem
1560 2658 1589 2672 nc
1605 2650 1741 2673 dominum
1755 2659 1777 2677 )),
1797 2651 1842 2682 qui
1859 2652 1942 2675 «dum
1955 2652 2041 2675 adhue
2056 2652 2165 2676 nuntius
2181 2656 2271 2676 noster

399 2699 468 2721 mag.
485 2692 573 2714 Simon
590 2692 707 2715 Boeheus
724 2700 764 2715 res
781 2695 886 2715 nostras
903 2693 982 2715 Rome
995 2695 1094 2723 ageret,
1111 2693 1247 2723 singulare
1261 2693 1337 2716 nobis
1353 2693 1481 2716 auxilium
1499 2694 1644 2725 prebuistis
1660 2703 1703 2726 up.
1716 2695 1853 2718 dominum
1869 2699 1988 2719 nostrum
2001 2705 2023 2720 υ.
2038 2697 2128 2720 Simon
2141 2697 2270 2728 Bochem,

399 2739 452 2758 nat.
473 2736 584 2759 Pium-d..
604 2736 659 2767 jam
679 2745 767 2759 mense
791 2737 933 2760 Novembr.
950 2738 972 2767 7,
993 2745 1035 2760 an.
1052 2737 1122 2765 1412,
1140 2737 1254 2760 Parisios
1274 2746 1396 2761 reversus
1417 2741 1474 2761 erat
1494 2739 1558 2767 (vid.
1573 2741 1702 2765 Auctar..
1726 2740 1758 2770 ΙΙ,
1775 2749 1801 2771 p.
1821 2741 1873 2769 131,
1890 2741 2010 2770 24;-132,
2027 2742 2064 2769 18,
2079 2741 2124 2764 ubi
2149 2749 2159 2764 α
2180 2741 2270 2765 Simon

399 2780 527 2802 Vuczoser
539 2782 571 2809 n).
588 2781 699 2803 Proinde
714 2781 827 2812 epistola
842 2781 913 2804 circa
925 2781 995 2804 idem
1010 2785 1115 2812 tempus
1132 2781 1232 2812 scripta
1247 2785 1295 2805 est.
1313 2782 1353 2805 Cf.
1370 2782 1449 2805 etium
1463 2786 1516 2806 not.
1532 2784 1553 2806 1.

492 2863 515 2887 1.
531 2864 663 2887 Johannes
681 2865 712 2887 de
729 2865 895 2896 Rupescissa,
912 2874 1005 2889 canon.
1022 2866 1117 2902 Paris„
1130 2866 1198 2897 juris
1213 2869 1264 2889 utr.
1281 2866 1381 2896 doctor,
1398 2870 1530 2890 corrector
1545 2867 1596 2890 litt.
1614 2871 1701 2899 apost.
1720 2877 1788 2892 anno
1804 2869 1904 2897 eodem,
1922 2870 1990 2897 1412,
2007 2869 2061 2892 Jul.
2076 2870 2113 2898 13,
2131 2871 2215 2892 sactus
2231 2872 2270 2893 est
