2502 3418
299 324 395 361 1451]
642 337 689 358 AB
723 337 829 358 Anno
864 336 1153 359 MCCCLxxxxiv
1182 336 1313 365 usque
1348 337 1396 358 AD
1430 337 1569 358 ANNUM
1604 338 1811 360 MCCCCLII.
2096 329 2160 362 705

298 412 409 445 moris
428 419 495 454 est,
518 412 663 446 stallum
684 412 721 444 in
743 411 853 445 choro
875 418 910 444 et
929 411 1047 444 locum
1070 411 1107 443 in
1128 411 1286 456 capitulo
1302 410 1407 445 vobis
1479 411 1744 456 assignando...
1763 414 1889 445 Datum
1913 413 2072 446 Parisius
2090 413 2157 446 sub

297 479 421 524 sigillo
443 491 583 513 camere
604 485 729 512 nostre
746 491 839 512 anno
862 478 1007 511 Domini
1028 479 1080 511 Μο
1090 478 1211 512 CCCC
1222 479 1279 520 LI,
1303 478 1361 511 die
1382 478 1466 523 xviij
1490 478 1628 511 mensis
1650 479 1747 511 Maii.

388 569 466 593 Arch⁴
480 572 534 593 nat.
550 569 644 599 Paris.,
661 569 700 593 LL
716 569 770 597 117,
786 577 812 600 p.
827 569 866 591 48.
887 582 913 586 -
936 569 988 591 Has
1003 567 1106 591 litteras
1129 568 1258 591 Robertus
1275 568 1385 591 Ciboule
1406 567 1522 599 capitulo
1537 568 1718 599 praesentavit
1742 568 1802 591 Maii
1824 570 1862 598 19,
1885 569 2040 599 minitando,
2057 574 2085 593 ut
2103 570 2158 601 jam

294 622 383 637 corum
397 614 522 645 episcopo
537 613 732 645 pronunciavit,
756 623 769 635 α
787 614 818 637 de
839 613 960 636 hahendo
983 621 1120 636 recursum
1143 613 1175 635 ad
1198 621 1273 636 suam
1296 613 1508 644 penitentiariain
1524 613 1617 636 ecclcS.
1638 613 1731 643 Paris„
1752 621 1815 636 casu
1831 622 1881 644 quo
1898 614 1954 645 ipse
1968 615 2131 638 evineeretur
2145 624 2159 638 a

295 659 364 682 dicta
381 659 539 682 cancellaria
553 667 565 681 11
582 660 618 690 (p.
635 660 682 688 45),
699 658 761 690 quia
783 659 897 682 Thomas
918 658 949 680 de
972 658 1117 681 Cuurcellis
1139 657 1371 689 poenitentiarium
1386 658 1484 681 habere
1500 658 1585 681 voluit
1599 661 1624 681 et
1645 666 1736 681 revera
1752 658 1813 681 Maii
1833 659 1860 681 21
1880 659 2040 690 acquisivit2
2058 661 2093 690 (p.
2108 661 2157 689 49).

295 703 411 727 Tandem
426 703 488 727 Maii
502 704 528 726 21
544 703 674 727 Robertus
687 703 720 726 ad
736 703 921 726 cancellariam
938 705 1058 733 receptus
1074 703 1123 731 cst,
1142 711 1153 725 α
1167 706 1192 726 et
1207 702 1257 725 suit.
1272 702 1423 725 installatus
1439 702 1465 725 in
1481 702 1560 725 choro
1577 702 1644 725 dicte
1660 703 1769 726 ecclesie
1782 711 1830 734 per
1845 703 1914 726 dom.
1929 707 2117 731 succentorem,
2135 708 2160 728 et

293 749 367 772 locus
381 749 432 772 sibi
446 749 598 780 assignatus
611 748 637 771 in
650 748 767 780 capitulo
782 756 830 779 per
843 748 912 771 dom.
927 747 1143 770 archidiaconum
1157 748 1188 771 de
1203 748 1309 779 Josayo,
1323 751 1385 770 tunc
1399 747 1578 779 presidentem
1591 747 1617 770 in
1628 748 1796 779 capitulo-...;
1811 748 1907 779 quibus
1921 748 1958 771 sie
1974 749 2039 771 actis
2054 752 2160 772 0100111-

293 793 448 825 parentibus
461 793 487 816 in
502 793 618 824 capitulo
632 793 702 816 dom.
718 796 819 816 rectore
835 792 1022 816 Universitatis
1035 795 1061 816 et
1073 792 1207 815 nonnullis
1224 792 1360 824 magistris
1377 795 1400 816 et
1417 792 1565 815 scolaribus
1585 792 1686 823 juravit
1704 795 1784 824 prout
1802 793 1950 816 continetur
1965 793 1991 816 in
2007 793 2080 816 bulla
2093 794 2158 817 Gre-

293 838 361 869 gorii
375 846 444 870 pape
461 838 531 869 (1x1),
547 846 597 869 que
612 837 650 861 sie
665 837 759 869 incipit
774 845 780 860 :
796 838 906 862 Parens
922 845 942 866 1),
956 840 1004 860 etc.
1022 839 1058 868 (p.
1074 837 1123 868 47).

385 913 410 939 1.
426 914 488 937 Maii
505 915 519 937 8
536 922 548 937 ((
568 914 594 937 111
609 914 686 937 domo
705 922 754 937 sua
772 913 882 937 claustri
902 914 987 937 Paris.
1002 921 1014 936 ›>
1031 914 1170 936 defunctus
1187 913 1274 942 (ibid.,
1293 922 1320 944 p.
1341 914 1390 943 40).
1415 927 1443 931 -
1466 913 1490 938 2.
1506 913 1621 936 Thomas
1637 913 1668 936 de
1684 913 1828 937 Courcellis
1846 916 1908 937 tunc
1923 914 2050 945 temporis
2066 922 2159 938 revera

292 959 418 983 beneficia
433 962 548 983 sectatus
564 962 613 982 est.
627 960 675 982 An.
692 959 752 982 1448
767 959 894 982 beneficia
912 958 1123 989 incompatibilia
1138 958 1244 989 (Suppl.
1260 958 1344 982 Nicol.
1355 959 1384 987 V,
1401 963 1430 981 n0
1442 959 1496 986 422,
1513 958 1557 982 sol.
1574 958 1624 986 151¹,
1638 958 1691 986 16);
1708 966 1751 981 an.
1768 959 1828 981 1449
1843 958 1961 990 recipere
1973 959 2057 982 voluit
2070 959 2159 982 archi-

291 1004 459 1028 diaconatum
475 1004 507 1027 de
524 1004 659 1032 Gandavo,
678 1012 755 1035 quem
775 1003 923 1035 resignavit
937 1003 1067 1026 Robertus
1088 1003 1197 1026 Giboule
1213 1005 1252 1032 (n0
1266 1004 1321 1031 427,
1340 1003 1385 1026 sol.
1401 1003 1466 1032 92b);
1484 1011 1526 1026 an.
1542 1003 1601 1026 1451
1617 1003 1727 1034 paroch.
1744 1003 1882 1026 ecclesiam
1903 1003 1998 1027 Montis
2013 1005 2038 1027 S.
2053 1004 2159 1027 Martini

292 1049 456 1073 Gehennens.
471 1049 554 1072 dinco.
570 1048 731 1080 permutavit
746 1056 805 1071 cum
818 1048 973 1071 canonicatu
987 1048 1080 1071 eccles.
1095 1047 1253 1078 Lingonens.
1266 1050 1304 1077 (η’1
1314 1048 1368 1077 446,
1384 1048 1430 1071 fol.
1442 1047 1522 1077 289¹J);
1537 1047 1627 1070 eodem
1643 1056 1720 1076 anno,
1734 1048 1793 1071 Jan.
1807 1048 1845 1077 27,
1861 1057 1873 1069 α
1884 1049 2015 1079 profunde
2029 1048 2158 1080 sapientie

291 1102 320 1117 ac
336 1093 464 1117 claritatis
480 1094 591 1125 ingenue
608 1093 649 1116 vir
662 1101 673 1116 »
690 1093 804 1116 Thomas
821 1093 852 1116 de
868 1093 1012 1116 Courcellis
1028 1092 1128 1123 recepit
1145 1092 1178 1115 ab
1194 1092 1370 1115 Universitate
1386 1100 1477 1115 curam
1493 1093 1519 1115 S.
1537 1092 1654 1115 Andreae
1669 1093 1738 1115 infra
1754 1101 1843 1115 muros
1859 1093 2002 1116 Parisiens.
2019 1095 2156 1123 (Auctar.‚

290 1139 324 1171 11,
338 1147 364 1170 p.
377 1139 431 1167 844,
448 1139 471 1168 9,
488 1139 527 1168 25,
543 1141 568 1161 et
580 1138 676 1162 Partis
690 1139 735 1162 des
750 1138 837 1168 pieces
852 1142 876 1162 et
890 1142 964 1162 actes
979 1137 1030 1168 qui
1044 1141 1214 1161 concernent
1229 1137 1318 1161 l'estat
1333 1138 1365 1161 de
1380 1137 1557 1161 l'Universize‘
1568 1138 1600 1160 dc
1615 1137 1707 1168 Paris,
1724 1145 1776 1160 rec.
1790 1138 1818 1167 X,
1833 1137 1899 1160 alias
1915 1138 1957 1167 IX,
1975 1146 2002 1169 p.
2018 1139 2067 1168 28).

290 1292 434 1329 2674.
463 1302 637 1328 Universitas
657 1301 801 1328 deliberat
819 1310 850 1327 se
870 1310 1071 1337 processuram
1093 1301 1230 1327 adversus
1255 1300 1391 1326 abbatem
1413 1304 1441 1326 et
1463 1304 1626 1326 conventum
1648 1302 1675 1327 S.
1692 1301 1831 1336 Dionysii,
1853 1300 1929 1336 quod
1947 1310 2019 1327 unus
2040 1310 2077 1327 ex
2096 1303 2156 1337 ejus

376 1351 520 1386 religiosis
534 1355 633 1377 contra
647 1360 728 1377 usum
740 1351 878 1377 hactenus
890 1351 1069 1377 observatum
1081 1351 1208 1376 voluerat
1220 1350 1336 1376 visitare
1344 1359 1549 1386 pergamenum
1562 1350 1590 1375 in
1598 1350 1811 1385 praejudicium
1822 1351 1963 1376 rectoriae
1975 1355 2001 1376 et
2012 1350 2156 1377 libertatis

387 1401 596 1427 Universitatis.
617 1402 703 1426 Immo
727 1401 982 1437 pergamenas-ium
999 1401 1130 1436 juratum
1155 1399 1268 1425 nomine
1296 1399 1436 1425 Theodot'
1464 1408 1478 1425 «
1507 1408 1559 1424 suo
1582 1400 1671 1432 officio
1694 1400 1722 1425 in
1744 1403 1912 1435 perpetuum
1937 1400 1999 1425 sine
2022 1399 2083 1426 ulla
2105 1410 2156 1436 spe

376 1449 572 1476 misericordie
584 1450 716 1486 privavit,
735 1454 762 1476 et
776 1454 806 1475 ut
820 1450 930 1475 cunctis
945 1454 1049 1486 pateat
1069 1453 1097 1475 et
1114 1449 1217 1475 ceteris
1231 1448 1316 1475 cedat
1331 1449 1360 1474 in
1379 1448 1549 1484 exemplum,
1568 1448 1691 1474 decrevit
1704 1452 1733 1474 ut
1747 1449 1776 1474 in
1790 1448 1950 1483 quadriviis
1966 1449 2156 1484 affigerentur

380 1499 480 1525 cedule
496 1499 525 1525 in
541 1500 644 1535 quibus
665 1499 875 1526 evidentissime
888 1503 1001 1525 notetur
1013 1499 1049 1525 de
1058 1499 1187 1535 perjurio
1202 1507 1226 1524 ».

1527 1534 1600 1563 1451,
1616 1534 1685 1559 dunii
1700 1534 1735 1564 79,
1754 1534 1869 1560 Parisiis.

379 1615 437 1639 Lib.
450 1622 568 1646 procur.
585 1620 646 1640 nat.
661 1616 761 1640 Gallie.
775 1616 801 1639 in
816 1616 893 1639 Arch.
910 1615 988 1639 Univ.
1005 1615 1101 1644 Paris„
1118 1616 1181 1646 ch.
1196 1615 1218 1644 1,
1236 1615 1281 1638 sol.
1299 1614 1364 1639 137‘2.
1379 1628 1409 1631 —
1425 1614 1490 1637 Bm„
1504 1614 1534 1643 V,
1548 1615 1601 1643 558,
1615 1622 1755 1644 perperam
1771 1614 1812 1636 die
1828 1615 1857 1637 20
1870 1615 1931 1638 Jun.
1948 1614 2036 1638 citato.
2054 1615 2089 1638 De
2105 1615 2153 1638 hoc

286 1659 364 1683 etiam
385 1659 410 1682 iu
430 1662 559 1690 Auctclr„
579 1661 610 1688 ll,
634 1669 660 1692 p.
681 1662 734 1688 855,
752 1662 766 1684 4
785 1669 856 1692 sqq.;
879 1662 933 1689 858,
949 1661 989 1691 29,
1002 1663 1050 1684 etc.
1072 1660 1122 1683 Sed
1141 1660 1195 1691 jam
1214 1668 1256 1683 an.
1274 1660 1333 1682 1448
1350 1659 1381 1682 (le
1397 1659 1478 1682 simili
1496 1667 1577 1681 causa
1596 1662 1682 1681 rector
1698 1662 1723 1681 et
1743 1659 1908 1682 Universitas
1925 1663 2015 1682 contra
2031 1660 2152 1683 abbatem

285 1704 493 1729 insurrexerunt.
508 1705 564 1728 Vid.
577 1707 709 1734 Auctar.,
722 1706 753 1733 ll,
770 1714 797 1736 p.
810 1706 863 1735 732,
875 1706 917 1733 41;
933 1706 986 1733 733,
1001 1707 1025 1735 55
1041 1706 1093 1734 73⁷1,
1106 1705 1148 1733 ’16;
1166 1706 1220 1733 736,
1237 1705 1275 1728 27.
1292 1705 1354 1727 Post
1365 1704 1473 1735 longam
1489 1703 1709 1735 disceptationem
1723 1707 1808 1727 rector
1819 1704 1924 1727 tandem
1940 1704 2072 1735 cognovit,
2085 1704 2152 1736 inju-

285 1749 353 1772 riam
367 1749 540 1773 Universitati
556 1750 658 1773 illatam
674 1751 706 1773 ab
723 1750 818 1774 abbate
832 1750 913 1773 fuisse
929 1750 1059 1773 modicam
1076 1751 1138 1780 (738,
1155 1750 1183 1772 22
1198 1767 1204 1773 .

378 1826 403 1851 1.
419 1826 483 1850 Julii
500 1828 512 1850 7
529 1826 610 1850 alium
625 1827 704 1850 ctiam
719 1827 963 1858 pergamenarium,
976 1827 1061 1858 Dupet
1074 1826 1187 1855 nomine,
1200 1825 1317 1857 privavit
1333 1826 1471 1856 (Auctar.,
1488 1825 1520 1855 ΙΙ,
1536 1834 1563 1856 p.
1580 1826 1633 1854 856,
1649 1826 1697 1855 26).

285 1980 430 2018 2675.
454 1991 592 2017 Nicolaus
612 1992 635 2017 V
646 1990 826 2017 cardinalem
845 1990 1024 2017 Guillelmum
1040 1990 1075 2016 de
1090 1989 1281 2016 Estontevilla
1302 1989 1429 2024 legatum
1445 1989 1474 2014 in
1490 1989 1614 2014 Francia
1628 1988 1714 2013 mittit
1730 1988 1812 2022 eique
1830 1988 2062 2022 reformationem
2084 1989 2148 2014 Uni·

374 2041 538 2066 versitatum
553 2041 712 2066 committit.

1496 2074 1568 2103 1451,
1584 2073 1692 2106 Augusti
1703 2074 1746 2103 27,
1762 2074 1863 2099 Romae.

373 2156 557 2198 Nicotaus,
580 2164 647 2189 etc.
675 2157 816 2190 Dilecto
843 2157 917 2190 filio
940 2156 1137 2191 Guillelmo
1166 2156 1216 2189 tit.
1246 2155 1365 2189 Sancti
1387 2154 1531 2187 Martini
1561 2154 1598 2186 in
1625 2152 1812 2185 Montibus
1842 2153 2046 2197 presbitero
2073 2166 2148 2186 car-

284 2222 395 2255 dinali
421 2223 465 2256 de
494 2224 749 2258 Estoutevilla¹
789 2224 989 2269 apostolice
1018 2224 1118 2257 sedis
1144 2223 1277 2269 legato,
1306 2222 1473 2263 salutem,
1495 2227 1562 2253 010.
1591 2221 1680 2254 011111
1705 2226 1737 2252 10
1757 2220 1801 2252 ad
1823 2231 1975 2265 regnum
2000 2221 2148 2254 Francie

759 2252 766 2267 7

284 2302 350 2334 pro
374 2290 475 2323 illius
500 2303 586 2336 pace
612 2298 646 2324 et
674 2292 933 2337 tranquillitate
959 2291 1232 2336 consequendis
1258 2290 1416 2335 legatum
1448 2294 1613 2321 nostrum
1640 2287 1684 2320 de
1714 2287 1825 2319 latere
1853 2293 2019 2332 tanquam
2051 2289 2164 2333 pacis*

282 2357 451 2402 angelum
478 2358 522 2390 de
547 2359 696 2392 fratrum
727 2366 934 2392 nostrorum
963 2366 1085 2392 sancte
1112 2360 1213 2391 Rom.
1242 2357 1398 2390 ecclesie
1426 2354 1662 2388 cardinalium
1693 2353 1849 2386 consilio
1880 2355 2149 2398 presentialiter

285 2424 543 2467 destinemus2,
567 2433 613 2467 et,
638 2426 731 2459 sicut
751 2427 971 2472 accepimus,
994 2426 1118 2459 Studia
1144 2424 1331 2471 generalia
1352 2423 1534 2457 civitatum
1563 2428 1598 2454 et
1622 2421 1786 2453 locorum
1812 2421 1903 2453 infra
1929 2428 2023 2454 tuam
2050 2422 2148 2467 lega-

284 2492 418 2524 tionem
436 2493 715 2526 consistentium
734 2506 773 2527 ac
790 2494 956 2539 Collegia
972 2494 1009 2526 in
1031 2494 1084 2526 eis
1105 2493 1264 2533 fundata,
1288 2503 1433 2524 necnon
1455 2489 1620 2534 Capitula
1643 2487 2014 2532 metropolitanarum,
2034 2489 2148 2522 cathe-

283 2559 436 2592 dralium
468 2566 503 2593 et
531 2560 804 2606 collegiatarum
831 2561 1067 2594 ecclesiarum
1101 2572 1139 2593 ac
1175 2558 1493 2598 monasteriorum,
1528 2562 1595 2588 tam
1625 2555 1785 2588 virorum
1821 2567 1926 2599 quam
1955 2556 2146 2589 mulierum

282 2626 462 2659 Ordinum
484 2639 798 2673 quorumcunque,
823 2635 890 2661 tam
918 2628 1202 2661 Mendicantium
1225 2638 1330 2671 quam
1353 2625 1458 2657 etiam
1486 2635 1559 2656 non
1581 2621 1864 2655 Mendicantium
1890 2630 2091 2656 conventus
2114 2631 2148 2657 et

281 2693 371 2735 loca,
395 2700 463 2727 tam
490 2695 583 2727 circa
609 2695 756 2728 illorum
783 2703 926 2738 statuta,
954 2695 1249 2735 constitutiones,
1277 2692 1540 2731 ordinationes,
1571 2690 1661 2722 ritus
1688 2696 1723 2721 01
1748 2688 2011 2731 observantias,
2041 2703 2145 2735 quam

281 2760 426 2793 illorum
454 2762 662 2807 singulares
688 2775 866 2808 personas
892 2775 930 2796 ac
957 2763 1044 2796 alias
1070 2761 1278 2795 visitatione
1305 2766 1339 2792 01
1364 2757 1621 2791 reformatione
1648 2755 1952 2800 quamplurimum
1979 2756 2146 2802 indigere

282 2835 516 2861 noscuntur:
545 2841 613 2862 nos
641 2829 684 2862 de
715 2830 1044 2875 circumspectione
1077 2836 1133 2862 tua
1163 2829 1200 2860 in
1229 2826 1352 2860 arduis
1383 2826 1508 2870 sepius
1540 2822 1772 2868 comprobata
1806 2823 2000 2867 plurimum
2035 2826 2147 2858 confi-

283 2895 423 2937 dentes,
451 2897 663 2930 auctoritate
693 2898 892 2942 apostolica
920 2898 1012 2930 dicta
1043 2896 1226 2942 legatione
1263 2894 1414 2927 durante
1437 2891 1581 2937 singula
1607 2890 1740 2932 studia,
1769 2889 1948 2935 Collegia,
1979 2892 2146 2936 capitula,

405 2957 469 2974 *M*
488 2955 584 2979 Chart.
608 2955 686 2980 Univ.
705 2956 800 2980 Paris.
818 2957 860 2979 IV.
1995 2949 2025 2972 89
