2502 3418
413 345 431 377 ‚Lx

436 347 454 377 0!

505 431 603 458 Frater
616 431 763 458 Johannes
776 431 857 458 Parvi
873 432 1025 461 Johannis,

502 480 632 506 Nicolaus
647 481 738 509 Baest.

988 356 1306 379 CHARTULARIUM
1342 356 1532 379 UNIVERS.
1569 357 1699 379 PARls.

1296 496 1331 500 ἱ

1284 432 1338 458 sub
1353 432 1474 458 domino
1506 432 1604 459 Erveo.

1504 483 1672 515 preceptore
1687 482 1713 508 S.
1731 482 1880 508 Johannis.

501 530 632 556 Nicolaus
647 530 781 560 Britonis,
1503 532 1682 564 preceptore.

503 579 678 606 Guillelmus
693 579 831 608 Estocart.
1501 580 1652 606 Anthonio
1667 580 1703 606 de
1718 580 1823 606 Lauco.

505 629 604 655 Petrus
620 628 788 661 Maugeriif»,
1644 629 1683 654 id.

504 678 645 704 Robertus
657 677 693 704 de
705 677 832 711 Campis,
1502 678 1601 704 Erveo.

503 728 629 753 Thomas
643 727 774 756 JosseIin,

503 777 678 803 Guillelmus
693 776 818 805 Blumel,

504 826 676 852 Foucaudus
690 826 726 852 de
741 825 873 854 BacoueL

504 877 604 902 Petrus
618 875 654 901 de
667 875 772 903 Arinis.

1502 727 1538 753 de
1551 727 1726 760 Latigniaco.

1502 776 1569 802 Joh.
1584 776 1716 803 Huberti.

1503 826 1594 852 Erveo
1610 826 1772 852 Poichardi.

1505 876 1571 902 Joh.
1589 875 1722 901 liuberti.

505 925 570 951 Joh.
587 925 623 951 dc
638 924 788 954 Pressiaeo,
1504 924 1665 950 Anthonio.

504 975 679 1002 Guillelmus
694 973 861 1003 Rousseleti,
1505 973 1531 1000 S.
1548 973 1677 1000 Taurini.

504 1026 605 1051 Petrus
621 1022 810 1051 Salomonis⁷‚
1505 1023 1622 1049 Levino.

504 1073 644 1100 Iienricus
659 1073 826 1101 Thevenon,

503 1123 650 1149 Johannes
664 1122 690 1148 le
706 1121 868 1151 Boicherat,

1505 1072 1542 1098 de
1556 1072 1732 1106 Latigniaco.

1506 1121 1596 1148 Erveo
1612 1121 1772 1148 Poichardi.

2176 343 2277 382 [1426

503 1173 650 1198 Johannes
665 1171 803 1201 Anselini.
1507 1171 1668 1198 Anthonio.

503 1221 664 1248 aichardus
679 1221 769 1249 Deae.
1508 1219 1736 1247 conservatore&

502 1272 650 1297 Johannes
665 1270 766 1299 Voleti.
1508 1270 1625 1296 Levino.

503 1320 634 1346 Matheus
649 1318 789 1349 Redobtd,

503 1370 651 1396 Johannes
665 1369 692 1395 le
707 1367 796 1398 Delie,

1504 1320 1672 1353 preceptore
1688 1319 1728 1352 [S.
1743 1317 1905 1354 JohannisJ.

1507 1369 1534 1395 S.
1548 1368 1679 1395 Taurini.

1296 546 1334 1388 111111111111111111

1394 546 1435 1388 111111111111111111

1319 1418 1372 1454 [28]

507 1482 615 1504 Memor.
633 1481 682 1504 sac.
696 1481 802 1511 decret„
820 1481 840 1510 1,
854 1481 900 1504 sol.
913 1481 952 1504 80.
966 1494 994 1498 -
1009 1481 1159 1510 memuza,
1174 1482 1214 1505 La
1226 1481 1332 1511 saculte'
1342 1482 1376 1505 de
1391 1482 1491 1510 decret,
1508 1489 1534 1512 p.
1549 1481 1604 1504 276.

506 1539 530 1563 1.
549 1539 596 1562 An.
617 1539 687 1568 1424,
709 1538 775 1570 Aug.
791 1539 829 1568 11,
845 1538 906 1562 Joh.
922 1539 953 1562 de
969 1538 1126 1569 Servavssla,
1143 1539 1225 1562 abbas
1242 1539 1269 1562 S.
1286 1538 1412 1570 Crispini,
1427 1539 1573 1562 translatus
1588 1541 1628 1562 est
1645 1538 1678 1562 ad
1695 1537 1830 1562 abhatiam
1846 1539 1873 1562 S.
1892 1538 2001 1562 Taurini
2020 1537 2173 1562 Ebroicens.
2196 1537 2283 1568 (Ar-ch.

414 1584 481 1613 Vnt„
493 1584 548 1612 xli,
560 1584 612 1613 121,
628 1592 654 1614 p.
667 1584 731 1613 178),
746 1592 788 1607 an.
803 1583 873 1612 1429,
888 1583 980 1607 Octob.
993 1584 1032 1612 21,
1047 1584 1080 1606 ad
1095 1584 1284 1607 monasterinm
1299 1584 1324 1607 S.
1340 1584 1424 1607 Mauri
1438 1584 1469 1607 de
1485 1583 1603 1607 Fossutis
1616 1583 1758 1613 (Ludovico
1771 1583 1803 1606 de
1813 1583 1968 1607 Castillione
1983 1582 2113 1606 translato
2125 1582 2158 1606 ad
2175 1583 2202 1607 S.
2215 1583 2284 1606 Tau-

413 1629 520 1658 rinum).
534 1628 591 1651 Vid.
607 1628 683 1657 ibid„
699 1637 726 1659 p.
741 1629 795 1657 244,
809 1631 834 1651 et
848 1628 912 1659 aeg.
927 1629 982 1651 Lat.
999 1629 1076 1652 Mart.
1087 1629 1117 1657 V,
1133 1637 1176 1652 an.
1190 1629 1228 1657 12,
1244 1628 1292 1652 lib.
1307 1630 1346 1657 95,
1364 1629 1409 1652 sol.
1425 1629 1479 1656 169,
1492 1631 1518 1651 et
1532 1628 1601 1651 infra
1617 1632 1646 1651 n⁰
1660 1629 1720 1651 2344
1738 1628 1780 1658 (cf.
1793 1627 1865 1652 Gall.
1876 1628 1982 1658 chri-sm
1996 1628 2050 1656 Vll,
2066 1628 2129 1658 300).
2153 1628 2200 1651 An.
2213 1627 2283 1657 1432,

415 1675 486 1705 Sept.
503 1674 540 1701 15,
557 1673 690 1696 Johannes
707 1673 738 1696 de
757 1673 905 1696 Servavilla
921 1683 934 1695 α
949 1673 982 1696 ab
998 1673 1069 1696 omni
1086 1673 1214 1704 regimine
1229 1676 1254 1696 et
1269 1673 1499 1696 administratione
1515 1673 1667 1696 monasterii
1684 1681 1714 1696 cx
1729 1672 1808 1696 certis
1824 1672 2029 1696 rationabilibus
2044 1672 2132 1696 causis
2147 1672 2284 1704 depositus

414 1722 438 1742 et
454 1721 556 1741 amotus
571 1726 582 1741 ι)
600 1718 649 1741 snit
664 1718 738 1749 (Reg.
754 1718 810 1741 Lat.
826 1718 926 1749 Eugen.
943 1718 984 1746 lv,
1001 1726 1043 1741 an.
1061 1719 1083 1748 2,
1099 1718 1147 1742 lib.
1164 1719 1202 1747 24,
1220 1718 1265 1741 sol.
1279 1719 1329 1749 96).
1344 1732 1375 1736 —
1396 1717 1420 1743 2.
1438 1719 1486 1742 An.
1507 1718 1575 1748 1449,
1598 1718 1659 1742 Jun.
1682 1718 1721 1747 27,
1737 1717 1818 1749 episc.
1835 1717 2057 1741 Autissiodorens.
2078 1717 2163 1747 (Gall.
2177 1717 2284 1748 chrisa,

415 1764 467 1790 ΧΠ,
484 1764 549 1793 329).
566 1776 596 1781 -
610 1762 634 1788 3.
654 1763 713 1787 Joh.
730 1763 761 1786 de
780 1763 904 1787 Brecons.
921 1763 1063 1786 Formam-:n
1080 1771 1086 1787 ε
1103 1773 1116 1785 α
1133 1763 1246 1795 Alcbeya
1259 1772 1281 1787 ».
1297 1777 1323 1781 —
1338 1763 1362 1788 k.
1379 1764 1426 1787 An.
1443 1763 1513 1792 1435,
1530 1763 1663 1794 Septemb.
1681 1763 1719 1793 23,
1736 1762 1877 1794 episcopus
1886 1763 2023 1792 Meldens„
2035 1771 2083 1794 per
2097 1765 2208 1786 mortem
2223 1762 2282 1787 Joh.

414 1817 425 1831 «
444 1808 530 1832 Boerii
545 1816 566 1836 n,
588 1808 605 1831 i.
622 1816 644 1831 e.
660 1808 749 1839 Boury
764 1808 850 1839 (Arch.
864 1808 922 1831 Vnt.
936 1808 1035 1840 Oblig.,
1050 1812 1078 1831 n⁰
1094 1809 1132 1836 66,
1146 1809 1192 1832 sol.
1209 1808 1270 1838 31¹³),
1286 1816 1328 1832 an.
1346 1809 1416 1838 1439,
1429 1808 1522 1832 Octob.
1536 1809 1560 1838 9,
1572 1808 1694 1833 translat.
1711 1808 1744 1831 ad
1760 1808 1849 1831 sedem
1864 1807 2016 1831 Ebroicens.
2029 1807 2162 1837 (ibid.‚tol.
2174 1807 2237 1837 48b).
2249 1807 2284 1831 De

414 1854 469 1881 illo,
483 1853 570 1885 potius
583 1853 674 1884 Anglo,
690 1861 769 1885 quam
780 1853 953 1884 Francigena,
967 1853 1168 1882 anonumum,
1179 1853 1260 1878 Notes
1274 1860 1327 1878 sur
1338 1853 1498 1884 lesjuyes...
1510 1854 1543 1877 de
1557 1853 1667 1878 Jeanne
1681 1853 1773 1883 d'Arc,
1786 1861 1814 1884 p.
1825 1853 1856 1876 92
1867 1861 1942 1884 sq.—
1954 1852 1979 1878 5.
1991 1852 2133 1877 Guillelmo
2146 1852 2178 1876 de
2191 1852 2285 1884 Conty.

414 1912 444 1916 —
456 1898 480 1923 6,
499 1898 604 1922 Litteris
620 1897 689 1921 datis
705 1897 788 1929 April.
803 1897 842 1927 21,
859 1906 926 1921 anno
940 1897 1122 1921 verisimiliter
1136 1899 1206 1928 1425,
1222 1898 1388 1922 Universitas
1404 1906 1490 1929 papae
1505 1898 1673 1921 commendat
1686 1898 1791 1921 Petrum
1807 1897 1946 1929 Maugerii,
1962 1897 1988 1920 in
2001 1900 2051 1921 art.
2067 1905 2149 1928 mag„
2164 1896 2284 1929 proximo

414 1942 604 1966 licentiandum
617 1942 643 1965 in
659 1943 740 1972 decr.,
754 1945 953 1973 procuratorem
970 1943 1122 1974 generalem
1134 1943 1213 1967 Univ.
1229 1942 1255 1966 in
1271 1943 1344 1966 curiu
1360 1944 1487 1972 Romarm,
1503 1946 1528 1966 et
1545 1951 1556 1966 t(
1575 1943 1636 1974 quin
1652 1942 1741 1965 divino
1757 1942 1839 1966 cultui
1855 1942 1881 1965 in
1899 1945 1970 1965 statu
1984 1942 2164 1965 ecclesiastico
2180 1941 2287 1966 anhelat

416 1987 571 2019 mancipari,
585 1987 654 2019 quod
675 1987 796 2018 plenarie
816 1987 916 2018 absque
988 1987 1185 2018 dispensatione
1200 1987 1321 2019 nequiret
1336 1987 1481 2019 adimplere
1485 2004 1533 2016 .....
1554 1987 1775 2019 supplicationem
1790 1995 1899 2010 suarum
1918 1986 2092 2018 promotionis
2108 1990 2133 2010 et
2147 1986 2287 2018 dispensa-

413 2032 493 2055 tionis
508 2040 518 2055 »
533 2032 682 2063 benigniter
697 2031 813 2063 recipere
828 2031 946 2063 pontifex
958 2032 1092 2063 dignetur.
1106 2032 1231 2062 (Minuta
1245 2032 1270 2055 in
1287 2032 1363 2056 Areh.
1374 2035 1428 2056 nat.
1443 2032 1538 2061 Paris„
1555 2033 1578 2055 M
1590 2033 1642 2061 65⁸,
1657 2036 1684 2055 n⁰
1699 2033 1747 2063 62).
1760 2031 1926 2056 Universitas
1941 2031 2039 2055 ibidem
2053 2031 2108 2063 ejus
2121 2031 2285 2055 devotionem

415 2085 479 2108 erga
495 2080 613 2100 sanctam
635 2077 723 2100 sedem
745 2080 770 2100 et
792 2076 953 2108 intrepidum
969 2077 1055 2100 zelum
1069 2077 1169 2101 laudat.
1184 2091 1214 2095 —
1229 2076 1254 2102 7.
1273 2077 1301 2100 In
1323 2077 1393 2100 exitu
1408 2077 1540 2108 graduum
1562 2077 1639 2100 aulae
1657 2076 1799 2100 Purisiens.
1815 2076 1933 2108 episcopi
1948 2079 2010 2108 post
2023 2076 2166 2106 licentiam,
2182 2076 2288 2108 quando

415 2122 541 2145 licentiati
553 2121 748 2145 descendebant
763 2129 851 2144 coram
867 2121 1020 2145 doctoribus
1034 2121 1194 2152 astantibus,
1207 2122 1377 2151 furibundus,
1390 2122 1465 2145 vultu
1476 2122 1582 2153 turgido
1596 2125 1621 2145 et
1633 2121 1689 2145 sine
1702 2121 1789 2145 colore
1805 2121 1870 2145 dixit
1880 2121 1921 2145 his
1937 2124 1983 2145 aut
1997 2124 2036 2145 ter
2048 2121 2201 2145 doctoribus
2213 2129 2219 2144 z
2232 2130 2244 2144 (ι
2257 2121 2287 2146 Je

415 2175 479 2198 reny
491 2166 564 2195 Dieu,
582 2175 610 2190 ce
625 2174 690 2190 vous
706 2166 802 2190 n'estes
818 2166 967 2190 mauvaises
983 2174 1048 2198 gens
1064 2170 1090 2190 et
1105 2170 1166 2190 toux
1180 2167 1294 2196 lari-ons,
1310 2170 1335 2190 et
1349 2168 1411 2190 aves
1428 2167 1527 2190 venduz
1543 2167 1581 2190 les
1597 2166 1667 2190 lieux
1682 2174 1705 2190 ».
1721 2166 1881 2190 Conclusam
1896 2169 1937 2190 est
1951 2169 1980 2189 ut
1994 2169 2133 2197 caperetur
2146 2169 2171 2189 et
2185 2165 2211 2189 in
2229 2174 2286 2189 car-

415 2219 487 2235 ceres
510 2211 580 2242 regis
601 2211 757 2234 mitteretur.
779 2211 829 2234 Sed
855 2211 978 2237 latitavit.
1003 2212 1181 2235 intercedente
1209 2211 1411 2243 archiepiscopo
1435 2212 1621 2243 Rotomagem,
1647 2211 1708 2235 Maii
1736 2211 1773 2239 11,
1802 2211 1878 2234 venia
1903 2219 1982 2243 quam
2006 2211 2099 2235 Petrus
2123 2219 2138 2234 a
2163 2211 2289 2234 facultate

415 2256 537 2287 petierat,
552 2264 677 2279 concessa
692 2259 732 2279 est
747 2256 842 2285 (Mem,
858 2256 902 2280 rol.
916 2257 965 2285 80).
976 2257 1025 2280 An.
1041 2256 1111 2285 1440,
1127 2264 1185 2279 cum
1200 2259 1270 2280 esset
1284 2265 1343 2280 can.
1356 2260 1381 2280 et
1395 2256 1598 2280 archidiaconus
1614 2256 1645 2279 de
1661 2257 1697 2280 La
1710 2255 1813 2279 Riviere
1831 2256 1895 2281 eccl.
1913 2256 2067 2286 Senonens„
2082 2255 2203 2279 adhaesit
2217 2255 2287 2279 auti-

417 2309 503 2332 papae
518 2300 598 2324 Felici
613 2301 634 2324 V
649 2301 754 2332 (Suppl.
770 2301 870 2332 Eugen.
887 2301 929 2331 lv,
944 2305 972 2324 n⁰
984 2302 1038 2329 362,
1056 2301 1100 2325 sol.
1117 2301 1177 2330 53¹¹).
1191 2315 1222 2319 —
1236 2301 1261 2326 8.
1278 2301 1398 2325 Johanne
1413 2301 1523 2325 Huberti
1539 2302 1626 2326 (Mem.
1642 2302 1693 2325 sac.
1706 2301 1787 2331 decr.,
1803 2301 1823 2330 Ι,
1837 2301 1883 2324 fol.
1897 2302 1936 2330 75,
1952 2301 2002 2331 87).

418 2438 562 2475 2268.
590 2447 764 2473 Universitas
778 2446 874 2473 Paris.
893 2447 1019 2473 Mar-tino
1044 2448 1067 2473 V
1081 2447 1187 2473 iterato
1202 2447 1358 2473 ¹Iohannem
1376 2447 1462 2481 Boiri,
1481 2447 1595 2482 magist.
1613 2446 1698 2473 theol.
1718 2450 1745 2472 et
1761 2455 1825 2473 can.
1842 2446 1993 2481 Meldens.‚
2007 2455 2061 2483 pro
2076 2446 2199 2473 ecclesia
2214 2446 2287 2473 Mel-

505 2496 587 2522 densi
599 2500 717 2532 pastore
733 2496 837 2522 orbata
855 2500 885 2522 ut
901 2496 1065 2532 episcopum
1078 2496 1223 2532 proponit.
1241 2498 1296 2522 Per
1308 2498 1342 2523 36
1357 2505 1497 2522 annorum
1513 2495 1657 2522 curricula
1674 2496 1703 2522 in
1719 2496 1908 2522 Universitate
1923 2496 2019 2524 Paris.
2034 2499 2216 2522 conversatus
2228 2500 2287 2530 est,-

507 2546 568 2581 ejus
582 2545 729 2571 cumulata
744 2546 875 2579 scientia,
892 2546 966 2571 inter
980 2545 1099 2571 clericos
1118 2546 1317 2572 Universitatis
1332 2547 1457 2580 famata,
1475 2545 1556 2582 apud
1570 2549 1683 2572 exteros
1699 2545 1787 2571 etiam
1805 2549 1863 2571 tam
1879 2545 1999 2571 celebris
2014 2545 2117 2571 hahita
2133 2549 2184 2577 est,
2202 2545 2287 2571 atad

506 2595 611 2620 liberos
625 2595 719 2629 regios
735 2595 839 2621 litteris
854 2598 881 2621 et
901 2595 1026 2621 moribus
1043 2595 1220 2630 imbuendos,
1236 2595 1381 2621 multoties
1397 2599 1511 2621 vocatus
1532 2595 1631 2630 suerit,
1650 2598 1676 2621 et
1698 2603 1771 2620 nunc
1795 2594 1973 2620 Catharinae
1994 2594 2112 2629 reginae
2131 2594 2286 2629 Anglorum

509 2645 663 2670 instructor
676 2647 702 2670 el
718 2646 865 2678 confessor
879 2644 927 2670 sit.
953 2644 1089 2670 Canonici
1109 2644 1196 2670 etiam
1219 2644 1382 2671 Meldenses
1404 2644 1506 2670 saltem
1530 2644 1618 2670 tacite
1641 2648 1667 2670 el
1692 2644 1906 2680 interpretative
1929 2643 1958 2669 in
1981 2652 2044 2670 eum
2068 2643 2285 2670 inclinaverunt.

509 2703 522 2717 «
541 2694 661 2719 Certum
677 2693 829 2720 habemus.
848 2704 861 2717 n

1562 2730 1635 2759 7426,
1650 2730 1707 2755 dan.
1724 2729 1829 2762 9-ᾹρνῘΙ.
1844 2730 1870 2759 8,
1888 2729 2002 2755 Parisil‘s.

513 2790 626 2814 Minuta
641 2790 757 2814 chartae.
773 2790 798 2813 in
812 2791 890 2814 Arcb.
903 2794 956 2814 nat.
971 2791 1065 2820 Paris.,
1079 2792 1104 2815 M
1117 2793 1168 2821 05⁸,
1181 2796 1209 2815 n⁰
1219 2792 1242 2816 2.
1255 2806 1282 2809 -
1293 2792 1352 2815 Jan.
1369 2793 1383 2815 9
1397 2791 1509 2816 Roberto
1522 2791 1554 2815 de
1569 2791 1672 2815 Gireme
1687 2791 1812 2822 episcopo
1828 2791 1854 2814 in
1870 2790 2022 2822 captivitate
2037 2790 2148 2814 Londini
2164 2790 2286 2814 defuncto

423 2834 485 2863 (vid.
501 2843 527 2865 p.
544 2836 598 2863 389,
613 2836 686 2864 noh),
705 2835 832 2858 Martinus
846 2836 866 2858 V
886 2844 953 2859 anno
969 2837 1069 2867 eodem,
1086 2837 1169 2868 April.
1185 2838 1207 2866 8,
1223 2837 1370 2860 Johannem
1385 2846 1398 2858 α
1412 2836 1491 2868 Boiry
1504 2846 1517 2857 »
1532 2836 1558 2859 in
1577 2836 1730 2867 episcopum
1747 2836 1872 2859 Meldens.
1892 2835 1980 2867 elegit.
2000 2835 2059 2859 Vid.
2075 2843 2157 2866 supra
2171 2839 2201 2858 n⁰
2215 2836 2285 2864 2053,

422 2879 475 2902 vid.
492 2882 545 2902 not.
562 2880 584 2902 3.
607 2880 635 2902 In
662 2880 736 2903 Gall.
756 2879 862 2909 christ„
877 2880 944 2911 Vlll,
961 2881 1029 2909 1639,
1047 2881 1174 2904 scribitur
1190 2890 1201 2904 «
1219 2882 1250 2905 de
1266 2881 1346 2905 Briou
1360 2889 1382 2911 »,
1399 2889 1457 2904 cum
1473 2880 1538 2904 alibi
1554 2882 1638 2904 forma
1658 2880 1771 2904 nominis
1793 2881 1846 2904 sere
1866 2888 1970 2911 semper
1985 2889 1998 2902 a
2012 2879 2083 2903 Boii-i
2100 2889 2122 2909 »,
2139 2889 2152 2902 α
2165 2879 2245 2911 Boiry
2262 2889 2284 2908 a,

423 2933 436 2944 α
450 2924 536 2954 Boury
549 2933 561 2944 »
578 2927 707 2947 occurrat.

545 2969 584 2991 57.
