2502 3418
256 361 417 398 1430-31]
598 373 643 394 AB
678 372 779 394 ANNO
814 369 1104 393 MVCCCLXXXXIV
1141 369 1271 397 USQUE
1306 369 1355 390 AD
1389 369 1528 390 ANNUM
1565 369 1771 391 MCCCCLll.
2056 354 2123 393 517⁴

258 488 403 526 2375.
433 498 607 524 Universitas
621 497 722 523 scribit
736 496 860 522 Iohanni
875 496 910 521 de
925 495 1132 529 Luxemburgo,
1152 494 1265 520 ductori
1286 493 1429 519 exercitus
1445 492 1526 518 ducis
1545 493 1738 527 Burgundiae,
1758 493 1853 519 eodem
1875 494 1956 520 modo
1977 498 2031 530 Quo
2053 495 2120 521 duci

343 547 539 581 Bur-gundiae.
558 547 678 581 Escript.
697 556 710 570 «
726 546 826 572 Vostre
842 545 928 571 noble
943 544 1092 578 prudence
1107 554 1131 569 ».
1644 578 1648 583 ⁵
1779 579 1783 584 ἰ
1803 579 1816 583 ..

640 589 645 592 -
1427 578 1503 608 1430,
1522 580 1582 604 ante
1596 578 1659 603 duln'
1672 578 1707 607 14,
1724 579 1837 604 Pamsus.

349 671 373 694 J.
389 670 558 699 Qummzmvr,
572 670 682 697 Preces,
697 670 717 698 1,
733 677 759 700 p.
777 669 815 692 10.
832 682 863 686 -
878 669 984 691 VALLET
999 675 1034 691 DE
1050 668 1200 696 mevxrmn,
1216 667 1326 694 Preces,
1343 674 1370 697 p.
1389 667 1412 689 7.
1422 680 1453 684 —
1470 666 1569 689 Unicus
1580 666 1661 689 codex
1671 666 1864 694 Aurelianens.,
1879 674 1946 689 nunc
1959 667 2122 697 deperditus,

255 718 343 738 notam
361 715 488 746 temporis
503 714 596 738 affert:
615 723 626 737 (ι
643 713 748 744 Escript
763 713 777 737 ἑ
792 713 866 736 Paris
882 713 906 735 le
924 711 1116 743 quutorziesme
1129 711 1189 742 jour
1205 711 1236 733 de
1251 710 1343 733 Juillet
1357 710 1403 733 mil
1419 714 1511 742 quatre
1527 719 1587 734 cens
1603 714 1688 734 trente
1706 719 1727 733 )).
1746 711 1813 734 Haec
1829 714 1916 733 tamen
1932 711 2032 734 additio
2046 711 2122 734 nohis

256 760 398 783 admodum
412 762 535 790 suspecta
550 758 662 781 videtur.
674 757 839 781 Universitas
851 760 913 780 tunc
927 756 1055 788 temporis
1068 755 1188 787 epistolis
1207 755 1261 778 suis
1278 755 1368 786 utique
1384 755 1541 786 quandoque
1556 755 1624 778 diem
1640 755 1737 778 mensis
1754 755 1882 786 adjunxit,
1894 755 1938 778 sed
1950 755 2124 779 communiter

257 803 312 826 sine
334 803 465 826 mentione
486 802 557 826 unni.
577 803 609 826 Et
633 802 655 825 si
674 802 743 825 diem
758 801 856 824 mensis
877 801 1016 832 expressit,
1035 808 1147 831 semper,
1170 800 1263 822 saltem
1279 799 1305 822 in
1324 799 1444 830 epistolis
1465 808 1531 831 quae
1549 800 1646 822 missae
1669 801 1774 822 suerunt
1788 799 1972 830 (communiter
1993 800 2072 823 etiam
2097 800 2123 823 in

257 848 397 877 minutis).
412 847 540 879 adjunxit,
554 847 580 869 in
596 855 648 878 qua
667 846 872 877 congregatione
886 847 920 875 (v.
937 854 963 876 g.
977 845 1049 876 apud
1063 845 1089 868 S.
1104 844 1284 873 Maturinum),
1304 844 1417 875 epistola
1437 845 1536 875 scripta
1557 844 1643 867 suerit.
1661 845 1696 868 Ut
1711 844 1860 875 opinamur,
1878 844 2005 875 temporis
2028 848 2089 867 nota
2110 853 2124 867 a

257 893 371 923 quodum
382 895 472 923 postea
486 892 609 922 adjuncta
619 894 667 919 est,
681 891 724 922 qui
741 891 850 919 sciebat,
862 891 967 913 Petrum
984 890 1106 913 Cauchon
1119 889 1260 920 epistolam
1275 889 1328 911 Jul.
1343 889 1372 911 14
1388 889 1543 920 Compendii
1556 892 1749 920 praesentasse.
1762 889 1835 912 Sicut
1849 889 2009 920 praecedens
2026 889 2124 920 scripta

257 940 297 960 est
312 945 342 960 ea
358 936 470 968 epistola
483 939 543 959 ante
554 936 618 959 Jnlii
634 936 673 959 14.
687 935 745 959 Vid.
762 935 827 959 ibid.
842 938 940 958 notam,

260 1102 404 1139 2376.
433 1111 618 1140 Universitas.
636 1111 768 1147 episcopo
782 1110 949 1136 Betvacensi
963 1111 1007 1144 (P.
1026 1109 1169 1143 Cauchon)
1183 1109 1320 1143 scrihenS,
1335 1110 1458 1135 miratur
1468 1109 1678 1146 expeditionem
1691 1110 1810 1136 Puellae
1824 1119 1838 1136 e
1851 1111 1983 1136 manibus·
1997 1111 2072 1146 regis
2088 1111 2128 1137 ad

340 1160 572 1196 jurisdictionem
588 1160 815 1186 ecclesiasticam
831 1163 914 1185 tanta
930 1159 1145 1195 exspectatione
1156 1158 1315 1194 protelari;
1331 1159 1358 1184 si
1376 1158 1508 1185 Cauchon
1523 1159 1690 1194 diligentior
1703 1160 1818 1194 ficisset,
1836 1161 1977 1195 nuncjam
1993 1161 2022 1186 in
2037 1161 2128 1187 eccle-

347 1210 468 1235 siastico
486 1209 599 1244 judicio
626 1218 717 1234 causa
744 1213 888 1243 ageretur.
914 1208 1060 1242 Elaboret,
1085 1211 1227 1243 quatenus
1246 1207 1350 1233 Puella
1372 1208 1400 1233 in
1420 1207 1557 1234 ditionem
1577 1217 1659 1234 suam
1684 1213 1771 1244 atque
1795 1209 1975 1245 inquisitoris
1999 1209 2130 1236 celeriter

348 1259 520 1292 remittatur,
539 1262 566 1284 et
581 1258 685 1284 deinde
701 1258 729 1284 in
744 1258 840 1284 urbem
854 1258 950 1283 Paris.
971 1266 986 1283 «
1004 1257 1052 1283 ubi
1067 1257 1230 1293 sapientum
1246 1261 1272 1283 et
1288 1257 1464 1282 eruditorurn
1480 1257 1612 1293 copiosus
1626 1267 1760 1283 numerus
1776 1262 1819 1284 est
1832 1268 1856 1291 ιν,
1871 1262 1982 1285 mature
1993 1259 2126 1286 ducatur.

350 1308 496 1341 Scriptum
508 1307 630 1333 Parisius
640 1308 671 1333 in
683 1309 779 1334 nostra
790 1307 1015 1340 congregatione
1025 1307 1151 1340 generali
1209 1306 1256 1333 die
1268 1307 1314 1340 xxj
1330 1307 1436 1333 mensis
1447 1307 1513 1332 Nov.
1521 1327 1527 1336 ,
1538 1315 1616 1333 anno
1630 1308 1748 1333 Domini
1762 1308 1917 1334 millesimo
1930 1308 2019 1343 CCCC
2028 1309 2125 1335 XXX0.

351 1367 364 1380 κ
381 1357 531 1386 Miramur,
547 1364 605 1383 rev.
622 1358 704 1390 pater
718 1367 742 1383 n.
758 1356 920 1392 Epistolam
936 1356 1188 1391 subscripserant:
1204 1355 1295 1382 Vestri
1311 1357 1404 1382 rector
1417 1358 1446 1382 et
1460 1356 1634 1382 Universitas
1647 1356 1735 1382 studii
1748 1357 1832 1383 Paris.
1855 1357 1956 1382 Scriba
1972 1367 1980 1382 .·
1997 1358 2124 1384 HEBERT.

1432 1446 1506 1475 7430,
1519 1446 1664 1472 Novembris
1675 1447 1713 1476 21,
1730 1447 1843 1473 Parisiis.

354 1533 522 1562 chmznxr,
536 1533 647 1563 Preces,
664 1534 683 1562 Ι,
702 1541 728 1564 p.
745 1533 784 1556 15.
799 1547 830 1550 —
845 1534 952 1556 VALLET
968 1541 1001 1556 DE
1017 1533 1167 1562 VmiwmAE,
1181 1534 1290 1563 Preces,
1307 1542 1334 1564 p.
1351 1534 1428 1559 12.-—
1444 1534 1551 1557 Interim
1566 1534 1636 1557 enim
1652 1534 1779 1558 Heni-icus
1796 1534 1905 1566 Angliae
1922 1543 1966 1558 rex
1981 1535 2129 1558 Johannam

262 1578 337 1600 d'Arc
352 1578 438 1608 pretio
452 1579 480 1600 10
491 1579 537 1600 000
553 1579 636 1601 franc.
653 1577 710 1600 auri
726 1586 739 1601 e
752 1578 874 1600 manibus
891 1577 964 1601 ducis
981 1578 1151 1608 Burgundiae
1167 1581 1191 1601 et
1205 1578 1333 1601 ,Iohannis
1347 1578 1378 1601 de
1392 1578 1576 1610 Luxemburgo
1591 1579 1663 1602 emit.

264 1744 408 1781 2377.
437 1754 611 1779 Universitas
627 1754 722 1779 Paris.
741 1755 863 1779 Henrico
879 1754 939 1788 regi
960 1754 1100 1779 Franciae
1117 1757 1143 1779 et
1158 1753 1282 1788 Angliae
1301 1754 1410 1789 scribit,
1427 1758 1457 1779 ut
1474 1754 1604 1780 Puellam
1621 1763 1686 1780 mox
1701 1754 1814 1789 judicio
1835 1755 2039 1789 ecclesiastico,
2064 1755 2082 1781 i.
2105 1764 2129 1781 e.

351 1802 484 1839 episcopo
497 1802 671 1837 Belvacensi,
690 1807 717 1829 et
732 1803 818 1828 etiam
835 1803 1000 1838 inquisitori
1011 1803 1151 1829 Franciae
1163 1803 1272 1829 tradat.
1289 1804 1457 1829 Conveniens
1472 1803 1581 1829 videtur
1592 1812 1654 1829 eam
1667 1804 1798 1829 Parisios
1810 1803 1884 1838 duci,
1901 1804 1998 1829 ubisit
2011 1813 2130 1838 magnus

352 1860 485 1877 numerus
501 1852 711 1886 magistrorum,
730 1851 875 1877 doctorum
892 1855 920 1877 et
932 1851 1055 1877 aliorum
1070 1851 1241 1877 notabilium
1258 1852 1388 1878 virorum.
1405 1853 1515 1886 Escript
1530 1851 1546 1878 1¹1
1561 1853 1638 1879 Paris
1653 1861 1689 1879 cn
1706 1855 1802 1879 nostre
1818 1854 2025 1886 congregation
2041 1861 2129 1886 gene-

354 1901 412 1927 rale
475 1901 501 1927 le
516 1901 654 1934 xxjssjour
668 1901 704 1927 de
718 1901 878 1927 Novembre
893 1901 929 1927 de
942 1902 999 1927 l'an
1015 1902 1067 1927 mil
1083 1901 1172 1927 CCCC
1186 1902 1261 1927 XXX
1276 1910 1281 1927 z
1303 1912 1316 1925 «
1332 1902 1408 1927 Nous
1428 1910 1516 1927 avons
1531 1902 1566 1928 de
1588 1903 1694 1928 nouvel
1710 1912 1734 1928 n.
1757 1902 1919 1937 Epis-totam
1935 1902 2108 1938 subscripsit
2123 1912 2129 1928 ε

354 1950 454 1976 Vostrc
467 1949 524 1976 tres
539 1950 663 1976 humble
675 1952 704 1976 et
718 1949 820 1976 devote
833 1950 892 1976 fille
906 1949 1086 1976 l‘Universite
1101 1950 1136 1976 dc
1150 1951 1236 1976 Paris.
1255 1950 1355 1976 Scriba
1368 1961 1376 1976 :
1390 1951 1517 1977 HEBERT.

1428 2040 1505 2069 7430,
1520 2039 1665 2066 Novembris
1678 2041 1716 2069 21,
1731 2041 1845 2066 Parisiis.

357 2109 526 2139 chnERAT,
542 2110 653 2139 Proces,
670 2110 689 2139 1,
705 2118 732 2141 p.
748 2110 786 2133 18.
798 2124 829 2127 -
844 2110 950 2133 VALLET
966 2117 999 2134 niz
1016 2110 1165 2139 VIRIVILLE,
1181 2110 1291 2139 Proces‚
1306 2119 1332 2141 p.
1352 2111 1388 2134 13.

265 2276 409 2312 2378.
433 2284 585 2310 Februarii
602 2286 636 2311 18
651 2286 838 2320 Rotomagum
858 2286 1033 2312 advenerunt
1052 2287 1185 2321 magistri
1205 2287 1330 2312 Parisiis
1350 2291 1417 2312 actu
1437 2291 1567 2321 regentes
1586 2287 1730 2312 Johannes
1751 2286 1970 2322 Pulchripatris,
1994 2288 2131 2313 Nicotaus

355 2333 441 2369 Midy,
461 2335 564 2359 Petrus
579 2334 723 2369 Maura-ii,
743 2334 862 2360 Thomas
879 2335 914 2361 de
933 2335 1096 2369 Courcellis,
1116 2336 1207 2361 vocati
1226 2346 1244 2361 a
1263 2345 1328 2370 rege
1347 2336 1470 2362 Heni-ico
1487 2336 1637 2370 Angliae‘,
1662 2340 1764 2361 etcum
1786 2336 1857 2372 ipsis
1877 2336 1931 2362 alii
1950 2337 2046 2371 etiam,
2065 2346 2131 2363 nam

355 2382 456 2408 Martii
475 2383 491 2409 4
515 2382 635 2408 Thomas
657 2382 769 2415 Blount,
795 2383 996 2409 thesaurarius
1016 2384 1134 2410 Ilenrici
1154 2385 1238 2419 regis,
1253 2385 1338 2419 jubet
1357 2386 1471 2410 Petrum
1493 2386 1619 2410 Surreau
1641 2389 1813 2420 receptorem
1838 2385 1944 2411 solvere
1964 2394 2019 2411 non
2040 2385 2131 2411 solum

355 2430 509 2466 unicuique
523 2439 613 2467 supra
626 2431 844 2466 nominatorum,
859 2432 912 2458 sed
923 2436 949 2458 et
963 2433 1069 2458 Jacobo
1083 2433 1118 2459 de
1133 2433 1256 2458 Turonia
1272 2434 1316 2467 [Ο.
1334 2433 1449 2468 [Minora]
1468 2437 1554 2468 atque
1573 2433 1693 2459 Gir-ardo
1709 2433 1830 2459 Fueillet
1846 2433 1890 2468 [O.
1906 2434 2020 2469 Minora]
2033 2435 2066 2461 20
2076 2434 2130 2460 sol.

356 2483 448 2505 turon.
461 2488 515 2515 pro
530 2479 652 2514 singulis
666 2480 767 2506 diebus
781 2481 929 2516 injudicio
946 2482 1093 2518 occupatis
1101 2481 1121 2508 2.
1139 2482 1277 2507 Eamdem
1290 2483 1445 2518 pecuniam
1462 2491 1480 2507 a
1494 2482 1568 2507 Maii
1581 2483 1597 2508 6
1610 2482 1717 2518 recepit
1734 2482 1900 2508 Guillelmus
1911 2483 2046 2510 Erardi3.
2064 2483 2132 2509 Uni-

355 2529 475 2554 versitas
489 2528 586 2555 Paris.
603 2532 698 2555 tamen
709 2533 827 2564 praeter
839 2530 890 2555 hos
898 2530 997 2566 plures
1014 2531 1050 2556 ab
1067 2531 1148 2556 initio
1163 2532 1349 2566 Rotomagum
1365 2531 1443 2556 misit
1453 2531 1470 2557 1.

1345 2620 1413 2650 7431,
1429 2620 1499 2646 Febr.
1517 2621 1647 2646 18-Martii
1660 2622 1683 2650 4,
1699 2621 1838 2653 Rotomagi.

359 2705 382 2729 1.
401 2706 513 2734 Lowm,
527 2706 696 2730 Recherches
712 2707 880 2737 historiques
889 2714 942 2732 sur
960 2708 1087 2734 Orbium,
1108 2708 1127 2736 Ι,
1148 2716 1174 2738 p.
1193 2708 1252 2739 2773
1269 2708 1437 2737 Quicni-:mn
1458 2709 1567 2737 Preces,
1588 2709 1616 2735 V,
1636 2717 1662 2739 p.
1684 2710 1729 2731 208
1749 2717 1789 2740 sq.
1804 2722 1835 2726 —
1850 2709 1875 2734 2.
1894 2709 2005 2737 Lon-m,
2024 2719 2051 2741 p.
2073 2711 2133 2738 255;

267 2749 435 2779 QUIanRAT,
447 2759 474 2781 p.
488 2751 532 2773 196
546 2759 584 2782 sq.
598 2751 675 2774 Mart.
688 2752 711 2779 4,
724 2751 806 2782 April.
818 2753 832 2774 9
843 2755 868 2775 et
879 2752 940 2775 Jun.
954 2752 981 2774 12
996 2752 1117 2783 magistri
1129 2760 1209 2783 supra
1221 2752 1348 2775 nominati
1359 2761 1387 2775 se
1397 2753 1537 2784 pecuniam
1552 2753 1686 2784 accepisse
1698 2757 1828 2776 testantur
1837 2755 1957 2782 (LOTTIN,
1968 2763 1995 2786 p.
2008 2755 2062 2783 269,
2075 2756 2133 2783 277;

268 2794 434 2823 chmfflAT.
451 2804 478 2826 p.
494 2796 548 2824 200,
565 2796 630 2824 207).
646 2795 778 2819 Johannes
794 2796 987 2827 Pulchripatris
1003 2800 1140 2828 praetcrea
1155 2797 1238 2828 April.
1254 2798 1266 2819 2
1287 2797 1386 2828 recepit
1404 2798 1434 2819 30
1450 2797 1498 2820 sol.
1517 2800 1569 2820 tur.
1591 2798 1624 2820 ud
1644 2798 1829 2821 sustentandos
1850 2799 1863 2821 3
1883 2806 1973 2830 equos,
1994 2807 2059 2830 quos
2079 2799 2134 2830 jum

270 2842 409 2870 antequam
426 2840 562 2863 adveniret
577 2840 750 2871 Rotomagum
767 2844 873 2870 emerat,
887 2844 916 2864 ut
924 2841 957 2864 ud
974 2841 1119 2864 Concilium
1134 2841 1438 2872 Basil.proficisceretur
1454 2842 1632 2870 (QfflanRAT,
1648 2851 1674 2873 p.
1690 2843 1734 2865 '198
1747 2844 1806 2874 ΒΨ).
1823 2843 1943 2866 Vicarius
1958 2839 2134 2875 inquisitoris,

271 2882 330 2906 Joh.
347 2883 476 2914 Magistri,
497 2883 527 2907 Ο.
548 2884 652 2913 praed„
664 2884 749 2915 April.
765 2885 794 2907 14
809 2885 907 2916 recepit
934 2886 963 2908 20
983 2885 1079 2908 salutiu
1095 2885 1152 2908 auri
1168 2886 1304 2917 assignata
1321 2885 1405 2916 (ibid.‚
1419 2894 1445 2917 p.
1462 2885 1599 2915 202).—3.
1611 2886 1668 2910 vid.
1684 2887 1852 2915 chnEnAT,
1868 2896 1894 2918 p.
1906 2888 1960 2911 205.
1977 2888 2071 2911 Ernrdi
2085 2888 2134 2911 hoc

271 2930 383 2950 testatur
398 2928 458 2952 Jun.
476 2929 498 2951 Β.
513 2941 544 2945 -
555 2927 579 2952 4.
596 2929 646 2951 Sed
661 2937 711 2951 non
724 2929 872 2952 invenimus
885 2929 981 2960 quibus
997 2930 1146 2960 stipendiis.
