2502 3418
258 339 354 377 1426]
608 352 654 374 AB
689 352 794 374 ANNo
828 351 1117 374 MCCCLxxxxiv
1150 350 1281 379 USQUE
1313 352 1360 372 AD
1395 351 1533 373 ANNUM
1568 352 1772 375 MCCCCLII.
2055 345 2118 378 447

255 439 366 473 super
393 427 673 473 dispensacione
705 426 878 471 temporis
907 425 1125 466 audicionis,
1154 432 1193 458 ut
1219 426 1331 458 eciam
1358 425 1553 458 bachalarii
1581 426 1798 460 licenciandi
1828 427 2007 473 eligerent
2033 441 2119 463 suos

258 495 453 540 magistros
475 494 543 527 sub
564 493 698 539 quibus
714 493 876 538 incipere
893 492 1119 526 volebant....

347 563 463 607 Super
484 562 600 607 primo
622 567 755 606 puncto
778 560 883 605 primi
904 559 1047 592 articuli
1068 560 1237 604 exposuit
1258 571 1322 604 pro
1345 566 1429 592 tunc
1454 560 1606 605 Egidius
1628 561 1805 602 Canivcti,
1830 561 1989 594 decanus
2010 563 2121 595 facul-

257 629 352 670 tatis,
371 629 469 674 quod
491 628 704 661 exhibuerat
720 627 863 660 officiali
884 627 1082 660 Parisiensi
1104 633 1139 659 et
1160 627 1333 672 magistro
1350 626 1505 660 Johanni
1524 628 1654 672 Loyer,
1677 628 1831 668 Gallico,
1850 629 1987 673 copiam
2011 636 2122 663 statu-

255 703 373 730 torum
395 695 575 729 facultatis
591 695 819 728 mencionem
840 694 1048 727 facientium
1070 694 1115 726 de
1137 700 1299 739 tempore
1321 694 1539 735 audicionis,
1562 706 1604 727 eo
1622 694 1719 738 quod
1737 694 1847 740 aliqui
1866 696 2120 740 magistrorum

255 763 435 797 facultatis
452 762 665 796 dubitabant
681 762 767 806 quin
785 761 895 804 aliqui
912 760 1131 794 licenciandi
1148 761 1359 806 indigerent
1375 761 1656 806 dispensacione
1674 762 1717 794 de
1733 769 1893 807 tempore
1906 763 2122 803 audicionis,

256 837 290 863 et
317 842 397 863 cuin
428 830 519 875 ipsis
546 829 760 874 dispensare
787 840 861 861 non
891 834 1071 873 poterant,
1104 839 1146 860 eo
1174 828 1272 872 quod
1307 828 1417 860 eciam
1452 828 1563 873 aliqui
1593 828 1754 861 scolares
1788 829 1955 862 volentes
1988 830 2122 863 intrare

256 909 403 931 examen
425 896 486 930 illa
508 896 788 941 dispensacione
810 894 1036 941 indigebant,
1059 895 1140 940 quia
1162 895 1304 928 notorie
1325 896 1468 928 fuerant
1489 902 1660 940 regentes
1682 896 1718 928 in
1743 896 1822 929 vico
1845 897 2034 930 Str-aminis
2061 910 2124 942 per

255 964 403 1010 aliquod
432 970 587 1009 ternpus.
615 964 658 996 Et
684 969 767 996 tunc
793 963 829 995 in
857 962 918 995 illa
944 963 1237 1007 congregacione
1263 962 1457 995 bachalarii
1486 963 1703 996 licenciandi
1730 963 1917 996 humiliter
1943 964 2124 1009 supplica-

254 1038 386 1065 verunt
405 1031 502 1076 quod
523 1042 602 1063 cum
620 1030 711 1075 ipsis
733 1029 1007 1074 dispensaretur
1029 1029 1072 1062 de
1091 1036 1253 1074 tempore
1274 1029 1479 1062 audicionis
1502 1030 1531 1062 si
1549 1030 1635 1063 etin
1653 1037 1825 1075 quantum
1844 1030 2124 1076 dispensacione

255 1099 477 1144 indigerent,
498 1097 542 1131 ad
558 1109 701 1130 omnem
724 1096 916 1137 cautelam3
936 1097 1033 1141 quod
1055 1097 1193 1129 eisdem
1211 1097 1278 1130 suit
1294 1109 1508 1130 concessum
1528 1109 1570 1129 ex
1589 1104 1686 1142 parte
1702 1097 1882 1131 facultatis
1899 1098 1935 1130 in
1952 1105 2123 1143 quantum

255 1172 395 1211 poterat
415 1177 494 1198 cum
521 1164 612 1210 ipsis
633 1164 860 1209 dispensare.
884 1164 974 1197 Cum
1002 1163 1207 1196 scolaribus
1234 1164 1346 1196 eciam
1372 1164 1556 1209 aliquibus
1580 1164 1789 1197 volentibus
1815 1165 1949 1197 intrare
1975 1177 2124 1198 examen

253 1233 528 1273 bachalariatus,
551 1231 691 1265 scilicet
712 1243 792 1264 cum
814 1231 998 1276 magistris
1021 1230 1205 1264 Florentio
1228 1231 1376 1274 Rogerii
1398 1238 1432 1264 et
1456 1231 1620 1264 Johanne
1647 1231 1776 1270 Amici,
1804 1232 1871 1264 fuit
1898 1232 2008 1265 eciam
2036 1245 2124 1265 con-

253 1300 413 1333 corditer
434 1299 684 1344 dispensatum
714 1310 779 1343 per
810 1310 950 1339 omnes,
981 1298 1125 1330 nemine
1161 1298 1416 1339 discentiente,
1450 1305 1597 1343 propter
1625 1299 1839 1343 paucitatem
1870 1305 1905 1331 et
1934 1300 2122 1344 penuriam

253 1367 526 1412 suppositorum
549 1365 743 1407 facultatis,
766 1365 848 1410 quia
874 1365 986 1398 eciam
1014 1365 1149 1409 reperti
1171 1365 1314 1398 fuerant
1337 1365 1374 1397 in
1403 1365 1508 1410 plena
1535 1365 1702 1398 facultate
1728 1365 1821 1398 bene
1843 1366 2065 1400 sufficientes
2092 1374 2126 1400 et

255 1434 405 1467 multum
427 1433 568 1466 habiles
589 1433 631 1466 ad
650 1432 927 1477 proficiendum.
945 1431 1150 1477 Abnegavit
1168 1439 1285 1465 tamen
1302 1432 1365 1465 illo
1384 1439 1467 1465 tunc
1484 1432 1634 1465 facultas
1651 1432 1721 1465 sibi
1740 1439 1952 1478 potestatem
1970 1433 2124 1478 amplius

254 1500 504 1546 dispensandi,
531 1500 617 1533 licet
643 1512 685 1533 ex
713 1506 812 1545 parte
838 1499 1139 1544 jurisperitorum
1166 1499 1433 1532 nominatorum
1459 1500 1568 1532 fuerit
1599 1512 1817 1545 responsum
1848 1500 1945 1544 quod
1980 1512 2022 1533 ex
2052 1513 2123 1545 quo

256 1575 386 1601 statuta
407 1574 509 1600 erant
528 1567 720 1608 facultatis,
737 1566 893 1599 habebat
913 1573 1128 1612 potestatem
1153 1566 1349 1611 plenariam
1372 1567 1624 1611 dispensandi,
1647 1567 1817 1608 addendi,
1842 1567 2068 1600 diminuendi
2090 1575 2126 1601 et

256 1635 522 1680 corrigendi....

346 1703 388 1734 Et
408 1702 555 1734 fuerunt
575 1708 767 1747 presentes
788 1701 824 1734 in
847 1701 1007 1746 predicta
1029 1701 1322 1746 congregacione
1340 1713 1466 1733 omnes
1487 1701 1651 1746 magistri
1674 1708 1844 1746 regentes
1864 1707 1948 1734 tunc
1965 1702 2125 1735 Parisius

256 1769 513 1802 existentes....
533 1775 567 1802 et
583 1769 655 1801 duo
677 1768 814 1801 bedelli
836 1768 995 1802 Garinus
1018 1768 1062 1801 de
1085 1770 1271 1801 Roncourt
1291 1774 1326 1801 et
1345 1767 1528 1801 Johannes
1550 1768 1665 1801 Parvi.

350 1867 495 1890 Comment.
513 1868 563 1891 sac.
577 1867 667 1896 med..,
684 1867 702 1895 1,
720 1875 746 1898 p.
763 1867 818 1890 285.

258 1994 402 2032 2264.
428 2003 581 2030 Licentiati
597 2004 625 2030 in
640 2003 786 2038 facultate
802 2003 973 2039 theologiae.

1481 2048 1555 2077 1426,
1572 2048 1659 2074 Μαι-(ΙΙ
1673 2048 1708 2076 13,
1725 2048 1838 2073 Parisiis.

345 2135 497 2168 Nomina
532 2135 805 2168 licenciatorun]
838 2140 914 2181 [per
952 2148 1045 2180 mag.
1087 2135 1314 2168 Dominicum
1352 2135 1466 2176 Parvi]
1508 2148 1571 2180 pro
1615 2148 1709 2168 anno
1746 2136 1889 2168 Domini
1930 2136 2123 2168 millesimo

258 2203 396 2236 CCCC⁰
411 2202 534 2236 XXV¹⁰
556 2203 614 2235 die
636 2203 714 2247 xiija
731 2203 867 2235 mensis
886 2203 1010 2236 Marcii
1030 2215 1036 2236 :

348 2301 422 2327 Frat.
439 2301 590 2335 Philippus
606 2301 727 2335 Bajuli'‚
745 2302 918 2328 Predicator.
1296 2302 1370 2327 Frat.
1386 2302 1534 2327 Johannes
1549 2301 1713 2331 Gauchcrii,
1731 2302 1818 2327 abbas
1832 2302 1867 2327 dc
1881 2301 2008 2327 Vallibus
2020 2301 2051 2326 Η.

349 2350 421 2383 Mag.
440 2350 586 2376 Dionisius
600 2351 636 2377 de
652 2351 828 2377 Sabrevois2.
1312 2367 1347 2369 —
1386 2352 1549 2384 l’rigcnsius
1564 2352 1670 2384 Burga‚
1688 2352 1891 2377 Predicatorffl.

365 2415 400 2418 -
439 2399 568 2426 Andreas
583 2399 707 2426 Garetiss.
1315 2415 1345 2418 ν-
1385 2401 1532 2426 Johannes
1544 2401 1580 2426 dc
1595 2401 1729 2429 Abbaeia.
1746 2401 1939 2427 Cal-inclitam.

365 2464 400 2468 —
437 2449 584 2475 Johannes
600 2450 637 2476 Le
652 2449 774 2476 Galois·⁸.
1313 2466 1347 2467 j
1384 2450 1510 2475 Thomas
1527 2449 1699 2477 Susanness,
1714 2449 1843 2475 Cluniae.

350 2498 424 2524 Frat.
440 2498 586 2524 Johannes
602 2499 695 2527 Fabri,
712 2500 897 2533 Augusti11.³⁴.
1191 2504 1192 2509 ¹
1313 2515 1347 2517 ιῐ
1385 2499 1532 2524 Johanncs
1545 2498 1723 2527 Gravestain,
1740 2498 1939 2524 t’redicator·³⁵.

350 2594 425 2619 Frat.
442 2594 614 2621 Lambertus
629 2595 665 2621 de
678 2595 798 2629 Campo.
816 2596 1006 2622 Predicatoffl.

350 2642 423 2674 Mag.
441 2642 585 2668 Gerardus
601 2643 763 2669 Gourron⁸.
1420 2646 1451 2671 in
1467 2646 1602 2679 Capitulo
1618 2646 1700 2672 Prcd.
1718 2654 1769 2679 per
1790 2647 1982 2672 commissum
2004 2648 2123 2673 Petrum

351 2692 425 2717 Frat.
442 2692 590 2718 Johannes
605 2693 753 2721 Rannerii.
770 2694 953 2720 Carmelitaf‘.
1421 2695 1457 2721 de
1472 2695 1593 2728 Dicrcyo
1603 2695 1632 2720 ⁹⁷.

367 2755 402 2760 —-
441 2742 541 2767 Petrus
556 2741 740 2774 Itiginaldeti.
758 2742 890 2768 Minorw.
1784 2744 1838 2779 [17]

349 2545 421 2579 Mag.
439 2545 570 2572 Matheus
586 2547 623 2572 Lc
639 2546 780 2573 Sochonss.
1191 2534 1193 2604 l
1313 2563 1348 2566 —
1386 2549 1475 2573 Lucas
1490 2547 1629 2573 Francisci
1645 2548 1680 2573 dc
1693 2547 1804 2576 Assisio.
1822 2547 1954 2573 Minor'ss.

1192 2632 1194 2657 ἱ
1298 2598 1369 2630 Mag.
1387 2598 1535 2623 ,Iohannes
1556 2598 1638 2623 Potor
1660 2597 1756 2623 licent.
1779 2597 1844 2626 1426
1861 2597 1964 2632 (1427),
1980 2598 2060 2624 Febr.
2079 2607 2121 2627 22,

355 2829 423 2852 Bibl.
441 2832 494 2852 nat.
511 2830 606 2858 Paris„
621 2838 669 2853 ms.
685 2830 731 2853 lut.
749 2832 818 2860 5494,
835 2840 861 2863 p.
878 2833 916 2855 38.
933 2846 963 2850 —
979 2833 1026 2856 Ms.
1044 2833 1089 2857 lat,
1107 2834 1188 2861 56572,
1206 2833 1250 2856 sol.
1268 2834 1317 2856 16¹⁷.

357 2913 380 2938 1.
400 2914 459 2936 Fuit
474 2914 602 2945 magister
615 2915 705 2938 eodem
723 2924 791 2939 anno
807 2917 876 2947 1426,
891 2917 952 2940 Maii
966 2918 992 2940 31
1011 2919 1045 2949 (p.
1064 2919 1113 2947 54).
1125 2931 1156 2935 -—
1171 2917 1194 2942 2.
1213 2918 1339 2949 Magister
1354 2918 1415 2941 dun.
1429 2918 1458 2940 10
1473 2917 1567 2947 (ibid.).
1581 2931 1611 2935 -—-
1626 2917 1649 2941 3.
1668 2917 1792 2949 Magister
1805 2918 1866 2941 Jun.
1883 2919 1911 2941 20
1925 2918 2126 2949 (ihid.).·P1·esb.
