2502 3418
318 330 408 367 ¹421]
661 346 706 367 AB
742 347 846 368 ‚xxxo
880 346 1168 368 ›icCCLxxxxw
1202 347 1332 374 USQUE
1364 347 1410 367 AD
1446 346 1582 367 ANNCM
1618 346 1822 367 ›iccccmr
2111 338 2175 370 395

311 416 367 450 his
389 418 605 452 universalis
629 427 781 464 ponatur
802 420 981 465 provisi03
1005 427 1038 453 et
1060 433 1138 453 cum
1163 433 1227 465 pro
1249 420 1397 465 speciali
1420 420 1629 465 provisione
1651 420 1827 452 serenitas
1855 420 1990 452 domini
2012 422 2173 465 regentis

311 484 533 518 ordinaverit
560 492 594 518 et.
623 486 846 532 disposuerit
879 487 914 519 in
943 487 1129 524 Corholio,
1160 487 1258 532 quod
1287 487 1383 520 dicto
1412 487 1552 519 doctori
1583 493 1618 519 et
1646 486 1832 531 mag-istro,
1862 487 1970 519 Paulo
2001 488 2044 519 (le
2076 489 2173 520 Bona

313 551 430 592 Fidefl,
453 552 712 597 expedirentur
732 560 874 586 centurn
898 555 1024 595 franci,
1047 562 1079 587 et
1107 567 1217 599 super
1238 554 1294 587 his
1316 566 1388 586 non
1416 554 1592 598 receperit
1624 553 1694 585 nisi
1726 554 1986 598 quinquaginta
2017 554 2172 595 francos7

309 618 480 663 dignetur
496 631 560 652 sua
582 620 759 653 serenitas
775 621 921 665 jubere,
939 628 977 654 ut
998 622 1184 654 residuum
1207 622 1303 654 dicto
1326 621 1463 654 doctori
1487 621 1716 665 expediatur3
1740 627 1845 665 atque
1866 620 1934 653 sibi
1958 621 2074 653 solide
2096 634 2173 665 pro-

309 685 473 718 videatur
492 686 528 718 in
550 688 722 720 futurum.

397 754 497 793 Item,
521 766 599 786 cum
622 754 658 787 in
680 755 871 800 passagiis,
895 755 1073 800 portibus,
1098 756 1275 801 pedagiis,
1304 762 1371 788 tam
1395 755 1498 800 aquis
1520 767 1623 800 quam
1654 762 1759 795 terra,
1787 755 1895 787 multa
1918 754 2172 799 impedimenta

307 820 441 853 fuerint
473 821 619 865 prestita
650 821 853 866 privilegiis
882 823 1155 864 Universitatis,
1185 823 1283 868 quod
1312 823 1483 867 dignetur
1512 834 1573 855 sua
1606 823 1800 858 serenitas„
1833 822 1995 867 quamvis
2026 834 2097 854 non
2129 822 2175 854 sit

307 898 519 932 expressum
542 888 807 933 particulariter
828 889 864 922 in
886 889 1048 923 articulis
1071 902 1135 923 sue
1158 890 1334 935 majestati
1358 890 1549 934 porrectis,
1568 890 1760 934 providere
1777 896 1815 922 ut
1836 890 1872 922 in
1893 888 2063 922 omnibus
2084 889 2174 922 locis

308 954 425 998 regni,
447 961 515 987 tam
539 967 649 1000 super
666 968 762 988 mare
785 968 889 1001 quam
912 969 1024 1002 super
1044 957 1204 998 flumina7
1225 969 1329 1002 quam
1353 957 1463 989 eciam
1487 957 1523 989 in
1545 956 1698 989 urbibus
1721 964 1753 989 et
1775 957 1856 989 aliis
1877 956 1981 996 locis7
2006 956 2119 989 libere
2141 963 2176 989 et

308 1021 386 1054 sine
416 1033 642 1066 quacumque
673 1023 858 1056 exactione
890 1024 1044 1057 transire
1071 1024 1211 1057 valeant
1249 1024 1505 1058 Universitatis
1539 1024 1725 1069 supposita
1757 1031 1791 1057 et
1823 1036 1946 1056 eorum
1979 1023 2173 1056 familiares

306 1094 412 1132 atque
442 1089 652 1130 servitores,
682 1091 943 1136 cujuscumque
974 1098 1089 1124 status
1122 1092 1269 1133 fuerint,
1296 1104 1375 1124 cum
1406 1098 1551 1124 vectura
1584 1103 1895 1136 quorumcumque
1926 1091 2102 1124 bonorum
2130 1091 2172 1123 ad

306 1155 473 1188 alimenta
495 1163 530 1189 et
549 1163 677 1189 statum
701 1157 923 1191 studentium
946 1159 1223 1203 pertinencium.

398 1253 513 1278 Minuta
529 1254 645 1277 chartac.
662 1254 686 1278 in
709 1255 787 1279 Arch.
804 1256 926 1279 Univers.
943 1257 1038 1286 Paris.⁷
1054 1257 1121 1280 thee.
1141 1258 1160 1286 1,
1175 1258 1205 1281 A.
1222 1258 1244 1280 1.
1264 1260 1286 1280 5.
1303 1258 1330 1280 In
1347 1257 1398 1280 ima
1416 1261 1489 1287 parte
1505 1257 1611 1280 chartae
1631 1257 1729 1288 legitur
1746 1264 1750 1279 :
1770 1266 1782 1278 α
1798 1256 1906 1279 Domino
1923 1256 2012 1279 abbati
2031 1256 2062 1279 de
2085 1256 2171 1279 Bello-

304 1298 381 1321 becco
398 1298 510 1330 [Egydio
526 1299 556 1322 de
571 1299 719 1332 Duremort]
734 1304 863 1331 quatenus
881 1303 948 1324 sacta
966 1302 1153 1325 Universitatis
1169 1303 1240 1333 apud
1257 1311 1353 1333 regem,
1371 1305 1504 1333 regentem
1518 1302 1626 1324 Francie
1643 1305 1667 1324 et
1685 1302 1785 1332 legatos
1800 1302 1926 1329 conserat,
1943 1304 1989 1324 etc.
2006 1309 2028 1324 ›‚·.
2042 1315 2073 1318 —
2087 1301 2170 1324 Jona-

303 1350 377 1372 DAIN,
395 1347 423 1365 n⁰
439 1343 508 1367 1167.
522 1357 552 1361 —
566 1344 592 1367 Si
608 1344 671 1368 haec
692 1345 789 1376 legatio
808 1354 898 1369 revera
918 1346 1012 1371 evenit.
1028 1350 1089 1369 tunc
1109 1346 1197 1378 potius
1215 1347 1247 1369 ad
1266 1355 1381 1370 mensem
1397 1347 1505 1369 sunium
1522 1355 1599 1377 quarn
1618 1347 1649 1369 ad
1666 1346 1821 1369 Januarium
1845 1354 1886 1369 an.
1905 1346 1959 1368 1421
1978 1345 2098 1376 pertinet,
2114 1354 2172 1368 cuin

302 1395 347 1410 rex
361 1388 471 1418 Angliae
486 1391 545 1411 ante
561 1397 674 1412 mensem
693 1390 802 1413 januar.
820 1390 928 1414 Parisiis
951 1394 1029 1417 esset.
1050 1395 1111 1422 post
1129 1391 1286 1414 ,lanum-ium
1303 1400 1364 1414 vcro
1385 1392 1489 1415 absens.
1511 1394 1536 1414 et
1557 1391 1662 1422 quidem
1682 1391 1706 1413 in
1728 1391 1830 1421 Anglia,
1852 1391 1920 1413 unde
1940 1398 2027 1413 mense
2048 1390 2126 1413 Junio
2147 1390 2172 1413 in

303 1432 450 1461 franciam,
465 1432 596 1464 imprimis
612 1434 796 1465 Rotomagum,
814 1443 936 1458 reversus
951 1439 1007 1459 erat
1019 1436 1081 1465 (vid.
1099 1436 1202 1460 Chron.
1217 1438 1375 1460 normantia
1390 1438 1421 1460 de
1437 1436 1534 1460 Pieri-e
1551 1436 1669 1461 Cochen,
1683 1436 1722 1458 ed.
1740 1436 1940 1464 ermzmmn,
1957 1443 1983 1466 p.
2000 1436 2063 1464 286).

394 1517 417 1541 1,
432 1518 504 1540 Idem
517 1518 700 1542 canonicatum
713 1523 737 1542 et
751 1520 894 1543 archidiac.
910 1520 934 1543 in
950 1521 1013 1544 eccl.
1026 1521 1184 1545 Bituricens.
1201 1530 1244 1544 an.
1261 1522 1321 1544 1427
1334 1521 1410 1552 petiit
1425 1521 1530 1552 (Suppl.
1544 1520 1648 1543 Martin.
1663 1521 1691 1549 V,
1706 1524 1733 1542 n⁰
1747 1521 1799 1548 2011,
1814 1520 1859 1543 fol.
1873 1521 1922 1549 59).
1939 1520 2031 1543 Postea
2047 1520 2171 1545 an.143=2.

301 1561 356 1585 Oct.
374 1561 399 1585 in
416 1563 531 1586 Romana
551 1563 624 1586 curin
648 1572 790 1587 causarum
806 1565 899 1596 palatii
924 1569 1010 1596 apost.
1027 1570 1183 1597 procurator
1199 1566 1304 1597 (Suppl.
1322 1567 1420 1597 Eugen.
1445 1566 1487 1595 lV,
1510 1570 1538 1588 n⁰
1559 1566 1613 1595 273,
1638 1566 1682 1588 sol.
1706 1565 1782 1594 17711).
1805 1579 1835 1582 —
1851 1565 1874 1589 2.
1897 1565 1915 1589 Ι.
1933 1573 1954 1587 e.
1976 1573 2042 1596 quae
2063 1565 2172 1588 Parisiis

301 1606 484 1638 magisterium
499 1612 654 1639 receperunt
670 1612 695 1632 et
717 1610 854 1641 Rotomagi
875 1611 1029 1633 commorati
1051 1614 1120 1634 sunt.
1144 1625 1170 1628 —
1187 1610 1211 1635 3.
1234 1611 1433 1640 ΒΕΑιῑηΕιυιιιιε,
1455 1611 1536 1634 Notes
1558 1617 1611 1635 sur
1631 1611 1668 1634 les
1685 1610 1765 1640 juyes
1785 1611 1818 1633 de
1832 1610 1938 1634 Jeanne
1958 1609 2050 1639 d'Arc,
2068 1617 2094 1640 p.
2117 1610 2170 1636 106,

300 1651 422 1682 designat
437 1655 464 1674 ut
483 1653 670 1676 cancellarium
692 1654 867 1677 Normanniae
890 1655 1043 1686 episcopum
1064 1655 1222 1679 Cicestrens.
1239 1670 1268 1672 —
1288 1655 1312 1680 4.
1330 1656 1457 1678 Thomam
1484 1655 1587 1684 Brown,
1612 1655 1734 1677 abbatem
1758 1654 1911 1677 monasterii
1934 1654 1963 1677 B.
1979 1654 2076 1678 Mariae
2098 1657 2170 1677 extra

244 1711 254 1715 -
299 1704 388 1719 muros
411 1696 570 1720 Ehorucens.
591 1698 621 1722 Ο.
650 1699 676 1722 S.
695 1699 732 1727 Β.,
749 1699 903 1730 episcopum
920 1700 953 1723 ab
969 1708 1011 1723 an.
1031 1701 1097 1730 1421,
1120 1700 1202 1732 April.
1220 1701 1241 1723 7.
1259 1714 1288 1718 —-
1308 1700 1332 1726 5.
1355 1700 1440 1724 Lectio
1462 1708 1555 1731 purum
1578 1703 1657 1727 certa,
1682 1708 1739 1722 cum
1762 1699 1853 1722 charta
1873 1699 1983 1722 evanida
1999 1702 2024 1722 et
2044 1699 2092 1722 hoc
2114 1699 2170 1722 Ioco

299 1741 415 1764 lacerata
430 1742 473 1765 sit.
489 1742 626 1766 JOURDMN
642 1752 652 1766 (ι
670 1744 759 1775 plures
776 1745 860 1767 sancti
877 1753 887 1767 n
902 1753 950 1774 pro
968 1754 978 1767 (⁴
993 1745 1082 1768 hebrei
1099 1749 1123 1768 et.
1136 1745 1207 1776 greci
1220 1754 1242 1769 ι).
1255 1760 1285 1762 -
1301 1745 1323 1770 64
1342 1745 1399 1768 Vid.
1411 1746 1442 1768 de
1459 1745 1515 1776 ipso
1532 1745 1600 1767 infra
1617 1745 1650 1767 ni*
1663 1745 1732 1774 2186,
1750 1745 1819 1767 2235.

300 1913 444 1950 2179.
470 1924 555 1949 Natio
582 1925 733 1951 Gallicana
762 1927 961 1952 Unum-sitatis
984 1928 1079 1953 Paris.
1104 1927 1247 1953 deliberat
1270 1927 1310 1952 ad
1334 1936 1426 1961 regem
1443 1926 1566 1961 Angliae
1580 1925 1732 1951 mittendos
1749 1934 1811 1950 esse
1832 1924 2068 1958 ambassiatores,
2089 1925 2168 1950 alab

387 1972 449 2008 ipso
465 1973 604 2008 quosdam
618 1976 731 2008 favores
748 1976 845 2011 quoad
860 1975 999 2011 beneficia
1016 1981 1043 2002 et
1056 1977 1295 2003 cancellat-iatum
1311 1977 1469 2003 obtineant.

1555 2012 1624 2040 7427.
1640 2012 1747 2044 Augusti
1760 2013 1784 2041 5,
1801 2012 1915 2037 Parisiis.

388 2097 452 2130 Die
475 2099 597 2131 martis
620 2102 654 2132 5³
676 2100 812 2133 mensis
838 2101 995 2146 Augusti
1024 2113 1066 2134 ex
1087 2101 1241 2134 consilio
1264 2101 1516 2146 deputatorum
1543 2100 1795 2133 Universitatis
1818 2106 1849 2131 et
1873 2111 1997 2131 corum
2020 2098 2166 2131 conclu-

297 2163 400 2196 sione
422 2167 641 2211 congregavi
671 2168 851 2200 nationem
874 2181 986 2213 super
1006 2169 1122 2201 tribus
1144 2168 1317 2201 articulis.
1345 2170 1444 2201 Unus
1473 2167 1646 2200 articulus
1675 2167 1739 2199 l'uit
1773 2167 1808 2198 in
1835 2166 1978 2198 duobus
2007 2166 2163 2210 punctis,

299 2242 450 2275 quorum
475 2245 583 2265 unum
607 2241 683 2267 erat
704 2247 814 2280 super
830 2236 1033 2281 privilegiis
1052 2236 1306 2269 Universitatis
1328 2235 1596 2280 prosequendis
1620 2246 1704 2277 erga
1727 2234 1911 2265 (lominum
1936 2240 2119 2277 regentem
2135 2233 2162 2270 1;

297 2299 352 2330 2¹¹¹⁰
374 2305 448 2331 erat
476 2311 586 2344 super
606 2302 816 2346 provisione
845 2303 1039 2336 advisanda
1061 2304 1097 2336 in
1119 2304 1275 2336 ossiciuni
1297 2302 1501 2335 cancellarii
1530 2314 1593 2346 pro
1624 2301 1780 2333 licentiis
1802 2300 2029 2344 superiorum
2053 2299 2163 2332 sacul-

298 2371 419 2398 tatum,
453 2367 643 2401 Secundus
671 2370 844 2403 articulus
874 2371 937 2403 suit
970 2371 1138 2403 similiter
1166 2371 1201 2403 in
1232 2370 1376 2403 duobus
1408 2370 1570 2414 punctis;
1601 2370 1653 2401 1¹¹¹¹¹
1675 2380 1786 2413 super
1808 2367 1925 2399 rotulo
1947 2367 2162 2399 destinando

297 2432 444 2476 prelatis
467 2435 614 2467 Francie
645 2448 709 2480 pro
740 2438 948 2481 provisione
978 2439 1233 2483 magistrorum
1258 2437 1512 2470 Universitatis
1536 2436 1676 2468 noviter
1697 2434 1869 2467 concluso
1892 2446 1955 2478 per
1980 2434 2163 2466 Universi-

296 2505 421 2539 tatem3
445 2501 501 2532 2⁰¹³
522 2506 633 2547 super
649 2515 720 2535 uno
739 2505 857 2537 rotulo
875 2506 1101 2550 expediendo
1120 2517 1225 2550 quem
1248 2504 1353 2537 habet
1378 2516 1488 2549 penes
1507 2515 1544 2535 sc
1563 2503 1732 2535 dominus
1755 2501 1951 2544 Dionysius
1968 2501 2012 2533 de
2035 2500 2163 2533 Sabre-

294 2566 409 2606 vois²‚
435 2568 609 2602 concluso
636 2582 699 2615 per
721 2572 998 2605 Universitatem
1031 2579 1111 2617 post
1142 2572 1403 2604 confectionem
1434 2570 1540 2603 rotuli
1571 2568 1791 2614 principalis.
1816 2568 1959 2600 Tertius
1989 2567 2162 2600 articulus

297 2635 500 2668 communis
522 2647 633 2681 super
654 2638 981 2683 supplicationibus
1003 2646 1035 2672 et
1058 2639 1214 2684 injuriis.

383 2701 562 2743 Quantum
586 2704 628 2736 ad
653 2706 705 2736 1““1
726 2706 915 2739 articulum
934 2714 969 2739 et
988 2707 1031 2739 ad
1056 2708 1108 2739 1³³¹
1130 2712 1301 2751 punctum
1324 2705 1474 2738 secundi
1497 2703 1636 2736 articuli
1663 2702 1791 2747 placuit
1816 2702 1951 2734 nationi
1968 2701 2159 2733 consilium

293 2773 328 2798 et
355 2767 640 2803 advisamentum
668 2772 788 2805 datum
818 2786 882 2818 per
909 2774 1112 2818 deputatos³
1141 2773 1236 2818 quod
1271 2772 1409 2805 scilicet
1440 2771 1557 2803 littere
1585 2770 1812 2802 continentes
1844 2769 1908 2801 ista
1938 2768 2003 2800 tria
2033 2775 2161 2812 puncta

293 2833 564 2870 destinarentur
586 2850 650 2882 per
670 2846 817 2872 matrem
843 2841 1119 2874 Universitatein
1143 2840 1289 2872 domino
1311 2838 1465 2883 regenti,
1484 2844 1516 2870 et
1539 2837 1633 2881 quod
1658 2849 1695 2869 ea
1719 2835 1867 2868 haberet
1887 2835 2060 2879 prosequi
2082 2834 2162 2867 dili-

292 2907 423 2944 genter
445 2904 600 2937 nuncius
629 2906 797 2950 specialis
826 2914 859 2939 et
890 2907 1128 2940 ambassiator
1150 2906 1406 2940 Universitatis
1435 2904 1482 2936 ibi
1506 2903 1744 2936 destinandus
1766 2902 1807 2934 ad
1831 2901 2059 2934 obsidionem
2082 2908 2161 2933 ante
