2502 3418
384 310 449 342 318
843 322 846 325 ’
964 320 1287 342 CHARTULARIUM
1323 320 1514 343 UNIVERS.
1552 322 1682 343 minis.
2156 308 2256 345 [141ss

385 393 601 433 voluntaire,
624 406 716 426 nous
738 405 896 427 sommes
918 397 936 427 a
957 394 1018 439 luy
1038 394 1176 438 adjoint
1196 402 1322 428 contre
1348 395 1448 427 toulx
1480 395 1618 428 herites
1640 402 1674 428 et
1701 395 1800 427 leurs
1828 395 2001 427 sauteurs.
2025 395 2115 427 Tres
2136 394 2256 428 chiers

385 460 486 501 amis,
510 460 542 493 le
566 461 665 493 Saint
695 461 817 505 Esprit
837 473 928 494 vous
959 461 1062 494 doint
1093 461 1183 506 pais,
1210 462 1415 506 prosperite
1444 468 1479 494 et
1508 461 1733 494 honnerable
1760 460 2039 494 essauchement
2069 461 2113 494 de
2134 468 2255 494 vostre

384 534 685 572 gouvernement.
710 528 837 560 Donne
859 539 903 560 en
925 534 1048 560 nostre
1070 527 1334 572 congregation
1354 527 1527 572 generale
1545 530 1563 560 a
1580 526 1678 560 Saint
1699 527 1857 560 Maturin
1878 527 1911 560 le
1932 528 1980 572 xj⁰
1994 528 2081 572 jour
2097 528 2141 560 de
2159 527 2254 573 May.

1117 595 1186 627 Les
1202 599 1342 627 rectem·
1357 599 1390 627 et
1406 595 1574 627 maistres
1588 593 1630 627 de
1645 594 1657 627 l
1661 595 1667 607 '
1677 594 1711 627 U
1712 594 1886 627 niver-site'
1895 593 1938 627 dc
1952 594 2076 627 Paris.

1024 692 1050 718 2.
1068 692 1111 717 Ad
1127 692 1348 718 Universitatem
1365 692 1615 718 Aurelianensem.

476 768 568 811 Sepe
590 767 690 807 alias,
714 766 943 799 celeberrimi
965 778 1003 798 ac
1025 766 1278 799 litteratissimi
1300 766 1381 806 viri,
1405 766 1470 798 sed
1492 778 1587 798 nunc
1614 767 1833 811 permaxime
1859 767 2112 812 cognovimus,
2135 768 2257 812 quanti

386 834 565 867 estimetis
582 840 745 866 mutuum
763 833 971 866 dilectionis
989 845 1132 873 nexum,
1152 844 1222 877 que
1243 844 1310 865 nos
1332 833 1427 865 inter
1444 832 1619 865 hactenus
1641 833 1765 866 intima
1786 833 1866 874 suit,
1884 845 2064 878 quamque
2086 834 2131 867 sit
2152 834 2258 867 vobis

385 913 471 933 cure
494 901 654 933 eamdem
678 900 820 932 sincere
843 906 878 932 et
898 899 1158 932 inviolabiliter
1179 899 1318 932 illesam
1341 899 1540 940 custodire,
1564 911 1636 944 quo
1663 899 1708 932 de
1738 899 1845 933 nobis
1867 902 1922 944 (et
1945 900 1976 933 si
1998 900 2162 942 multum,
2185 913 2259 934 non

387 974 505 1000 tamen
526 978 635 1011 supra
656 978 760 1011 quam
782 972 842 998 aut
869 966 1038 1010 potuistis
1063 972 1123 998 aut
1147 965 1345 1007 debuistis)
1367 965 1509 1003 contisi,
1534 965 1688 999 nuncios
1710 973 1852 999 vestros
1882 967 1926 999 ad
1956 973 2120 1000 nostrum
2149 967 2259 1000 colle-

387 1034 485 1078 gium
509 1034 732 1074 destinastis,
756 1032 1041 1066 controversiam
1063 1044 1080 1065 a
1102 1032 1227 1077 paucis
1249 1032 1337 1065 citra
1359 1031 1490 1065 diebus
1518 1039 1642 1065 contra
1663 1033 1835 1066 vicarium
1868 1033 2076 1078 generalem
2107 1034 2262 1078 inquisi-

387 1101 476 1133 toris
499 1107 627 1132 motam
654 1106 924 1144 prosecuturos.
950 1100 992 1131 Et
1013 1111 1080 1131 nos
1102 1098 1246 1143 quidem
1271 1099 1393 1132 studio
1415 1099 1491 1144 pari
1512 1099 1703 1144 cupientes
1725 1099 1793 1132 hoc
1815 1107 1979 1133 sanctum
2000 1100 2134 1133 amoris
2154 1101 2262 1134 fedus

388 1167 596 1207 confovere,
620 1178 691 1211 quo
713 1166 821 1199 altius
842 1166 980 1198 nostris
1001 1166 1131 1198 animis
1152 1166 1294 1198 radices
1315 1177 1428 1211 agens
1450 1178 1515 1211 per
1535 1166 1747 1199 continuum
1770 1166 1813 1199 ad
1835 1173 2005 1212 posteros
2026 1167 2155 1200 modos
2176 1179 2262 1200 con-

389 1234 540 1266 ducatur
560 1233 838 1274 incrementum,
862 1244 967 1277 quam
989 1232 1150 1278 benigne
1171 1239 1279 1277 atque
1306 1232 1545 1266 amicabiliter
1566 1232 1745 1266 valuimus
1766 1240 1885 1266 vestra
1916 1245 1959 1266 ex
1990 1240 2090 1279 parte
2121 1234 2164 1267 ad
2194 1245 2262 1268 nos

387 1300 541 1333 nuncios
563 1300 763 1332 destinatos
785 1299 1006 1344 excepimus.
1030 1301 1165 1332 Verum
1194 1298 1255 1332 ubi
1289 1311 1361 1332 rem
1394 1300 1614 1344 prefatorum
1638 1300 1853 1333 nunciorum
1876 1307 2080 1334 vestrorum
2103 1307 2139 1333 et
2163 1307 2263 1334 ante-

387 1367 473 1399 dicti
495 1367 619 1399 vicarii
641 1378 704 1399 ore
726 1378 792 1399 suo
815 1366 943 1399 ordine
965 1366 1143 1411 digestam
1165 1366 1420 1411 cognovimus,
1443 1365 1577 1399 habitis
1603 1366 1727 1400 multis
1753 1373 1789 1399 et
1808 1367 1918 1400 variis
1949 1379 2061 1412 super
2081 1367 2149 1400 hoc
2171 1367 2262 1400 deli-

388 1433 652 1473 berationibus,
672 1433 767 1478 quod
785 1433 926 1466 veritati
948 1439 982 1466 et
1002 1433 1158 1466 amicitie
1176 1432 1338 1466 debitum
1360 1433 1626 1478 persolvemus,
1645 1433 1682 1466 in
1703 1433 1793 1466 hanc
1810 1434 1954 1467 tandem
1972 1446 2076 1467 unam
2095 1434 2262 1468 venimus

388 1500 617 1541 sententiam,
645 1500 815 1545 quatinus
840 1499 1012 1533 videlicet
1043 1500 1174 1532 nedum
1207 1512 1224 1532 a
1255 1500 1492 1545 processibus
1522 1500 1701 1533 inchoatis
1731 1501 1974 1541 desisteretis,
2001 1513 2124 1534 verum
2157 1501 2262 1534 etiam

389 1579 540 1612 prorsus
562 1567 753 1599 adnulatos
775 1567 959 1611 sopiretis,
978 1567 1134 1611 quodvis
1152 1567 1336 1599 discordie
1358 1567 1680 1612 discencionisque
1702 1568 1901 1600 fomentum
1924 1567 1969 1600 de
1990 1568 2111 1601 medio
2133 1567 2264 1601 tollen-

389 1641 455 1667 tes.
473 1635 652 1667 Veremur
669 1634 763 1666 enim
786 1646 844 1674 ne,
863 1640 901 1666 ut
921 1633 1072 1675 assolet,
1089 1633 1173 1666 exili
1196 1634 1388 1666 occasione
1409 1633 1455 1667 lis
1476 1634 1658 1667 interdum
1677 1634 1813 1675 oriens,
1833 1634 1936 1667 initio
1959 1646 2078 1679 parva,
2096 1634 2264 1680 longiore

388 1701 563 1745 temporis
581 1707 694 1733 tractu
712 1701 748 1733 in
765 1700 979 1733 inhonoram
998 1712 1063 1733 nec
1081 1700 1123 1733 ad
1142 1707 1266 1733 nutum
1286 1700 1498 1745 placabilem
1517 1701 1688 1734 evaderet
1703 1701 1989 1734 contentionem.
2005 1701 2262 1744 Quamobrem,

388 1768 577 1813 conspicui
598 1768 679 1808 viri,
701 1774 840 1801 vestras
867 1767 999 1800 obnixe
1025 1779 1197 1813 rogamus
1225 1768 1408 1809 caritates,
1439 1768 1610 1813 quatinus
1648 1768 1771 1801 sedata
1801 1768 2042 1802 contencione
2073 1775 2108 1801 et
2138 1767 2265 1813 procul

389 1835 539 1867 semotis
560 1834 809 1879 processibus,
828 1834 1024 1867 concordie
1042 1841 1077 1867 et
1098 1835 1196 1879 pacis
1218 1841 1404 1867 tractatum
1427 1847 1496 1867 una
1513 1847 1593 1867 cum
1617 1835 1743 1880 sepius
1765 1834 1861 1867 dicto
1878 1835 2013 1867 vicario
2029 1834 2150 1868 velitis
2171 1834 2264 1868 inire

389 1908 423 1934 et
444 1902 573 1934 initum
595 1901 876 1946 tra[n]squillum
898 1902 934 1933 in
956 1901 1063 1934 finem
1087 1913 1203 1946 usque
1224 1901 1440 1946 perducere,
1461 1908 1497 1934 et
1526 1913 1594 1934 nos
1624 1901 1655 1934 si
1675 1908 1756 1934 vota
1778 1908 1896 1934 vestra
1926 1901 1991 1934 hac
2017 1901 2054 1934 in
2080 1913 2118 1934 re
2140 1907 2265 1934 nostre

390 1968 636 2013 respondeant
655 1968 845 2009 voluntati,
869 1979 934 2013 pro
955 1967 1096 2001 viribus
1124 1967 1215 2001 hanc
1242 1967 1490 2001 turbacionem
1518 1968 1554 2001 in
1581 1980 1751 2001 serenum
1773 1975 1987 2001 convertere
2009 1967 2264 2013 temptabimus

363 2043 366 2047 ’
389 2035 433 2068 ad
455 2035 630 2068 honorem
652 2042 828 2076 vestrum,
850 2035 1012 2068 veritatis
1033 2035 1277 2080 integritatem
1300 2042 1335 2068 et
1362 2036 1427 2068 Dei
1453 2035 1644 2075 honorem,
1667 2035 1728 2080 qui
1748 2042 1889 2068 vestras
1916 2035 2265 2080 circumspectiones

390 2102 546 2135 feliciter
566 2102 740 2147 dignetur
760 2113 991 2136 conservare.

1073 2173 1099 2200 3.
1117 2174 1159 2200 Ad
1175 2174 1340 2207 capitulum
1357 2174 1459 2200 Sancte
1475 2174 1584 2200 Crucis.

482 2249 743 2290 Intelleximus,
767 2249 996 2282 venerabiles
1020 2249 1102 2290 viri,
1125 2256 1193 2282 tam
1216 2256 1398 2282 oratorum
1428 2261 1491 2294 pro
1522 2256 1622 2294 parte
1646 2249 1902 2283 Universitatis
1922 2248 2200 2282 Aurelianensis
2222 2248 2265 2282 ad

392 2328 458 2349 nos
481 2316 757 2357 destinatorum,
781 2328 884 2361 quam
908 2316 1032 2349 vicarii
1059 2316 1244 2361 generalis
1275 2316 1506 2361 inquisitoris
1534 2316 1648 2349 relatu
1677 2316 1887 2349 nonnullam
1910 2316 2161 2349 controversie
2182 2327 2265 2349 cau-

392 2395 465 2415 sam
489 2383 582 2415 inter
602 2394 667 2416 vos
689 2389 724 2415 et
743 2383 915 2416 vicarium
939 2383 1113 2428 prefatum
1137 2383 1322 2428 agitari...
1345 2384 1445 2426 (Fere
1464 2382 1581 2417 eadem
1602 2388 1640 2417 ut
1663 2383 1699 2417 in
1721 2383 1872 2427 epistola
1887 2382 1934 2416 ad
1959 2383 2263 2426 Universitatem.)

393 2452 468 2492 Qua
490 2450 526 2481 in
548 2461 599 2490 re,
617 2449 849 2483 venerabiles
870 2449 951 2490 viri,
972 2450 1101 2482 affectu
1123 2449 1323 2482 sinceriore
1344 2462 1415 2495 quo
1432 2449 1595 2483 valemus
1611 2456 1752 2483 vestras
1773 2450 2013 2494 deprecamur
2032 2449 2207 2482 amicitias

394 2517 562 2560 quatinus
585 2516 730 2561 penitus
751 2516 815 2549 hac
836 2516 898 2549 lite
921 2516 1038 2561 sopita
1058 2516 1149 2549 viam
1173 2516 1271 2561 pacis
1292 2516 1413 2550 velitis
1433 2516 1709 2562 apprehendere
1733 2542 1800 2557 ....,
1823 2517 1899 2549 Deo
1924 2528 1999 2549 rem
2021 2516 2263 2556 conducente,

394 2583 453 2627 qui
474 2590 634 2615 vestrum
657 2582 907 2615 honorabilem
930 2590 1048 2616 cetum
1070 2595 1246 2628 prospere
1268 2595 1486 2616 conservare
1509 2583 1692 2628 dignetur.

486 2667 600 2691 Illinuta
616 2668 731 2690 chartae.
749 2668 774 2691 in
795 2668 872 2691 Arch.
889 2671 942 2691 unt.
956 2667 1052 2697 Puris„
1067 2668 1151 2697 M65¹=‚
1164 2672 1192 2690 n⁰
1207 2668 1252 2691 158
1271 2668 1343 2697 (olim
1356 2669 1385 2691 A.
1401 2669 1439 2691 33.
1456 2668 1540 2699 οοοο).
1556 2682 1583 2685 -
1600 2669 1691 2691 Petrus
1712 2668 1806 2691 Floure
1822 2667 1938 2691 vicarius
1958 2666 2123 2699 inquisitoris
2134 2666 2264 2690 Johannis

393 2711 474 2734 Poleti
487 2711 543 2735 fuit.
561 2712 597 2734 Ex
612 2712 643 2734 iis
660 2720 726 2743 quae
741 2705 977 2741 quirir-EtznAnn,
992 2713 1011 2742 Ι,
1026 2721 1052 2743 p.
1066 2713 1119 2742 755,
1131 2712 1163 2735 de
1178 2712 1238 2743 ipso
1250 2712 1350 2741 dicunt,
1362 2712 1405 2735 vix
1416 2715 1479 2743 post
1493 2712 1553 2735 1416
1564 2712 1612 2736 hae
1623 2712 1751 2743 epistolae
1764 2712 1879 2743 scriptae
1893 2715 1963 2735 sunt.
1980 2712 2062 2735 Immo
2075 2714 2137 2742 post
2149 2711 2264 2735 an.1416

394 2764 444 2778 non
460 2755 484 2778 in
501 2756 638 2786 provincia
652 2757 786 2786 Franciue,
806 2757 852 2779 sed
870 2757 895 2779 in
911 2757 1048 2788 provincia
1067 2757 1187 2780 Remcnsi
1202 2757 1346 2788 inquisitor
1361 2757 1419 2785 suit,
1435 2757 1530 2780 saltem
1550 2757 1583 2780 ad
1601 2765 1643 2782 an.
1661 2757 1722 2780 1419
1735 2757 1773 2780 sic
1786 2756 1896 2780 affertur
1909 2756 2024 2787 (Chron.
2038 2757 2071 2779 de
2089 2755 2262 2784 Monstrelet,

395 2800 439 2829 111,
453 2808 478 2830 p.
496 2801 560 2829 3131),
575 2801 679 2831 quando
696 2800 788 2824 Octob.
805 2802 834 2823 13
849 2801 967 2824 Atrebati
981 2809 1127 2824 sermonem
1144 2801 1170 2823 in
1187 2802 1305 2824 favorem
1320 2801 1426 2824 unionis
1440 2804 1465 2824 et
1479 2801 1568 2824 Caroli
1584 2801 1705 2832 delphini
1721 2801 1794 2824 dixit.

486 2870 510 2894 1.
527 2871 666 2902 Inscriptio
682 2871 707 2894 in
724 2872 772 2894 fine
784 2872 920 2902 epistolae.
937 2872 1006 2895 tuitii
1022 2880 1086 2903 pars
1102 2872 1211 2895 sinistra
1227 2872 1321 2895 avulsa
1336 2875 1385 2904 est,
1403 2872 1471 2896 unde
1486 2872 1576 2895 decem
1591 2872 1675 2895 lineae
1687 2880 1804 2895 mancae.
1822 2886 1848 2889 —
1865 2871 1889 2896 2.
1906 2872 1926 2895 l.
1943 2879 1965 2895 e.
1982 2871 2142 2902 heretiqueS.
