2502 3418
383 327 446 358 544
961 333 1279 355 CHARTULARIUM
1314 332 1505 353 niuvssns.
1543 331 1671 353 PARls.
2150 316 2249 352 [1432

476 409 631 442 Nomina
653 408 876 441 Biblicorum
902 419 908 439 :

471 508 545 532 Frat.
562 507 709 533 Johannes
724 507 865 539 Courroy,
882 514 917 531 xx
933 506 983 531 sol.
1422 504 1497 529 Frat.
1510 503 1691 530 Guillermus
1706 503 1741 529 de
1757 502 1915 531 Saviniaco,
1931 502 2061 529 Cisterc„
2078 508 2113 526 xx
2126 500 2177 525 sol.

487 571 522 574 —
559 555 682 581 Jacobus
695 555 844 583 Canonici,
860 562 894 579 xx
911 554 961 579 sol.
1437 567 1472 570 —
1510 553 1610 577 Petrus
1625 551 1752 579 Meinier.
1767 550 1933 578 Cat-melita.
1948 557 1984 575 xx
1998 549 2049 575 sol.
2179 547 2214 582 [4]

475 627 543 649 Bibl.
560 630 613 650 nat.
628 626 721 653 Paris„
739 634 787 648 ms.
806 626 852 648 lat.
866 626 934 651 5494,
952 633 978 655 p.
995 625 1048 647 146.

476 693 500 718 1.
516 694 574 716 Jam
591 701 639 724 pro
655 693 794 715 nnn01420
808 691 964 714 destinatus.
985 691 1042 714 Vid.
1059 699 1140 721 supra
1156 690 1188 713 ad
1205 698 1247 713 nn.
1264 690 1334 718 1429,
1350 693 1403 712 not.
1423 689 1482 712 Fuit
1498 689 1590 712 Italus.
1608 703 1634 706 —
1653 689 1678 713 2.
1696 689 1719 711 Is
1735 692 1776 712 est
1791 689 1835 711 ille
1855 688 1972 711 Donatus
1988 696 2032 718 up.
2047 687 2171 716 DELISLE,
2187 686 2251 710 Cab-

381 740 427 762 des
442 745 516 764 mss.y
531 739 549 765 1,
568 738 621 766 111,
637 746 651 760 a
667 745 718 768 quo
732 737 842 759 Carolus
858 736 911 758 dux
925 735 1106 758 Aurelianens.
1122 734 1220 757 librum
1233 733 1304 757 emit.
1323 734 1396 757 Nunc
1412 733 1491 756 etium
1505 741 1650 764 cognomen
1666 733 1722 764 ejus
1739 733 1814 755 nobis
1830 735 1921 755 notum
1936 735 1981 755 este
1999 730 2068 754 Vixit
2079 731 2164 754 adhuc
2179 733 2204 753 et.
2218 730 2250 752 nd

382 782 526 813 regentium
541 782 643 805 admitti
658 781 734 812 petiit
747 789 789 804 an.
806 781 875 804 1470.
892 780 950 802 Vid.
968 778 1151 806 D'Anomssntz
1170 778 1235 803 Coll.
1247 779 1323 808 jum,
1340 779 1371 808 1²,
1387 786 1414 809 p.
1431 779 1475 801 256
1491 786 1530 809 sq.
1546 791 1577 795 —
1592 778 1617 802 3.
1634 778 1724 800 Exstat
1741 777 1767 800 in
1781 777 1832 800 fine
1847 776 2016 799 biblicorum.

383 941 528 977 2417.
552 949 687 982 Magistri
700 951 829 982 regentes
846 947 874 972 in
890 946 1033 981 facultate
1049 946 1211 981 theologiae
1224 946 1359 971 Parisiis.

1605 1011 1681 1039 1432,
1697 1009 1836 1042 Septemb..
1850 1010 1964 1035 Parisiis.

472 1103 623 1135 Nomina
646 1101 905 1146 magistrorum
928 1100 1132 1145 regentium
1156 1111 1221 1144 pro
1243 1111 1338 1132 anno
1360 1099 1498 1132 CCCC⁰
1514 1099 1667 1131 ΧΧΧΙΙ0
1687 1098 1723 1130 in
1746 1109 1872 1130 mense
1893 1095 2097 1141 Septembri
2122 1107 2128 1127 :

472 1201 569 1226 Primo
586 1200 723 1232 magister
739 1200 840 1225 Petrus
854 1199 890 1224 de
906 1199 1036 1231 Diereyo.
1046 1198 1173 1224 decanus
1184 1197 1243 1233 [etc.
1262 1200 1289 1224 ut
1415 1198 1487 1230 Mag.
1506 1197 1674 1223 Gauss'ridus
1689 1196 1838 1222 Coclearis.

382 1258 427 1275 an.
446 1250 522 1278 1431.
536 1257 620 1282 usqae
644 1249 680 1274 ad
706 1248 901 1274 Guillclmum
931 1248 1040 1277 Erardi,
1069 1249 1180 1280 excepto
1208 1247 1291 1273 Petro
1438 1262 1471 1264 —
1510 1246 1630 1272 Michael
1643 1245 1764 1278 Anglici.

383 1298 502 1331 Migecii.
520 1298 569 1323 Hie
590 1298 729 1323 adduntur
747 1297 895 1323 ‚Iohannes
913 1297 1059 1329 Bouegue.
1071 1296 1156 1322 abbas
1173 1296 1288 1322 Fiscan-
1511 1296 1612 1321 Petrus
1627 1294 1767 1320 Mauricii.

383 1356 476 1375 nens..
491 1348 638 1372 Johannes
651 1347 686 1372 de
701 1347 820 1379 Bouryz]
1510 1345 1611 1369 Petrus
1626 1343 1768 1369 Iliersord.

471 1397 543 1428 Mag.
561 1396 706 1422 Gerardus
721 1396 869 1422 Gourron.

487 1460 522 1464 —
559 1445 698 1471 RIcardus
715 1445 750 1470 de
765 1445 905 1470 Mesnillo.
1510 1443 1656 1468 ,Iohannes
1671 1442 1706 1467 dc
1719 1441 1799 1467 Cani.

488 1510 522 1512 —
561 1494 739 1520 Guillermus
754 1494 862 1519 Adclie.
1509 1492 1655 1517 ,Iohannes
1671 1491 1708 1517 Le
1723 1489 1909 1516 Moutardier.

487 1558 523 1562 —
560 1543 729 1569 Remondus
744 1543 779 1568 de
794 1542 961 1576 Altoponte.
1315 1562 1317 1569 ,
2162 1535 2215 1571 [33]

1510 1393 1595 1426 llugo
1611 1393 1703 1418 Poret.

1438 1311 1472 1509 ΙΙΙΙΙ

476 1630 544 1654 Bibl.
561 1634 615 1653 nat.
630 1631 724 1660 Puris.‚
740 1638 790 1654 ms.
806 1630 853 1653 lut.
870 1631 939 1658 5494,
955 1638 982 1661 p.
997 1630 1042 1653 145
1058 1638 1097 1661 sq.

384 1803 528 1840 2418.
557 1812 732 1838 Universitas
748 1811 844 1837 Paris.
862 1811 1006 1837 deliber-at
1020 1811 1055 1837 de
1071 1811 1215 1845 legatione
1230 1810 1270 1836 ad
1285 1810 1384 1836 dacem
1400 1809 1586 1844 Burgundiae
1601 1812 1628 1834 et
1639 1811 1801 1834 conveniam
1814 1806 2061 1832 Autissiodorens.
2077 1804 2253 1831 destinanda

470 1870 638 1897 summaque
653 1862 704 1888 100
719 1860 896 1886 solaciorum
907 1870 961 1896 pro
976 1860 1029 1886 illa
1045 1860 1189 1895 legatione
1203 1859 1373 1885 mutuanda.

1593 1917 1666 1946 1432,
1682 1915 1799 1941 Octobris
1813 1916 1835 1944 7,
1850 1914 1967 1940 Parisiis.

470 2008 577 2040 Anno
608 2008 754 2040 Domini
794 2008 890 2048 1432,
923 2009 964 2041 7³
997 2007 1055 2039 die
1096 2007 1234 2039 mensis
1267 2006 1451 2047 Octobris,
1483 2018 1563 2038 cum
1598 2010 1792 2038 convocata
1828 2002 2073 2036 Universitate
2117 2001 2256 2034 iteratis

382 2074 524 2107 vicibus
559 2081 594 2107 et
626 2074 867 2119 frequentatis
903 2086 1013 2119 snper
1041 2074 1274 2119 expeditione
1301 2073 1518 2106 ambassiate
1547 2071 1722 2104 mittende
1757 2082 1822 2103 seu
1859 2068 2075 2102 destinande
2103 2068 2147 2100 ad
2174 2067 2255 2100 illu-

384 2142 604 2174 strissimum
634 2142 835 2186 principem
865 2141 1051 2173 dominum
1078 2141 1205 2173 ducein
1243 2140 1456 2185 Burgundie
1479 2151 1544 2184 pro
1572 2145 1722 2171 tractatu
1757 2137 1855 2182 pacis
1883 2135 2049 2169 habende
2077 2135 2113 2167 in
2142 2146 2256 2180 regno

384 2209 551 2241 Francie¹
570 2209 671 2253 juxta
693 2208 840 2240 modum
864 2214 997 2241 tactum
1019 2208 1056 2240 in
1078 2208 1323 2241 Universitate
1340 2219 1404 2252 per
1426 2205 1596 2239 scabinos
1617 2205 1726 2249 hujus
1746 2204 1832 2237 ville
1854 2215 1926 2236 non
1949 2202 2108 2247 potuerit
2130 2201 2256 2234 haberi

384 2275 577 2308 concordia
606 2276 642 2307 in
670 2275 836 2320 pecuniis
871 2274 1059 2307 tradendis
1087 2286 1151 2307 seu
1181 2274 1420 2319 expediendis
1442 2272 1645 2306 reverendo
1674 2272 1710 2304 in
1750 2271 1896 2305 Christo
1927 2269 2017 2314 patri
2040 2275 2074 2301 et
2094 2268 2255 2309 domino,

385 2343 532 2374 domino
554 2342 729 2387 episcopo
758 2341 960 2374 Meldensi²
982 2341 1216 2374 ambaxiatori
1245 2341 1477 2373 concorditer
1505 2339 1620 2372 electo
1649 2338 1692 2371 ab
1716 2338 1961 2371 Universitate
1989 2336 2125 2381 prefata
2146 2346 2258 2380 super

386 2416 541 2453 protacta
577 2409 738 2450 materia,
776 2409 844 2441 fuit
878 2408 1107 2442 Universitas
1141 2408 1218 2453 ipsa
1259 2414 1453 2440 convocata
1494 2418 1559 2452 pel·
1598 2406 1785 2438 dominum
1820 2404 2021 2437 rectorem³
2055 2403 2092 2435 in
2127 2402 2256 2435 Sancto

386 2476 565 2508 Maturino
598 2487 708 2520 super
741 2475 859 2508 tribus
889 2470 1064 2508 articuiis.
1094 2476 1236 2508 Primus
1268 2475 1310 2507 ad
1340 2474 1607 2519 expeditionem
1638 2473 1784 2506 totalem
1814 2479 1849 2504 et
1881 2471 2024 2504 finalem
2059 2469 2256 2502 ambaxiate

386 2543 560 2575 mittende
581 2542 625 2575 ad
647 2542 833 2575 dominum
851 2542 979 2575 ducem
1004 2542 1238 2587 Burgundie3
1274 2541 1459 2574 secundus
1487 2540 1531 2573 ad
1558 2539 1824 2585 providendum
1849 2545 1884 2571 et
1912 2536 2182 2582 disponendum
2211 2535 2256 2568 de

387 2608 506 2641 ostiolo
524 2609 793 2642 conservatoris
815 2609 1092 2654 privilegiorum
1114 2608 1206 2642 alme
1234 2608 1337 2641 matri
1360 2607 1595 2641 Universitati
1622 2606 1819 2639 Parisiensi
1840 2617 1857 2637 a
1889 2617 1918 2637 s.
1943 2604 2030 2637 sede
2058 2602 2255 2648 apostolica

387 2675 629 2716 iudultorum;
652 2676 782 2708 tertius
804 2676 1021 2708 communis.

477 2743 655 2783 Quantum
696 2742 739 2775 ad
780 2742 948 2787 primum,
991 2743 1073 2787 quia
1115 2743 1245 2775 factum
1296 2742 1414 2787 ipsum
1455 2741 1654 2774 ambaxiate
1697 2739 1889 2773 videbatur
1927 2737 2064 2770 nationi
2106 2735 2255 2768 Francie

390 2808 691 2851 quamplurimum
714 2808 911 2841 favorabile
932 2816 967 2842 et
988 2810 1099 2854 pium⁷
1123 2810 1232 2841 immo
1261 2821 1400 2842 summe
1429 2815 1580 2848 rectum,
1610 2808 1688 2852 ipsa
1711 2805 1879 2852 plurIbus
1900 2811 1935 2837 et
1955 2803 2093 2836 iteratis
2114 2801 2256 2835 vicibus

391 2874 569 2906 conclusit
598 2875 695 2918 quod
723 2875 866 2908 volebat
896 2876 1050 2908 mittere.
1085 2877 1129 2908 Et
1155 2876 1274 2921 quoad
1301 2875 1474 2920 pecunias
1503 2874 1698 2907 tradendas
1726 2879 1762 2906 et
1793 2871 1978 2905 habendas
2006 2874 2256 2903 convenerunt

2481 2907 2502 3147 sx-zA-:aa-m-„ki
