<?xml version="1.0" encoding="UTF-8"?>
<!DOCTYPE html PUBLIC "-//W3C//DTD XHTML 1.0 Transitional//EN"
    "http://www.w3.org/TR/xhtml1/DTD/xhtml1-transitional.dtd">
<html xmlns="http://www.w3.org/1999/xhtml" xml:lang="en" lang="en">
 <head>
  <title>
</title>
<meta http-equiv="Content-Type" content="text/html;charset=utf-8" />
  <meta name='ocr-system' content='tesseract 3.04.00' />
  <meta name='ocr-capabilities' content='ocr_page ocr_carea ocr_par ocr_line ocrx_word'/>
</head>
<body>
  <div class='ocr_page' id='page_1' title='image "./chartulariumuniv04univuoft_0469.png"; bbox 0 0 2502 3418; ppageno 0'>
   <div class='ocr_carea' id='block_1_1' title="bbox 242 357 2098 396">
    <p class='ocr_par' dir='ltr' id='par_1_1' title="bbox 242 357 2098 396">
     <span class='ocr_line' id='line_1_1' title="bbox 242 357 2098 396; baseline -0.001 -3"><span class='ocrx_word' id='word_1_1' title='bbox 242 357 338 395; x_wconf 88' lang='lat'><strong>1423]</strong></span> <span class='ocrx_word' id='word_1_2' title='bbox 584 371 630 393; x_wconf 72' lang='lat' dir='ltr'><em>AB</em></span> <span class='ocrx_word' id='word_1_3' title='bbox 664 371 769 392; x_wconf 68' lang='lat' dir='ltr'><em>Auno</em></span> <span class='ocrx_word' id='word_1_4' title='bbox 804 368 1092 392; x_wconf 76' lang='lat' dir='ltr'>MCCCLxxxxw</span> <span class='ocrx_word' id='word_1_5' title='bbox 1126 367 1257 396; x_wconf 76' lang='lat' dir='ltr'>USQUE</span> <span class='ocrx_word' id='word_1_6' title='bbox 1292 368 1339 390; x_wconf 72' lang='lat' dir='ltr'><em>AD</em></span> <span class='ocrx_word' id='word_1_7' title='bbox 1374 368 1513 390; x_wconf 78' lang='lat' dir='ltr'><strong>ANNUM</strong></span> <span class='ocrx_word' id='word_1_8' title='bbox 1548 369 1752 391; x_wconf 64' lang='lat' dir='ltr'><em>mccccmr</em></span> <span class='ocrx_word' id='word_1_9' title='bbox 2034 362 2098 395; x_wconf 78' lang='lat'><em>425</em></span> 
     </span>
    </p>
   </div>
   <div class='ocr_carea' id='block_1_2' title="bbox 240 483 2100 727">
    <p class='ocr_par' dir='ltr' id='par_1_2' title="bbox 240 483 2100 727">
     <span class='ocr_line' id='line_1_2' title="bbox 240 483 2098 528; baseline -0.001 -7"><span class='ocrx_word' id='word_1_10' title='bbox 240 483 383 520; x_wconf 79' lang='lat'>2229.</span> <span class='ocrx_word' id='word_1_11' title='bbox 407 494 439 518; x_wconf 88' lang='lat' dir='ltr'><em>ln</em></span> <span class='ocrx_word' id='word_1_12' title='bbox 458 494 533 527; x_wconf 85' lang='lat' dir='ltr'><em>festo</em></span> <span class='ocrx_word' id='word_1_13' title='bbox 553 494 584 519; x_wconf 93' lang='lat' dir='ltr'><em>B.</em></span> <span class='ocrx_word' id='word_1_14' title='bbox 603 491 817 518; x_wconf 77' lang='lat' dir='ltr'><em>Bartliolomaei</em></span> <span class='ocrx_word' id='word_1_15' title='bbox 836 490 962 527; x_wconf 77' lang='lat' dir='ltr'><em>apostoli</em></span> <span class='ocrx_word' id='word_1_16' title='bbox 979 493 1169 526; x_wconf 82' lang='lat' dir='ltr'><em>praesentata</em></span> <span class='ocrx_word' id='word_1_17' title='bbox 1190 493 1232 515; x_wconf 87' lang='lat' dir='ltr'><em>est</em></span> <span class='ocrx_word' id='word_1_18' title='bbox 1251 489 1396 515; x_wconf 76' lang='lat' dir='ltr'><em>ordinatio</em></span> <span class='ocrx_word' id='word_1_19' title='bbox 1413 490 1540 525; x_wconf 79' lang='lat' dir='ltr'><em>episcopi</em></span> <span class='ocrx_word' id='word_1_20' title='bbox 1555 490 1649 515; x_wconf 84' lang='lat' dir='ltr'><em>Paris.</em></span> <span class='ocrx_word' id='word_1_21' title='bbox 1669 491 1787 525; x_wconf 82' lang='lat' dir='ltr'><em>ejusque</em></span> <span class='ocrx_word' id='word_1_22' title='bbox 1802 492 1934 524; x_wconf 80' lang='lat' dir='ltr'><em>officialis</em></span> <span class='ocrx_word' id='word_1_23' title='bbox 1948 493 2098 528; x_wconf 74' lang='lat' dir='ltr'><em>publicata</em></span> 
     </span>
     <span class='ocr_line' id='line_1_3' title="bbox 327 540 2099 579; baseline -0.001 -9"><span class='ocrx_word' id='word_1_24' title='bbox 327 544 512 579; x_wconf 74' lang='lat' dir='ltr'><em>sequentihus</em></span> <span class='ocrx_word' id='word_1_25' title='bbox 529 544 679 570; x_wconf 82' lang='lat' dir='ltr'><em>dominicis</em></span> <span class='ocrx_word' id='word_1_26' title='bbox 694 547 721 570; x_wconf 90' lang='lat' dir='ltr'><em>et</em></span> <span class='ocrx_word' id='word_1_27' title='bbox 735 543 836 569; x_wconf 82' lang='lat' dir='ltr'><em>diebus</em></span> <span class='ocrx_word' id='word_1_28' title='bbox 854 542 964 577; x_wconf 79' lang='lat' dir='ltr'><em>festivis</em></span> <span class='ocrx_word' id='word_1_29' title='bbox 980 550 1033 577; x_wconf 80' lang='lat' dir='ltr'><em>per</em></span> <span class='ocrx_word' id='word_1_30' title='bbox 1046 541 1183 567; x_wconf 82' lang='lat' dir='ltr'><em>ecclesias</em></span> <span class='ocrx_word' id='word_1_31' title='bbox 1197 540 1381 577; x_wconf 72' lang='lat' dir='ltr'><em>parochiales</em></span> <span class='ocrx_word' id='word_1_32' title='bbox 1398 541 1522 566; x_wconf 70' lang='lat' dir='ltr'><em>civitatis</em></span> <span class='ocrx_word' id='word_1_33' title='bbox 1538 545 1564 566; x_wconf 85' lang='lat' dir='ltr'><em>et</em></span> <span class='ocrx_word' id='word_1_34' title='bbox 1580 541 1664 567; x_wconf 63' lang='lat' dir='ltr'><em>willae</em></span> <span class='ocrx_word' id='word_1_35' title='bbox 1679 542 1785 573; x_wconf 65' lang='lat' dir='ltr'><em>Paris,</em></span> <span class='ocrx_word' id='word_1_36' title='bbox 1805 551 1862 576; x_wconf 78' lang='lat' dir='ltr'><em>qua</em></span> <span class='ocrx_word' id='word_1_37' title='bbox 1877 543 2000 568; x_wconf 78' lang='lat' dir='ltr'><em>Johanni</em></span> <span class='ocrx_word' id='word_1_38' title='bbox 2018 545 2099 569; x_wconf 84' lang='lat' dir='ltr'><em>Dom-</em></span> 
     </span>
     <span class='ocr_line' id='line_1_4' title="bbox 328 590 2100 628; baseline -0.001 -9"><span class='ocrx_word' id='word_1_39' title='bbox 328 593 398 619; x_wconf 86' lang='lat' dir='ltr'><em>remi</em></span> <span class='ocrx_word' id='word_1_40' title='bbox 418 597 445 619; x_wconf 82' lang='lat' dir='ltr'><em>et</em></span> <span class='ocrx_word' id='word_1_41' title='bbox 465 593 609 619; x_wconf 81' lang='lat' dir='ltr'><em>similibus</em></span> <span class='ocrx_word' id='word_1_42' title='bbox 633 593 734 619; x_wconf 82' lang='lat' dir='ltr'><em>illicite</em></span> <span class='ocrx_word' id='word_1_43' title='bbox 753 591 983 628; x_wconf 80' lang='lat' dir='ltr'><em>practicantibns</em></span> <span class='ocrx_word' id='word_1_44' title='bbox 1008 590 1061 616; x_wconf 79' lang='lat' dir='ltr'><em>sub</em></span> <span class='ocrx_word' id='word_1_45' title='bbox 1082 599 1178 626; x_wconf 80' lang='lat' dir='ltr'><em>poena</em></span> <span class='ocrx_word' id='word_1_46' title='bbox 1199 590 1500 616; x_wconf 70' lang='lat' dir='ltr'><em>emommzmicationis</em></span> <span class='ocrx_word' id='word_1_47' title='bbox 1524 594 1550 615; x_wconf 91' lang='lat' dir='ltr'><em>et</em></span> <span class='ocrx_word' id='word_1_48' title='bbox 1570 591 1604 617; x_wconf 77' lang='lat'><em>60</em></span> <span class='ocrx_word' id='word_1_49' title='bbox 1624 590 1688 616; x_wconf 77' lang='lat' dir='ltr'><em>libr.</em></span> <span class='ocrx_word' id='word_1_50' title='bbox 1711 590 1802 626; x_wconf 77' lang='lat' dir='ltr'><em>paris.</em></span> <span class='ocrx_word' id='word_1_51' title='bbox 1826 591 2040 626; x_wconf 66' lang='lat' dir='ltr'><em>prohibebatur⁷</em></span> <span class='ocrx_word' id='word_1_52' title='bbox 2066 602 2100 618; x_wconf 83' lang='lat' dir='ltr'><em>ne</em></span> 
     </span>
     <span class='ocr_line' id='line_1_5' title="bbox 328 639 2097 677; baseline 0 -10"><span class='ocrx_word' id='word_1_53' title='bbox 328 643 476 668; x_wconf 69' lang='lat' dir='ltr'><em>visitarent</em></span> <span class='ocrx_word' id='word_1_54' title='bbox 491 642 618 677; x_wconf 81' lang='lat' dir='ltr'><em>infirmos</em></span> <span class='ocrx_word' id='word_1_55' title='bbox 641 643 669 668; x_wconf 85' lang='lat' dir='ltr'><em>in</em></span> <span class='ocrx_word' id='word_1_56' title='bbox 689 642 804 668; x_wconf 71' lang='lat' dir='ltr'><em>civitate</em></span> <span class='ocrx_word' id='word_1_57' title='bbox 819 645 847 667; x_wconf 83' lang='lat' dir='ltr'><em>et</em></span> <span class='ocrx_word' id='word_1_58' title='bbox 867 640 1014 667; x_wconf 79' lang='lat' dir='ltr'><em>suburbiis</em></span> <span class='ocrx_word' id='word_1_59' title='bbox 1034 640 1128 666; x_wconf 79' lang='lat' dir='ltr'><em>Paris.</em></span> <span class='ocrx_word' id='word_1_60' title='bbox 1148 639 1312 674; x_wconf 79' lang='lat' dir='ltr'><em>Sigillatum</em></span> <span class='ocrx_word' id='word_1_61' title='bbox 1333 643 1375 665; x_wconf 91' lang='lat' dir='ltr'><em>est</em></span> <span class='ocrx_word' id='word_1_62' title='bbox 1396 640 1482 665; x_wconf 86' lang='lat' dir='ltr'><em>etiam</em></span> <span class='ocrx_word' id='word_1_63' title='bbox 1504 639 1532 665; x_wconf 86' lang='lat' dir='ltr'><em>in</em></span> <span class='ocrx_word' id='word_1_64' title='bbox 1553 639 1730 665; x_wconf 81' lang='lat' dir='ltr'><em>cancellaria</em></span> <span class='ocrx_word' id='word_1_65' title='bbox 1751 641 1891 666; x_wconf 55' lang='lat' dir='ltr'><em>[rb-anciae</em></span> <span class='ocrx_word' id='word_1_66' title='bbox 1908 641 2097 676; x_wconf 67' lang='lat' dir='ltr'><em>privilegium,</em></span> 
     </span>
     <span class='ocr_line' id='line_1_6' title="bbox 327 688 1769 727; baseline -0.001 -10"><span class='ocrx_word' id='word_1_67' title='bbox 327 691 404 727; x_wconf 82' lang='lat' dir='ltr'><em>quod</em></span> <span class='ocrx_word' id='word_1_68' title='bbox 417 691 546 726; x_wconf 75' lang='lat' dir='ltr'><em>facultas</em></span> <span class='ocrx_word' id='word_1_69' title='bbox 562 691 722 718; x_wconf 84' lang='lat' dir='ltr'><em>medicinae</em></span> <span class='ocrx_word' id='word_1_70' title='bbox 737 691 823 717; x_wconf 80' lang='lat' dir='ltr'><em>habet</em></span> <span class='ocrx_word' id='word_1_71' title='bbox 840 694 939 716; x_wconf 82' lang='lat' dir='ltr'><em>contra</em></span> <span class='ocrx_word' id='word_1_72' title='bbox 954 690 1151 723; x_wconf 83' lang='lat' dir='ltr'><em>cabusatores,</em></span> <span class='ocrx_word' id='word_1_73' title='bbox 1168 693 1196 715; x_wconf 91' lang='lat' dir='ltr'><em>et</em></span> <span class='ocrx_word' id='word_1_74' title='bbox 1206 692 1424 725; x_wconf 80' lang='lat' dir='ltr'><em>praesentatam</em></span> <span class='ocrx_word' id='word_1_75' title='bbox 1438 698 1491 725; x_wconf 79' lang='lat' dir='ltr'><em>per</em></span> <span class='ocrx_word' id='word_1_76' title='bbox 1506 688 1658 724; x_wconf 74' lang='lat' dir='ltr'><em>quadrivia</em></span> <span class='ocrx_word' id='word_1_77' title='bbox 1673 689 1769 715; x_wconf 85' lang='lat' dir='ltr'><em>Paris.</em></span> 
     </span>
    </p>
   </div>
   <div class='ocr_carea' id='block_1_3' title="bbox 1428 779 1815 811">
    <p class='ocr_par' dir='ltr' id='par_1_3' title="bbox 1428 779 1815 811">
     <span class='ocr_line' id='line_1_7' title="bbox 1428 779 1815 811; baseline 0.003 -7"><span class='ocrx_word' id='word_1_78' title='bbox 1428 779 1504 809; x_wconf 76' lang='lat'><strong><em>1423,</em></strong></span> <span class='ocrx_word' id='word_1_79' title='bbox 1521 779 1628 811; x_wconf 65' lang='lat' dir='ltr'><em>Augusti</em></span> <span class='ocrx_word' id='word_1_80' title='bbox 1642 780 1686 809; x_wconf 85' lang='grc'><em>24,</em></span> <span class='ocrx_word' id='word_1_81' title='bbox 1702 780 1815 805; x_wconf 80' lang='lat' dir='ltr'><em>Parisiis.</em></span> 
     </span>
    </p>
   </div>
   <div class='ocr_carea' id='block_1_4' title="bbox 333 816 774 847">
    <p class='ocr_par' dir='ltr' id='par_1_4' title="bbox 333 816 774 847">
     <span class='ocr_line' id='line_1_8' title="bbox 333 816 774 847; baseline -0.005 -7"><span class='ocrx_word' id='word_1_82' title='bbox 333 816 478 840; x_wconf 79' lang='lat' dir='ltr'><em>Comment.</em></span> <span class='ocrx_word' id='word_1_83' title='bbox 491 818 540 840; x_wconf 81' lang='lat' dir='ltr'><em>sac.</em></span> <span class='ocrx_word' id='word_1_84' title='bbox 556 816 634 845; x_wconf 77' lang='lat' dir='ltr'><em>med.⁷</em></span> <span class='ocrx_word' id='word_1_85' title='bbox 649 816 668 844; x_wconf 82' lang='lat'><em>1,</em></span> <span class='ocrx_word' id='word_1_86' title='bbox 682 824 708 847; x_wconf 86' lang='lat' dir='ltr'><em>p.</em></span> <span class='ocrx_word' id='word_1_87' title='bbox 721 816 774 838; x_wconf 77' lang='lat'>260.</span> 
     </span>
    </p>
   </div>
   <div class='ocr_carea' id='block_1_5' title="bbox 242 993 2103 1080">
    <p class='ocr_par' dir='ltr' id='par_1_5' title="bbox 242 993 2103 1080">
     <span class='ocr_line' id='line_1_9' title="bbox 242 993 2103 1039; baseline -0.001 -8"><span class='ocrx_word' id='word_1_88' title='bbox 242 993 385 1031; x_wconf 81' lang='lat'>2230.</span> <span class='ocrx_word' id='word_1_89' title='bbox 409 1003 549 1038; x_wconf 76' lang='lat' dir='ltr'><em>Magister</em></span> <span class='ocrx_word' id='word_1_90' title='bbox 569 1002 713 1029; x_wconf 76' lang='lat' dir='ltr'><em>lohannes</em></span> <span class='ocrx_word' id='word_1_91' title='bbox 733 1002 875 1029; x_wconf 75' lang='lat' dir='ltr'><em>Domi-emi</em></span> <span class='ocrx_word' id='word_1_92' title='bbox 895 1006 1050 1028; x_wconf 81' lang='lat' dir='ltr'><em>accusatus</em></span> <span class='ocrx_word' id='word_1_93' title='bbox 1072 1011 1167 1028; x_wconf 86' lang='lat' dir='ltr'><em>coram</em></span> <span class='ocrx_word' id='word_1_94' title='bbox 1188 1004 1370 1039; x_wconf 67' lang='lat' dir='ltr'><em>parlamenti)</em></span> <span class='ocrx_word' id='word_1_95' title='bbox 1392 1013 1423 1030; x_wconf 87' lang='lat' dir='ltr'><em>se</em></span> <span class='ocrx_word' id='word_1_96' title='bbox 1444 1001 1575 1037; x_wconf 81' lang='lat' dir='ltr'><em>defendit</em></span> <span class='ocrx_word' id='word_1_97' title='bbox 1594 1005 1693 1027; x_wconf 83' lang='lat' dir='ltr'><em>contra</em></span> <span class='ocrx_word' id='word_1_98' title='bbox 1714 1002 1926 1028; x_wconf 83' lang='lat' dir='ltr'><em>accusationem</em></span> <span class='ocrx_word' id='word_1_99' title='bbox 1949 1002 2103 1036; x_wconf 80' lang='lat' dir='ltr'><em>facultatis</em></span> 
     </span>
     <span class='ocr_line' id='line_1_10' title="bbox 329 1052 499 1080; baseline 0.012 -2"><span class='ocrx_word' id='word_1_100' title='bbox 329 1052 499 1080; x_wconf 81' lang='lat' dir='ltr'><em>medicinae.</em></span> 
     </span>
    </p>
   </div>
   <div class='ocr_carea' id='block_1_6' title="bbox 240 1089 2111 2906">
    <p class='ocr_par' dir='ltr' id='par_1_6' title="bbox 1365 1089 1818 1119">
     <span class='ocr_line' id='line_1_11' title="bbox 1365 1089 1818 1119; baseline -0.007 -2"><span class='ocrx_word' id='word_1_101' title='bbox 1365 1092 1440 1119; x_wconf 83' lang='grc'><strong>1423,</strong></span> <span class='ocrx_word' id='word_1_102' title='bbox 1456 1090 1569 1116; x_wconf 77' lang='lat' dir='ltr'><em>Novemb.</em></span> <span class='ocrx_word' id='word_1_103' title='bbox 1586 1090 1628 1119; x_wconf 82' lang='lat'><em>23,</em></span> <span class='ocrx_word' id='word_1_104' title='bbox 1644 1090 1687 1119; x_wconf 82' lang='lat'><em>29,</em></span> <span class='ocrx_word' id='word_1_105' title='bbox 1705 1089 1818 1115; x_wconf 78' lang='lat' dir='ltr'><em>Parisiis.</em></span> 
     </span>
    </p>

    <p class='ocr_par' dir='ltr' id='par_1_7' title="bbox 240 1177 2111 2368">
     <span class='ocr_line' id='line_1_12' title="bbox 329 1177 2104 1223; baseline -0.001 -13"><span class='ocrx_word' id='word_1_106' title='bbox 329 1177 444 1211; x_wconf 90' lang='lat' dir='ltr'><em>Mardi</em></span> <span class='ocrx_word' id='word_1_107' title='bbox 464 1177 564 1222; x_wconf 67' lang='lat' dir='ltr'><em>xxiije</em></span> <span class='ocrx_word' id='word_1_108' title='bbox 579 1179 665 1223; x_wconf 83' lang='lat' dir='ltr'><em>jour</em></span> <span class='ocrx_word' id='word_1_109' title='bbox 686 1178 730 1210; x_wconf 90' lang='lat' dir='ltr'><em>de</em></span> <span class='ocrx_word' id='word_1_110' title='bbox 751 1177 968 1211; x_wconf 79' lang='lat' dir='ltr'><em>Noveinbre.</em></span> <span class='ocrx_word' id='word_1_111' title='bbox 985 1198 1029 1203; x_wconf 85' lang='lat'><em>--</em></span> <span class='ocrx_word' id='word_1_112' title='bbox 1049 1179 1159 1212; x_wconf 86' lang='lat' dir='ltr'><em>Entre</em></span> <span class='ocrx_word' id='word_1_113' title='bbox 1181 1179 1327 1212; x_wconf 85' lang='lat' dir='ltr'><em>maistre</em></span> <span class='ocrx_word' id='word_1_114' title='bbox 1347 1179 1461 1212; x_wconf 85' lang='lat' dir='ltr'><em>Jehan</em></span> <span class='ocrx_word' id='word_1_115' title='bbox 1483 1179 1527 1211; x_wconf 89' lang='lat' dir='ltr'><em>de</em></span> <span class='ocrx_word' id='word_1_116' title='bbox 1549 1178 1771 1223; x_wconf 75' lang='lat' dir='ltr'><em>Dolnpremi‚</em></span> <span class='ocrx_word' id='word_1_117' title='bbox 1789 1177 1954 1210; x_wconf 82' lang='lat' dir='ltr'><em>medeciu</em></span> <span class='ocrx_word' id='word_1_118' title='bbox 1976 1184 2009 1210; x_wconf 88' lang='lat' dir='ltr'><em>et</em></span> <span class='ocrx_word' id='word_1_119' title='bbox 2030 1177 2104 1210; x_wconf 90' lang='lat' dir='ltr'><em>chi-</em></span> 
     </span>
     <span class='ocr_line' id='line_1_13' title="bbox 241 1244 2104 1290; baseline -0.001 -12"><span class='ocrx_word' id='word_1_120' title='bbox 241 1245 390 1290; x_wconf 88' lang='lat' dir='ltr'><em>rurgien</em></span> <span class='ocrx_word' id='word_1_121' title='bbox 411 1245 519 1278; x_wconf 86' lang='lat' dir='ltr'><em>d&#39;une</em></span> <span class='ocrx_word' id='word_1_122' title='bbox 540 1251 630 1290; x_wconf 74' lang='lat' dir='ltr'><em>part,</em></span> <span class='ocrx_word' id='word_1_123' title='bbox 649 1251 683 1278; x_wconf 84' lang='lat' dir='ltr'><em>et</em></span> <span class='ocrx_word' id='word_1_124' title='bbox 703 1244 757 1278; x_wconf 87' lang='lat' dir='ltr'><em>les</em></span> <span class='ocrx_word' id='word_1_125' title='bbox 778 1244 896 1290; x_wconf 86' lang='lat' dir='ltr'><em>doyen</em></span> <span class='ocrx_word' id='word_1_126' title='bbox 914 1252 948 1278; x_wconf 87' lang='lat' dir='ltr'><em>et</em></span> <span class='ocrx_word' id='word_1_127' title='bbox 968 1245 1135 1279; x_wconf 79' lang='lat' dir='ltr'><em>maistres</em></span> <span class='ocrx_word' id='word_1_128' title='bbox 1157 1258 1202 1279; x_wconf 86' lang='lat' dir='ltr'><em>en</em></span> <span class='ocrx_word' id='word_1_129' title='bbox 1223 1246 1410 1279; x_wconf 85' lang='lat' dir='ltr'><em>medecine</em></span> <span class='ocrx_word' id='word_1_130' title='bbox 1432 1246 1476 1279; x_wconf 86' lang='lat' dir='ltr'><em>de</em></span> <span class='ocrx_word' id='word_1_131' title='bbox 1498 1245 1731 1279; x_wconf 70' lang='lat' dir='ltr'><em>l’Universite</em></span> <span class='ocrx_word' id='word_1_132' title='bbox 1753 1245 1797 1277; x_wconf 89' lang='lat' dir='ltr'><em>de</em></span> <span class='ocrx_word' id='word_1_133' title='bbox 1819 1245 1919 1277; x_wconf 83' lang='lat' dir='ltr'><em>Paris</em></span> <span class='ocrx_word' id='word_1_134' title='bbox 1941 1251 1977 1277; x_wconf 91' lang='lat' dir='ltr'><em>et</em></span> <span class='ocrx_word' id='word_1_135' title='bbox 1995 1244 2104 1277; x_wconf 89' lang='lat' dir='ltr'><em>ladite</em></span> 
     </span>
     <span class='ocr_line' id='line_1_14' title="bbox 240 1312 2106 1358; baseline -0.001 -13"><span class='ocrx_word' id='word_1_136' title='bbox 240 1312 447 1346; x_wconf 77' lang='lat' dir='ltr'><em>Universite</em></span> <span class='ocrx_word' id='word_1_137' title='bbox 468 1312 604 1345; x_wconf 82' lang='lat' dir='ltr'><em>d’autre</em></span> <span class='ocrx_word' id='word_1_138' title='bbox 626 1318 715 1357; x_wconf 85' lang='lat' dir='ltr'><em>part.</em></span> <span class='ocrx_word' id='word_1_139' title='bbox 738 1313 946 1357; x_wconf 87' lang='lat' dir='ltr'><em>Dompremi</em></span> <span class='ocrx_word' id='word_1_140' title='bbox 968 1319 1128 1358; x_wconf 85' lang='lat' dir='ltr'><em>proteste</em></span> <span class='ocrx_word' id='word_1_141' title='bbox 1150 1313 1194 1346; x_wconf 87' lang='lat' dir='ltr'><em>de</em></span> <span class='ocrx_word' id='word_1_142' title='bbox 1216 1326 1289 1346; x_wconf 87' lang='lat' dir='ltr'><em>non</em></span> <span class='ocrx_word' id='word_1_143' title='bbox 1305 1313 1449 1346; x_wconf 82' lang='lat' dir='ltr'><em>vouloir</em></span> <span class='ocrx_word' id='word_1_144' title='bbox 1465 1313 1618 1358; x_wconf 80' lang='lat' dir='ltr'><em>injuriet·</em></span> <span class='ocrx_word' id='word_1_145' title='bbox 1634 1324 1750 1345; x_wconf 84' lang='lat' dir='ltr'><em>aucun</em></span> <span class='ocrx_word' id='word_1_146' title='bbox 1767 1324 1812 1344; x_wconf 90' lang='lat' dir='ltr'><em>ne</em></span> <span class='ocrx_word' id='word_1_147' title='bbox 1834 1312 2017 1357; x_wconf 84' lang='lat' dir='ltr'><em>deroguer</em></span> <span class='ocrx_word' id='word_1_148' title='bbox 2038 1324 2106 1345; x_wconf 86' lang='lat' dir='ltr'><em>aux</em></span> 
     </span>
     <span class='ocr_line' id='line_1_15' title="bbox 241 1379 2105 1426; baseline 0 -14"><span class='ocrx_word' id='word_1_149' title='bbox 241 1379 439 1425; x_wconf 77' lang='lat' dir='ltr'><em>privileges</em></span> <span class='ocrx_word' id='word_1_150' title='bbox 465 1379 510 1412; x_wconf 90' lang='lat' dir='ltr'><em>de</em></span> <span class='ocrx_word' id='word_1_151' title='bbox 540 1379 648 1412; x_wconf 87' lang='lat' dir='ltr'><em>ladite</em></span> <span class='ocrx_word' id='word_1_152' title='bbox 679 1380 900 1421; x_wconf 71' lang='lat' dir='ltr'><em>Universite,</em></span> <span class='ocrx_word' id='word_1_153' title='bbox 932 1386 967 1413; x_wconf 90' lang='lat' dir='ltr'><em>et</em></span> <span class='ocrx_word' id='word_1_154' title='bbox 992 1380 1044 1413; x_wconf 90' lang='lat' dir='ltr'><em>dit</em></span> <span class='ocrx_word' id='word_1_155' title='bbox 1068 1381 1155 1425; x_wconf 80' lang='lat' dir='ltr'><em>qu&#39;il</em></span> <span class='ocrx_word' id='word_1_156' title='bbox 1185 1393 1202 1413; x_wconf 89' lang='lat' dir='ltr'><em>a</em></span> <span class='ocrx_word' id='word_1_157' title='bbox 1233 1381 1412 1426; x_wconf 79' lang='lat' dir='ltr'><em>pratiquie</em></span> <span class='ocrx_word' id='word_1_158' title='bbox 1442 1381 1502 1425; x_wconf 86' lang='lat' dir='ltr'><em>xlij</em></span> <span class='ocrx_word' id='word_1_159' title='bbox 1534 1392 1598 1413; x_wconf 85' lang='lat' dir='ltr'><em>ans</em></span> <span class='ocrx_word' id='word_1_160' title='bbox 1626 1382 1643 1412; x_wconf 70' lang='grc' dir='ltr'><em>ἱι</em></span> <span class='ocrx_word' id='word_1_161' title='bbox 1671 1380 1783 1421; x_wconf 84' lang='lat' dir='ltr'><em>Paris⁷</em></span> <span class='ocrx_word' id='word_1_162' title='bbox 1812 1386 1858 1421; x_wconf 75' lang='lat' dir='ltr'><em>et,</em></span> <span class='ocrx_word' id='word_1_163' title='bbox 1887 1386 1991 1412; x_wconf 87' lang='lat' dir='ltr'><em>avant</em></span> <span class='ocrx_word' id='word_1_164' title='bbox 2019 1380 2105 1424; x_wconf 66' lang='lat' dir='ltr'><em>qu&#39;il</em></span> 
     </span>
     <span class='ocr_line' id='line_1_16' title="bbox 240 1446 2106 1493; baseline 0 -14"><span class='ocrx_word' id='word_1_165' title='bbox 240 1446 361 1480; x_wconf 88' lang='lat' dir='ltr'><em>veinst</em></span> <span class='ocrx_word' id='word_1_166' title='bbox 381 1448 399 1479; x_wconf 76' lang='lat' dir='ltr'><em>a</em></span> <span class='ocrx_word' id='word_1_167' title='bbox 419 1446 532 1487; x_wconf 74' lang='lat' dir='ltr'><em>Paris,</em></span> <span class='ocrx_word' id='word_1_168' title='bbox 551 1458 595 1479; x_wconf 87' lang='lat' dir='ltr'><em>en</em></span> <span class='ocrx_word' id='word_1_169' title='bbox 616 1446 649 1479; x_wconf 84' lang='lat' dir='ltr'><em>la</em></span> <span class='ocrx_word' id='word_1_170' title='bbox 672 1446 757 1479; x_wconf 88' lang='lat' dir='ltr'><em>ville</em></span> <span class='ocrx_word' id='word_1_171' title='bbox 779 1447 822 1479; x_wconf 90' lang='lat' dir='ltr'><em>de</em></span> <span class='ocrx_word' id='word_1_172' title='bbox 843 1447 985 1488; x_wconf 63' lang='lat' dir='ltr'><em>Troies,</em></span> <span class='ocrx_word' id='word_1_173' title='bbox 1008 1454 1043 1480; x_wconf 87' lang='lat' dir='ltr'><em>et</em></span> <span class='ocrx_word' id='word_1_174' title='bbox 1063 1448 1193 1493; x_wconf 84' lang='lat' dir='ltr'><em>depuis</em></span> <span class='ocrx_word' id='word_1_175' title='bbox 1215 1448 1239 1480; x_wconf 92' lang='lat' dir='ltr'><em>il</em></span> <span class='ocrx_word' id='word_1_176' title='bbox 1265 1460 1283 1481; x_wconf 86' lang='lat' dir='ltr'><em>a</em></span> <span class='ocrx_word' id='word_1_177' title='bbox 1304 1448 1492 1490; x_wconf 76' lang='lat' dir='ltr'><em>deiuoure,</em></span> <span class='ocrx_word' id='word_1_178' title='bbox 1514 1450 1690 1480; x_wconf 78' lang='lat' dir='ltr'><em>converse</em></span> <span class='ocrx_word' id='word_1_179' title='bbox 1712 1453 1747 1479; x_wconf 88' lang='lat' dir='ltr'><em>et</em></span> <span class='ocrx_word' id='word_1_180' title='bbox 1767 1446 1921 1491; x_wconf 79' lang='lat' dir='ltr'><em>repairie</em></span> <span class='ocrx_word' id='word_1_181' title='bbox 1946 1459 2031 1480; x_wconf 88' lang='lat' dir='ltr'><em>avec</em></span> <span class='ocrx_word' id='word_1_182' title='bbox 2052 1447 2106 1479; x_wconf 90' lang='lat' dir='ltr'><em>les</em></span> 
     </span>
     <span class='ocr_line' id='line_1_17' title="bbox 242 1513 2105 1560; baseline 0 -14"><span class='ocrx_word' id='word_1_183' title='bbox 242 1513 324 1559; x_wconf 89' lang='lat' dir='ltr'><em>plus</em></span> <span class='ocrx_word' id='word_1_184' title='bbox 345 1513 511 1546; x_wconf 84' lang='lat' dir='ltr'><em>notables</em></span> <span class='ocrx_word' id='word_1_185' title='bbox 533 1513 720 1546; x_wconf 84' lang='lat' dir='ltr'><em>medecins</em></span> <span class='ocrx_word' id='word_1_186' title='bbox 744 1520 779 1547; x_wconf 88' lang='lat' dir='ltr'><em>et</em></span> <span class='ocrx_word' id='word_1_187' title='bbox 806 1514 1021 1559; x_wconf 87' lang='lat' dir='ltr'><em>cyrurgiens</em></span> <span class='ocrx_word' id='word_1_188' title='bbox 1051 1515 1095 1547; x_wconf 86' lang='lat' dir='ltr'><em>de</em></span> <span class='ocrx_word' id='word_1_189' title='bbox 1126 1527 1166 1548; x_wconf 84' lang='lat' dir='ltr'><em>ee</em></span> <span class='ocrx_word' id='word_1_190' title='bbox 1194 1527 1377 1560; x_wconf 81' lang='lat' dir='ltr'><em>royaume,</em></span> <span class='ocrx_word' id='word_1_191' title='bbox 1405 1521 1439 1548; x_wconf 90' lang='lat' dir='ltr'><em>et</em></span> <span class='ocrx_word' id='word_1_192' title='bbox 1466 1527 1511 1548; x_wconf 87' lang='lat' dir='ltr'><em>en</em></span> <span class='ocrx_word' id='word_1_193' title='bbox 1532 1526 1676 1547; x_wconf 86' lang='lat' dir='ltr'><em>nomme</em></span> <span class='ocrx_word' id='word_1_194' title='bbox 1698 1514 1881 1559; x_wconf 85' lang='lat' dir='ltr'><em>pluseurs,</em></span> <span class='ocrx_word' id='word_1_195' title='bbox 1905 1520 1940 1546; x_wconf 89' lang='lat' dir='ltr'><em>et</em></span> <span class='ocrx_word' id='word_1_196' title='bbox 1964 1514 2015 1546; x_wconf 88' lang='lat' dir='ltr'><em>dit</em></span> <span class='ocrx_word' id='word_1_197' title='bbox 2036 1526 2105 1559; x_wconf 87' lang='lat' dir='ltr'><em>que</em></span> 
     </span>
     <span class='ocr_line' id='line_1_18' title="bbox 242 1580 2104 1627; baseline -0.001 -13"><span class='ocrx_word' id='word_1_198' title='bbox 242 1593 376 1626; x_wconf 88' lang='lat' dir='ltr'><em>pource</em></span> <span class='ocrx_word' id='word_1_199' title='bbox 398 1581 486 1626; x_wconf 85' lang='lat' dir='ltr'><em>qu&#39;il</em></span> <span class='ocrx_word' id='word_1_200' title='bbox 506 1581 602 1614; x_wconf 87' lang='lat' dir='ltr'><em>avoit</em></span> <span class='ocrx_word' id='word_1_201' title='bbox 621 1580 723 1627; x_wconf 86' lang='lat' dir='ltr'><em>gairy</em></span> <span class='ocrx_word' id='word_1_202' title='bbox 743 1581 896 1614; x_wconf 87' lang='lat' dir='ltr'><em>messire</em></span> <span class='ocrx_word' id='word_1_203' title='bbox 918 1582 1124 1616; x_wconf 85' lang='lat' dir='ltr'><em>Guillaume</em></span> <span class='ocrx_word' id='word_1_204' title='bbox 1150 1582 1194 1615; x_wconf 90' lang='lat' dir='ltr'><em>de</em></span> <span class='ocrx_word' id='word_1_205' title='bbox 1221 1583 1324 1624; x_wconf 73' lang='lat' dir='ltr'><em>Sens,</em></span> <span class='ocrx_word' id='word_1_206' title='bbox 1352 1582 1541 1627; x_wconf 81' lang='lat' dir='ltr'><em>president</em></span> <span class='ocrx_word' id='word_1_207' title='bbox 1565 1585 1604 1614; x_wconf 77' lang='lat' dir='ltr'><em>es</em></span> <span class='ocrx_word' id='word_1_208' title='bbox 1632 1593 1742 1627; x_wconf 84' lang='lat' dir='ltr'><em>grans</em></span> <span class='ocrx_word' id='word_1_209' title='bbox 1765 1582 1870 1626; x_wconf 85' lang='lat' dir='ltr'><em>jours</em></span> <span class='ocrx_word' id='word_1_210' title='bbox 1899 1581 1942 1613; x_wconf 84' lang='lat' dir='ltr'><em>de</em></span> <span class='ocrx_word' id='word_1_211' title='bbox 1964 1582 2104 1622; x_wconf 73' lang='lat' dir='ltr'><em>Troies,</em></span> 
     </span>
     <span class='ocr_line' id='line_1_19' title="bbox 241 1648 2106 1695; baseline 0.001 -15"><span class='ocrx_word' id='word_1_212' title='bbox 241 1648 266 1681; x_wconf 87' lang='lat' dir='ltr'><em>il</em></span> <span class='ocrx_word' id='word_1_213' title='bbox 286 1648 337 1681; x_wconf 88' lang='lat' dir='ltr'><em>lui</em></span> <span class='ocrx_word' id='word_1_214' title='bbox 358 1648 532 1681; x_wconf 85' lang='lat' dir='ltr'><em>conseilla</em></span> <span class='ocrx_word' id='word_1_215' title='bbox 554 1648 641 1693; x_wconf 73' lang='lat' dir='ltr'><em>qu&#39;il</em></span> <span class='ocrx_word' id='word_1_216' title='bbox 661 1648 781 1682; x_wconf 88' lang='lat' dir='ltr'><em>veinst</em></span> <span class='ocrx_word' id='word_1_217' title='bbox 801 1651 818 1682; x_wconf 70' lang='lat' dir='ltr'><em>i»</em></span> <span class='ocrx_word' id='word_1_218' title='bbox 840 1649 953 1690; x_wconf 73' lang='lat' dir='ltr'><em>Paris,</em></span> <span class='ocrx_word' id='word_1_219' title='bbox 971 1656 1005 1682; x_wconf 90' lang='lat' dir='ltr'><em>et</em></span> <span class='ocrx_word' id='word_1_220' title='bbox 1025 1662 1046 1694; x_wconf 87' lang='lat' dir='ltr'>y</span> <span class='ocrx_word' id='word_1_221' title='bbox 1065 1649 1153 1691; x_wconf 85' lang='lat' dir='ltr'><em>vint⁷</em></span> <span class='ocrx_word' id='word_1_222' title='bbox 1182 1656 1217 1682; x_wconf 85' lang='lat' dir='ltr'><em>et</em></span> <span class='ocrx_word' id='word_1_223' title='bbox 1237 1650 1367 1695; x_wconf 82' lang='lat' dir='ltr'><em>depuis</em></span> <span class='ocrx_word' id='word_1_224' title='bbox 1392 1662 1410 1682; x_wconf 85' lang='lat' dir='ltr'><em>a</em></span> <span class='ocrx_word' id='word_1_225' title='bbox 1437 1650 1615 1694; x_wconf 80' lang='lat' dir='ltr'><em>pratiquie</em></span> <span class='ocrx_word' id='word_1_226' title='bbox 1637 1656 1672 1681; x_wconf 91' lang='lat' dir='ltr'><em>et</em></span> <span class='ocrx_word' id='word_1_227' title='bbox 1692 1652 1748 1681; x_wconf 76' lang='lat' dir='ltr'><em>ete</em></span> <span class='ocrx_word' id='word_1_228' title='bbox 1769 1648 1911 1694; x_wconf 79' lang='lat' dir='ltr'><em>appelle</em></span> <span class='ocrx_word' id='word_1_229' title='bbox 1931 1652 1970 1681; x_wconf 78' lang='lat' dir='ltr'><em>es</em></span> <span class='ocrx_word' id='word_1_230' title='bbox 1996 1649 2106 1681; x_wconf 81' lang='lat' dir='ltr'><em>colla-</em></span> 
     </span>
     <span class='ocr_line' id='line_1_20' title="bbox 242 1715 2106 1762; baseline 0 -14"><span class='ocrx_word' id='word_1_231' title='bbox 242 1716 345 1749; x_wconf 89' lang='lat' dir='ltr'><em>cions</em></span> <span class='ocrx_word' id='word_1_232' title='bbox 372 1728 457 1749; x_wconf 86' lang='lat' dir='ltr'><em>avec</em></span> <span class='ocrx_word' id='word_1_233' title='bbox 486 1716 546 1748; x_wconf 90' lang='lat' dir='ltr'><em>seu</em></span> <span class='ocrx_word' id='word_1_234' title='bbox 573 1715 719 1749; x_wconf 78' lang='lat' dir='ltr'><em>maistre</em></span> <span class='ocrx_word' id='word_1_235' title='bbox 741 1715 896 1749; x_wconf 88' lang='lat' dir='ltr'><em>Guibert</em></span> <span class='ocrx_word' id='word_1_236' title='bbox 920 1717 965 1749; x_wconf 88' lang='lat' dir='ltr'><em>de</em></span> <span class='ocrx_word' id='word_1_237' title='bbox 990 1717 1124 1762; x_wconf 85' lang='lat' dir='ltr'><em>Celsoy</em></span> <span class='ocrx_word' id='word_1_238' title='bbox 1150 1724 1185 1750; x_wconf 87' lang='lat' dir='ltr'><em>et</em></span> <span class='ocrx_word' id='word_1_239' title='bbox 1209 1724 1330 1750; x_wconf 78' lang='lat' dir='ltr'><em>autres</em></span> <span class='ocrx_word' id='word_1_240' title='bbox 1358 1716 1524 1749; x_wconf 84' lang='lat' dir='ltr'><em>notables</em></span> <span class='ocrx_word' id='word_1_241' title='bbox 1545 1716 1731 1749; x_wconf 82' lang='lat' dir='ltr'><em>medecins</em></span> <span class='ocrx_word' id='word_1_242' title='bbox 1757 1723 1791 1749; x_wconf 89' lang='lat' dir='ltr'><em>et</em></span> <span class='ocrx_word' id='word_1_243' title='bbox 1817 1716 2024 1761; x_wconf 84' lang='lat' dir='ltr'><em>eirurgiens</em></span> <span class='ocrx_word' id='word_1_244' title='bbox 2046 1717 2106 1761; x_wconf 85' lang='lat' dir='ltr'><em>qui</em></span> 
     </span>
     <span class='ocr_line' id='line_1_21' title="bbox 242 1782 2108 1828; baseline 0 -12"><span class='ocrx_word' id='word_1_245' title='bbox 242 1782 389 1828; x_wconf 86' lang='lat' dir='ltr'><em>oyoient</em></span> <span class='ocrx_word' id='word_1_246' title='bbox 408 1783 610 1816; x_wconf 84' lang='lat' dir='ltr'><em>volontiers</em></span> <span class='ocrx_word' id='word_1_247' title='bbox 631 1795 691 1816; x_wconf 87' lang='lat' dir='ltr'><em>ses</em></span> <span class='ocrx_word' id='word_1_248' title='bbox 713 1783 896 1828; x_wconf 76' lang='lat' dir='ltr'><em>opinionS,</em></span> <span class='ocrx_word' id='word_1_249' title='bbox 922 1791 957 1817; x_wconf 87' lang='lat' dir='ltr'><em>et</em></span> <span class='ocrx_word' id='word_1_250' title='bbox 981 1796 999 1817; x_wconf 90' lang='lat' dir='ltr'><em>a</em></span> <span class='ocrx_word' id='word_1_251' title='bbox 1019 1785 1081 1817; x_wconf 81' lang='lat' dir='ltr'><em>fait</em></span> <span class='ocrx_word' id='word_1_252' title='bbox 1102 1784 1146 1817; x_wconf 90' lang='lat' dir='ltr'><em>de</em></span> <span class='ocrx_word' id='word_1_253' title='bbox 1171 1791 1243 1817; x_wconf 87' lang='lat' dir='ltr'><em>tres</em></span> <span class='ocrx_word' id='word_1_254' title='bbox 1264 1784 1380 1817; x_wconf 88' lang='lat' dir='ltr'><em>belles</em></span> <span class='ocrx_word' id='word_1_255' title='bbox 1406 1796 1531 1825; x_wconf 82' lang='lat' dir='ltr'><em>cures3</em></span> <span class='ocrx_word' id='word_1_256' title='bbox 1555 1784 1644 1816; x_wconf 77' lang='lat' dir='ltr'><em>mais</em></span> <span class='ocrx_word' id='word_1_257' title='bbox 1670 1796 1716 1816; x_wconf 88' lang='lat' dir='ltr'><em>ou</em></span> <span class='ocrx_word' id='word_1_258' title='bbox 1738 1790 1922 1828; x_wconf 76' lang='lat' dir='ltr'><em>contempt</em></span> <span class='ocrx_word' id='word_1_259' title='bbox 1947 1784 1990 1816; x_wconf 92' lang='lat' dir='ltr'><em>de</em></span> <span class='ocrx_word' id='word_1_260' title='bbox 2012 1796 2051 1816; x_wconf 84' lang='lat' dir='ltr'><em>ee</em></span> <span class='ocrx_word' id='word_1_261' title='bbox 2074 1791 2108 1816; x_wconf 73' lang='lat' dir='ltr'><em>ot</em></span> 
     </span>
     <span class='ocr_line' id='line_1_22' title="bbox 243 1850 2108 1896; baseline 0 -13"><span class='ocrx_word' id='word_1_262' title='bbox 243 1862 287 1883; x_wconf 89' lang='lat' dir='ltr'><em>en</em></span> <span class='ocrx_word' id='word_1_263' title='bbox 309 1850 466 1895; x_wconf 85' lang='lat' dir='ltr'><em>especial</em></span> <span class='ocrx_word' id='word_1_264' title='bbox 487 1850 532 1883; x_wconf 89' lang='lat' dir='ltr'><em>de</em></span> <span class='ocrx_word' id='word_1_265' title='bbox 554 1850 688 1884; x_wconf 87' lang='lat' dir='ltr'><em>nouvel</em></span> <span class='ocrx_word' id='word_1_266' title='bbox 710 1862 844 1896; x_wconf 88' lang='lat' dir='ltr'><em>pource</em></span> <span class='ocrx_word' id='word_1_267' title='bbox 866 1851 953 1896; x_wconf 87' lang='lat' dir='ltr'><em>qu⁷il</em></span> <span class='ocrx_word' id='word_1_268' title='bbox 974 1864 992 1884; x_wconf 83' lang='lat' dir='ltr'><em>a</em></span> <span class='ocrx_word' id='word_1_269' title='bbox 1013 1851 1115 1896; x_wconf 84' lang='lat' dir='ltr'><em>gairy</em></span> <span class='ocrx_word' id='word_1_270' title='bbox 1131 1864 1201 1884; x_wconf 87' lang='lat' dir='ltr'><em>une</em></span> <span class='ocrx_word' id='word_1_271' title='bbox 1222 1852 1353 1884; x_wconf 82' lang='lat' dir='ltr'><em>senune</em></span> <span class='ocrx_word' id='word_1_272' title='bbox 1370 1851 1414 1884; x_wconf 84' lang='lat' dir='ltr'><em>de</em></span> <span class='ocrx_word' id='word_1_273' title='bbox 1432 1858 1529 1884; x_wconf 83' lang='lat' dir='ltr'><em>ceste</em></span> <span class='ocrx_word' id='word_1_274' title='bbox 1546 1851 1631 1884; x_wconf 85' lang='lat' dir='ltr'><em>ville</em></span> <span class='ocrx_word' id='word_1_275' title='bbox 1649 1852 1709 1896; x_wconf 89' lang='lat' dir='ltr'><em>qui</em></span> <span class='ocrx_word' id='word_1_276' title='bbox 1732 1851 1839 1884; x_wconf 85' lang='lat' dir='ltr'><em>estoit</em></span> <span class='ocrx_word' id='word_1_277' title='bbox 1859 1863 2003 1895; x_wconf 61' lang='lat' dir='ltr'><em>grosse,</em></span> <span class='ocrx_word' id='word_1_278' title='bbox 2022 1851 2108 1896; x_wconf 88' lang='lat' dir='ltr'><em>qu&#39;il</em></span> 
     </span>
     <span class='ocr_line' id='line_1_23' title="bbox 243 1917 2111 1964; baseline 0 -14"><span class='ocrx_word' id='word_1_279' title='bbox 243 1930 399 1959; x_wconf 85' lang='lat' dir='ltr'><em>nomme,</em></span> <span class='ocrx_word' id='word_1_280' title='bbox 417 1917 472 1951; x_wconf 85' lang='lat' dir='ltr'><em>les</em></span> <span class='ocrx_word' id='word_1_281' title='bbox 493 1918 680 1951; x_wconf 85' lang='lat' dir='ltr'><em>medecins</em></span> <span class='ocrx_word' id='word_1_282' title='bbox 701 1930 745 1950; x_wconf 88' lang='lat' dir='ltr'><em>eu</em></span> <span class='ocrx_word' id='word_1_283' title='bbox 767 1925 830 1951; x_wconf 89' lang='lat' dir='ltr'><em>ont</em></span> <span class='ocrx_word' id='word_1_284' title='bbox 850 1922 926 1951; x_wconf 79' lang='lat' dir='ltr'><em>este</em></span> <span class='ocrx_word' id='word_1_285' title='bbox 948 1918 1017 1951; x_wconf 85' lang='lat' dir='ltr'><em>mal</em></span> <span class='ocrx_word' id='word_1_286' title='bbox 1038 1925 1202 1961; x_wconf 77' lang='lat' dir='ltr'><em>conteuz,</em></span> <span class='ocrx_word' id='word_1_287' title='bbox 1229 1931 1363 1964; x_wconf 87' lang='lat' dir='ltr'><em>pouree</em></span> <span class='ocrx_word' id='word_1_288' title='bbox 1385 1931 1453 1963; x_wconf 89' lang='lat' dir='ltr'><em>que</em></span> <span class='ocrx_word' id='word_1_289' title='bbox 1477 1918 1715 1963; x_wconf 84' lang='lat' dir='ltr'><em>longuement</em></span> <span class='ocrx_word' id='word_1_290' title='bbox 1735 1918 1905 1952; x_wconf 81' lang='lat' dir='ltr'><em>l&#39;avoient</em></span> <span class='ocrx_word' id='word_1_291' title='bbox 1924 1918 2052 1951; x_wconf 76' lang='lat' dir='ltr'><em>visitee</em></span> <span class='ocrx_word' id='word_1_292' title='bbox 2074 1925 2111 1951; x_wconf 58' lang='lat' dir='ltr'><em>et,</em></span> 
     </span>
     <span class='ocr_line' id='line_1_24' title="bbox 243 1985 2107 2031; baseline -0.001 -12"><span class='ocrx_word' id='word_1_293' title='bbox 243 1985 300 2030; x_wconf 84' lang='lat' dir='ltr'><em>n&#39;y</em></span> <span class='ocrx_word' id='word_1_294' title='bbox 324 1985 469 2019; x_wconf 87' lang='lat' dir='ltr'><em>veoient</em></span> <span class='ocrx_word' id='word_1_295' title='bbox 495 1985 641 2018; x_wconf 79' lang='lat' dir='ltr'><em>relnede</em></span> <span class='ocrx_word' id='word_1_296' title='bbox 663 1997 733 2030; x_wconf 87' lang='lat' dir='ltr'><em>que</em></span> <span class='ocrx_word' id='word_1_297' title='bbox 754 1986 799 2018; x_wconf 90' lang='lat' dir='ltr'><em>de</em></span> <span class='ocrx_word' id='word_1_298' title='bbox 820 1986 895 2018; x_wconf 79' lang='lat' dir='ltr'><em>fere</em></span> <span class='ocrx_word' id='word_1_299' title='bbox 917 1987 1041 2019; x_wconf 89' lang='lat' dir='ltr'><em>ouvrir</em></span> <span class='ocrx_word' id='word_1_300' title='bbox 1060 1986 1168 2019; x_wconf 88' lang='lat' dir='ltr'><em>ladite</em></span> <span class='ocrx_word' id='word_1_301' title='bbox 1190 1987 1319 2018; x_wconf 81' lang='lat' dir='ltr'><em>senune</em></span> <span class='ocrx_word' id='word_1_302' title='bbox 1350 1998 1441 2031; x_wconf 89' lang='lat' dir='ltr'><em>pour</em></span> <span class='ocrx_word' id='word_1_303' title='bbox 1462 1986 1606 2019; x_wconf 86' lang='lat' dir='ltr'><em>saulver</em></span> <span class='ocrx_word' id='word_1_304' title='bbox 1626 1985 1785 2018; x_wconf 76' lang='lat' dir='ltr'><em>l‘cnsant.</em></span> <span class='ocrx_word' id='word_1_305' title='bbox 1817 1987 1859 2018; x_wconf 83' lang='lat' dir='ltr'><em>Et</em></span> <span class='ocrx_word' id='word_1_306' title='bbox 1886 1986 2107 2019; x_wconf 80' lang='lat' dir='ltr'><em>toutesvoiez</em></span> 
     </span>
     <span class='ocr_line' id='line_1_25' title="bbox 244 2052 2107 2098; baseline 0.001 -14"><span class='ocrx_word' id='word_1_307' title='bbox 244 2053 452 2097; x_wconf 85' lang='lat' dir='ltr'><em>Dompremi</em></span> <span class='ocrx_word' id='word_1_308' title='bbox 474 2052 516 2085; x_wconf 87' lang='lat' dir='ltr'><em>l&#39;a</em></span> <span class='ocrx_word' id='word_1_309' title='bbox 537 2065 657 2098; x_wconf 70' lang='lat' dir='ltr'><em>garry⁷</em></span> <span class='ocrx_word' id='word_1_310' title='bbox 676 2059 710 2085; x_wconf 87' lang='lat' dir='ltr'><em>et</em></span> <span class='ocrx_word' id='word_1_311' title='bbox 730 2059 786 2086; x_wconf 86' lang='lat' dir='ltr'><em>est</em></span> <span class='ocrx_word' id='word_1_312' title='bbox 806 2065 850 2085; x_wconf 90' lang='lat' dir='ltr'><em>en</em></span> <span class='ocrx_word' id='word_1_313' title='bbox 872 2053 993 2086; x_wconf 87' lang='lat' dir='ltr'><em>bonne</em></span> <span class='ocrx_word' id='word_1_314' title='bbox 1015 2057 1128 2094; x_wconf 77' lang='lat' dir='ltr'><em>sante,</em></span> <span class='ocrx_word' id='word_1_315' title='bbox 1147 2060 1182 2086; x_wconf 90' lang='lat' dir='ltr'><em>et</em></span> <span class='ocrx_word' id='word_1_316' title='bbox 1202 2060 1256 2086; x_wconf 86' lang='lat' dir='ltr'><em>est</em></span> <span class='ocrx_word' id='word_1_317' title='bbox 1277 2054 1415 2087; x_wconf 76' lang='lat' dir='ltr'><em>visson</em></span> <span class='ocrx_word' id='word_1_318' title='bbox 1436 2054 1569 2086; x_wconf 84' lang='lat' dir='ltr'><em>ensant.</em></span> <span class='ocrx_word' id='word_1_319' title='bbox 1595 2053 1653 2086; x_wconf 89' lang='lat' dir='ltr'><em>Dit</em></span> <span class='ocrx_word' id='word_1_320' title='bbox 1673 2060 1776 2086; x_wconf 86' lang='lat' dir='ltr'><em>outre</em></span> <span class='ocrx_word' id='word_1_321' title='bbox 1798 2065 1866 2098; x_wconf 75' lang='lat' dir='ltr'><em>que</em></span> <span class='ocrx_word' id='word_1_322' title='bbox 1893 2053 1925 2085; x_wconf 91' lang='lat' dir='ltr'><em>le</em></span> <span class='ocrx_word' id='word_1_323' title='bbox 1948 2065 2010 2098; x_wconf 72' lang='lat' dir='ltr'><em>roy</em></span> <span class='ocrx_word' id='word_1_324' title='bbox 2032 2053 2107 2085; x_wconf 74' lang='grc'><strong>(161·-</strong></span> 
     </span>
     <span class='ocr_line' id='line_1_26' title="bbox 245 2120 2107 2166; baseline 0 -14"><span class='ocrx_word' id='word_1_325' title='bbox 245 2120 445 2153; x_wconf 86' lang='lat' dir='ltr'><em>rainement</em></span> <span class='ocrx_word' id='word_1_326' title='bbox 466 2124 648 2165; x_wconf 78' lang='lat' dir='ltr'><em>trespasse</em></span> <span class='ocrx_word' id='word_1_327' title='bbox 670 2120 703 2153; x_wconf 89' lang='lat' dir='ltr'><em>le</em></span> <span class='ocrx_word' id='word_1_328' title='bbox 725 2120 783 2153; x_wconf 86' lang='lat' dir='ltr'><em>fist</em></span> <span class='ocrx_word' id='word_1_329' title='bbox 805 2121 940 2153; x_wconf 86' lang='lat' dir='ltr'><em>reteuir</em></span> <span class='ocrx_word' id='word_1_330' title='bbox 961 2133 1027 2154; x_wconf 84' lang='lat' dir='ltr'><em>son</em></span> <span class='ocrx_word' id='word_1_331' title='bbox 1049 2121 1234 2166; x_wconf 83' lang='lat' dir='ltr'><em>cirurgien</em></span> <span class='ocrx_word' id='word_1_332' title='bbox 1261 2128 1295 2153; x_wconf 90' lang='lat' dir='ltr'><em>et.</em></span> <span class='ocrx_word' id='word_1_333' title='bbox 1324 2121 1356 2153; x_wconf 92' lang='lat' dir='ltr'><em>le</em></span> <span class='ocrx_word' id='word_1_334' title='bbox 1385 2120 1440 2153; x_wconf 82' lang='lat' dir='ltr'><em>fist</em></span> <span class='ocrx_word' id='word_1_335' title='bbox 1472 2121 1621 2165; x_wconf 69' lang='lat' dir='ltr'><em>general</em></span> <span class='ocrx_word' id='word_1_336' title='bbox 1643 2121 1796 2153; x_wconf 82' lang='lat' dir='ltr'><em>visiteur</em></span> <span class='ocrx_word' id='word_1_337' title='bbox 1817 2120 1881 2153; x_wconf 74' lang='lat' dir='ltr'><em>des</em></span> <span class='ocrx_word' id='word_1_338' title='bbox 1903 2120 2107 2165; x_wconf 74' lang='lat' dir='ltr'><em>rirurgiens</em></span> 
     </span>
     <span class='ocr_line' id='line_1_27' title="bbox 244 2187 2106 2233; baseline -0.002 -13"><span class='ocrx_word' id='word_1_339' title='bbox 244 2187 288 2220; x_wconf 87' lang='lat' dir='ltr'><em>de</em></span> <span class='ocrx_word' id='word_1_340' title='bbox 309 2199 349 2220; x_wconf 89' lang='lat' dir='ltr'><em>ce</em></span> <span class='ocrx_word' id='word_1_341' title='bbox 370 2199 553 2232; x_wconf 85' lang='lat' dir='ltr'><em>royaume.</em></span> <span class='ocrx_word' id='word_1_342' title='bbox 586 2189 630 2220; x_wconf 85' lang='lat' dir='ltr'><em>Et</em></span> <span class='ocrx_word' id='word_1_343' title='bbox 658 2188 888 2221; x_wconf 77' lang='lat' dir='ltr'><em>neantmoins</em></span> <span class='ocrx_word' id='word_1_344' title='bbox 916 2189 1028 2233; x_wconf 86' lang='lat' dir='ltr'><em>partie</em></span> <span class='ocrx_word' id='word_1_345' title='bbox 1050 2188 1092 2221; x_wconf 79' lang='lat' dir='ltr'><em>l&#39;a</em></span> <span class='ocrx_word' id='word_1_346' title='bbox 1118 2188 1180 2221; x_wconf 82' lang='lat' dir='ltr'><em>fait</em></span> <span class='ocrx_word' id='word_1_347' title='bbox 1210 2188 1330 2233; x_wconf 87' lang='lat' dir='ltr'><em>priver</em></span> <span class='ocrx_word' id='word_1_348' title='bbox 1351 2188 1395 2220; x_wconf 82' lang='lat' dir='ltr'><em>de</em></span> <span class='ocrx_word' id='word_1_349' title='bbox 1417 2188 1586 2221; x_wconf 78' lang='lat' dir='ltr'><em>seolarite</em></span> <span class='ocrx_word' id='word_1_350' title='bbox 1609 2194 1643 2221; x_wconf 90' lang='lat' dir='ltr'><em>et</em></span> <span class='ocrx_word' id='word_1_351' title='bbox 1670 2188 1719 2220; x_wconf 86' lang='lat' dir='ltr'><em>lui</em></span> <span class='ocrx_word' id='word_1_352' title='bbox 1746 2195 1806 2221; x_wconf 88' lang='lat' dir='ltr'><em>out</em></span> <span class='ocrx_word' id='word_1_353' title='bbox 1829 2187 1985 2220; x_wconf 73' lang='lat' dir='ltr'><em>defeudu</em></span> <span class='ocrx_word' id='word_1_354' title='bbox 2010 2194 2106 2220; x_wconf 70' lang='lat' dir='ltr'><em>toute</em></span> 
     </span>
     <span class='ocr_line' id='line_1_28' title="bbox 244 2254 2105 2300; baseline 0 -13"><span class='ocrx_word' id='word_1_355' title='bbox 244 2255 408 2300; x_wconf 86' lang='lat' dir='ltr'><em>pratique</em></span> <span class='ocrx_word' id='word_1_356' title='bbox 430 2261 465 2287; x_wconf 87' lang='lat' dir='ltr'><em>et</em></span> <span class='ocrx_word' id='word_1_357' title='bbox 485 2261 547 2288; x_wconf 89' lang='lat' dir='ltr'><em>ont</em></span> <span class='ocrx_word' id='word_1_358' title='bbox 568 2254 725 2288; x_wconf 85' lang='lat' dir='ltr'><em>desendu</em></span> <span class='ocrx_word' id='word_1_359' title='bbox 747 2262 782 2288; x_wconf 89' lang='lat' dir='ltr'><em>et</em></span> <span class='ocrx_word' id='word_1_360' title='bbox 806 2256 869 2288; x_wconf 85' lang='lat' dir='ltr'><em>fait</em></span> <span class='ocrx_word' id='word_1_361' title='bbox 895 2255 1070 2288; x_wconf 86' lang='lat' dir='ltr'><em>defendre</em></span> <span class='ocrx_word' id='word_1_362' title='bbox 1098 2258 1116 2288; x_wconf 71' lang='lat' dir='ltr'><em>a</em></span> <span class='ocrx_word' id='word_1_363' title='bbox 1143 2255 1309 2288; x_wconf 80' lang='lat' dir='ltr'><em>herbiers</em></span> <span class='ocrx_word' id='word_1_364' title='bbox 1336 2262 1370 2288; x_wconf 87' lang='lat' dir='ltr'><em>et</em></span> <span class='ocrx_word' id='word_1_365' title='bbox 1399 2256 1615 2300; x_wconf 76' lang='lat' dir='ltr'><em>apoticaires</em></span> <span class='ocrx_word' id='word_1_366' title='bbox 1642 2255 1748 2300; x_wconf 80' lang='lat' dir='ltr'><em>qu’ilz</em></span> <span class='ocrx_word' id='word_1_367' title='bbox 1776 2267 1820 2287; x_wconf 88' lang='lat' dir='ltr'><em>ne</em></span> <span class='ocrx_word' id='word_1_368' title='bbox 1851 2255 1901 2287; x_wconf 91' lang='lat' dir='ltr'><em>lui</em></span> <span class='ocrx_word' id='word_1_369' title='bbox 1929 2255 2105 2287; x_wconf 81' lang='lat' dir='ltr'><em>delivrent</em></span> 
     </span>
     <span class='ocr_line' id='line_1_29' title="bbox 244 2322 1145 2368; baseline 0.001 -13"><span class='ocrx_word' id='word_1_370' title='bbox 244 2322 377 2355; x_wconf 84' lang='lat' dir='ltr'><em>herbes</em></span> <span class='ocrx_word' id='word_1_371' title='bbox 398 2334 444 2355; x_wconf 89' lang='lat' dir='ltr'><em>ou</em></span> <span class='ocrx_word' id='word_1_372' title='bbox 465 2322 770 2367; x_wconf 83' lang='lat' dir='ltr'><em>apothecaireries</em></span> <span class='ocrx_word' id='word_1_373' title='bbox 791 2335 884 2368; x_wconf 91' lang='lat' dir='ltr'><em>pour</em></span> <span class='ocrx_word' id='word_1_374' title='bbox 905 2323 1145 2368; x_wconf 82' lang='lat' dir='ltr'><em>pratique1·....</em></span> 
     </span>
    </p>

    <p class='ocr_par' dir='ltr' id='par_1_8' title="bbox 245 2389 2108 2637">
     <span class='ocr_line' id='line_1_30' title="bbox 334 2389 2105 2434; baseline -0.001 -12"><span class='ocrx_word' id='word_1_375' title='bbox 334 2391 403 2422; x_wconf 89' lang='lat' dir='ltr'><em>Les</em></span> <span class='ocrx_word' id='word_1_376' title='bbox 425 2389 543 2434; x_wconf 87' lang='lat' dir='ltr'><em>doyen</em></span> <span class='ocrx_word' id='word_1_377' title='bbox 565 2396 599 2422; x_wconf 86' lang='lat' dir='ltr'><em>et</em></span> <span class='ocrx_word' id='word_1_378' title='bbox 618 2390 747 2423; x_wconf 71' lang='lat' dir='ltr'><em>saculte</em></span> <span class='ocrx_word' id='word_1_379' title='bbox 769 2390 813 2423; x_wconf 91' lang='lat' dir='ltr'><em>de</em></span> <span class='ocrx_word' id='word_1_380' title='bbox 835 2391 1036 2432; x_wconf 74' lang='lat' dir='ltr'><em>medecine⁷</em></span> <span class='ocrx_word' id='word_1_381' title='bbox 1055 2397 1090 2423; x_wconf 90' lang='lat' dir='ltr'><em>et</em></span> <span class='ocrx_word' id='word_1_382' title='bbox 1110 2390 1344 2424; x_wconf 74' lang='lat' dir='ltr'><em>l’Universite</em></span> <span class='ocrx_word' id='word_1_383' title='bbox 1366 2391 1409 2422; x_wconf 81' lang='lat' dir='ltr'><em>‹le</em></span> <span class='ocrx_word' id='word_1_384' title='bbox 1432 2391 1531 2423; x_wconf 71' lang='lat' dir='ltr'><em>Paris</em></span> <span class='ocrx_word' id='word_1_385' title='bbox 1548 2390 1706 2434; x_wconf 82' lang='lat' dir='ltr'><em>adjoiute</em></span> <span class='ocrx_word' id='word_1_386' title='bbox 1728 2401 1811 2422; x_wconf 72' lang='lat' dir='ltr'><em>avec</em></span> <span class='ocrx_word' id='word_1_387' title='bbox 1834 2390 1942 2422; x_wconf 72' lang='lat' dir='ltr'><em>ludite</em></span> <span class='ocrx_word' id='word_1_388' title='bbox 1964 2390 2105 2430; x_wconf 59' lang='lat' dir='ltr'><em>sau-ulte,</em></span> 
     </span>
     <span class='ocr_line' id='line_1_31' title="bbox 245 2456 2108 2502; baseline 0 -14"><span class='ocrx_word' id='word_1_389' title='bbox 245 2456 454 2489; x_wconf 86' lang='lat' dir='ltr'><em>defendent.</em></span> <span class='ocrx_word' id='word_1_390' title='bbox 478 2458 521 2489; x_wconf 85' lang='lat' dir='ltr'><em>Et</em></span> <span class='ocrx_word' id='word_1_391' title='bbox 542 2457 822 2501; x_wconf 86' lang='lat' dir='ltr'><em>premierement</em></span> <span class='ocrx_word' id='word_1_392' title='bbox 842 2458 987 2490; x_wconf 78' lang='lat' dir='ltr'><em>maistre</em></span> <span class='ocrx_word' id='word_1_393' title='bbox 1008 2457 1120 2491; x_wconf 85' lang='lat' dir='ltr'><em>Jehau</em></span> <span class='ocrx_word' id='word_1_394' title='bbox 1148 2459 1332 2502; x_wconf 73' lang='lat' dir='ltr'><em>Beaupere</em></span> <span class='ocrx_word' id='word_1_395' title='bbox 1417 2470 1434 2490; x_wconf 84' lang='lat' dir='ltr'><em>a</em></span> <span class='ocrx_word' id='word_1_396' title='bbox 1456 2457 1506 2490; x_wconf 87' lang='lat' dir='ltr'><em>dit</em></span> <span class='ocrx_word' id='word_1_397' title='bbox 1528 2469 1597 2501; x_wconf 79' lang='lat' dir='ltr'><em>que</em></span> <span class='ocrx_word' id='word_1_398' title='bbox 1621 2457 1729 2489; x_wconf 77' lang='lat' dir='ltr'><em>ludite</em></span> <span class='ocrx_word' id='word_1_399' title='bbox 1755 2456 1957 2489; x_wconf 69' lang='lat' dir='ltr'><em>Uniwrsite</em></span> <span class='ocrx_word' id='word_1_400' title='bbox 1979 2469 1996 2489; x_wconf 83' lang='lat' dir='ltr'><em>a</em></span> <span class='ocrx_word' id='word_1_401' title='bbox 2018 2457 2108 2489; x_wconf 84' lang='lat' dir='ltr'><em>‹leli-</em></span> 
     </span>
     <span class='ocr_line' id='line_1_32' title="bbox 245 2523 2107 2569; baseline 0 -13"><span class='ocrx_word' id='word_1_402' title='bbox 245 2523 331 2556; x_wconf 79' lang='lat' dir='ltr'><em>bere</em></span> <span class='ocrx_word' id='word_1_403' title='bbox 353 2524 396 2556; x_wconf 88' lang='lat' dir='ltr'><em>de</em></span> <span class='ocrx_word' id='word_1_404' title='bbox 418 2535 484 2569; x_wconf 89' lang='lat' dir='ltr'><em>soy</em></span> <span class='ocrx_word' id='word_1_405' title='bbox 504 2523 694 2568; x_wconf 87' lang='lat' dir='ltr'><em>adjoindre</em></span> <span class='ocrx_word' id='word_1_406' title='bbox 768 2531 803 2557; x_wconf 87' lang='lat' dir='ltr'><em>et</em></span> <span class='ocrx_word' id='word_1_407' title='bbox 823 2537 915 2569; x_wconf 90' lang='lat' dir='ltr'><em>pour</em></span> <span class='ocrx_word' id='word_1_408' title='bbox 936 2532 1117 2558; x_wconf 76' lang='lat' dir='ltr'><em>monstror</em></span> <span class='ocrx_word' id='word_1_409' title='bbox 1137 2537 1177 2558; x_wconf 88' lang='lat' dir='ltr'><em>ee</em></span> <span class='ocrx_word' id='word_1_410' title='bbox 1199 2525 1286 2569; x_wconf 80' lang='lat' dir='ltr'><em>qu&#39;il</em></span> <span class='ocrx_word' id='word_1_411' title='bbox 1307 2524 1403 2558; x_wconf 81' lang='lat' dir='ltr'><em>veult</em></span> <span class='ocrx_word' id='word_1_412' title='bbox 1426 2524 1516 2565; x_wconf 71' lang='lat' dir='ltr'><em>diro,</em></span> <span class='ocrx_word' id='word_1_413' title='bbox 1539 2537 1555 2557; x_wconf 88' lang='lat' dir='ltr'><em>a</em></span> <span class='ocrx_word' id='word_1_414' title='bbox 1578 2524 1678 2569; x_wconf 79' lang='lat' dir='ltr'><em>prins</em></span> <span class='ocrx_word' id='word_1_415' title='bbox 1700 2536 1744 2556; x_wconf 90' lang='lat' dir='ltr'><em>en</em></span> <span class='ocrx_word' id='word_1_416' title='bbox 1767 2523 1910 2556; x_wconf 82' lang='lat' dir='ltr'><em>theume</em></span> <span class='ocrx_word' id='word_1_417' title='bbox 1932 2523 1963 2556; x_wconf 82' lang='lat' dir='ltr'><em>la</em></span> <span class='ocrx_word' id='word_1_418' title='bbox 1985 2524 2107 2568; x_wconf 78' lang='lat' dir='ltr'><em>parole</em></span> 
     </span>
     <span class='ocr_line' id='line_1_33' title="bbox 246 2591 1728 2637; baseline 0 -14"><span class='ocrx_word' id='word_1_419' title='bbox 246 2591 292 2623; x_wconf 90' lang='lat' dir='ltr'><em>du</em></span> <span class='ocrx_word' id='word_1_420' title='bbox 315 2591 419 2636; x_wconf 71' lang='lat' dir='ltr'><em>Sag0‚</em></span> <span class='ocrx_word' id='word_1_421' title='bbox 438 2591 596 2635; x_wconf 81' lang='lat' dir='ltr'><em>Sapient.</em></span> <span class='ocrx_word' id='word_1_422' title='bbox 622 2593 656 2624; x_wconf 85' lang='lat'><em>1⁰</em></span> <span class='ocrx_word' id='word_1_423' title='bbox 676 2592 833 2637; x_wconf 83' lang='lat' dir='ltr'><em>capitulo</em></span> <span class='ocrx_word' id='word_1_424' title='bbox 852 2603 858 2624; x_wconf 77' lang='grc' dir='ltr'>ε</span> <span class='ocrx_word' id='word_1_425' title='bbox 876 2592 1034 2637; x_wconf 80' lang='lat' dir='ltr'><em>Diligite</em></span> <span class='ocrx_word' id='word_1_426' title='bbox 1045 2593 1251 2637; x_wconf 72' lang='lat' dir='ltr'><em>susticiam,</em></span> <span class='ocrx_word' id='word_1_427' title='bbox 1267 2591 1521 2637; x_wconf 78' lang='lat' dir='ltr'><em>quistca&#39;icatis</em></span> <span class='ocrx_word' id='word_1_428' title='bbox 1537 2597 1728 2624; x_wconf 65' lang='lat' dir='ltr'><em>terrani...</em></span> 
     </span>
    </p>

    <p class='ocr_par' dir='ltr' id='par_1_9' title="bbox 245 2657 2111 2906">
     <span class='ocr_line' id='line_1_34' title="bbox 333 2657 2110 2703; baseline -0.001 -12"><span class='ocrx_word' id='word_1_429' title='bbox 333 2657 451 2703; x_wconf 79' lang='lat' dir='ltr'><em>Apres</em></span> <span class='ocrx_word' id='word_1_430' title='bbox 471 2670 525 2700; x_wconf 79' lang='lat' dir='ltr'><em>ce,</em></span> <span class='ocrx_word' id='word_1_431' title='bbox 552 2658 726 2692; x_wconf 85' lang='lat' dir='ltr'><em>l’advocat</em></span> <span class='ocrx_word' id='word_1_432' title='bbox 746 2659 790 2691; x_wconf 92' lang='lat' dir='ltr'><em>de</em></span> <span class='ocrx_word' id='word_1_433' title='bbox 812 2659 1047 2693; x_wconf 75' lang='lat' dir='ltr'><em>l’Universite</em></span> <span class='ocrx_word' id='word_1_434' title='bbox 1068 2666 1102 2692; x_wconf 90' lang='lat' dir='ltr'><em>et</em></span> <span class='ocrx_word' id='word_1_435' title='bbox 1129 2659 1172 2692; x_wconf 93' lang='lat' dir='ltr'><em>de</em></span> <span class='ocrx_word' id='word_1_436' title='bbox 1199 2659 1308 2692; x_wconf 86' lang='lat' dir='ltr'><em>ladite</em></span> <span class='ocrx_word' id='word_1_437' title='bbox 1335 2658 1467 2691; x_wconf 75' lang='lat' dir='ltr'><em>saculte</em></span> <span class='ocrx_word' id='word_1_438' title='bbox 1488 2671 1505 2691; x_wconf 89' lang='lat' dir='ltr'><em>a</em></span> <span class='ocrx_word' id='word_1_439' title='bbox 1527 2658 1684 2691; x_wconf 88' lang='lat' dir='ltr'><em>desendu</em></span> <span class='ocrx_word' id='word_1_440' title='bbox 1713 2661 1730 2690; x_wconf 81' lang='grc' dir='ltr'><em>ἰι</em></span> <span class='ocrx_word' id='word_1_441' title='bbox 1758 2658 1790 2690; x_wconf 85' lang='lat' dir='ltr'><em>la</em></span> <span class='ocrx_word' id='word_1_442' title='bbox 1811 2665 1980 2702; x_wconf 86' lang='lat' dir='ltr'><em>requeste</em></span> <span class='ocrx_word' id='word_1_443' title='bbox 2006 2658 2110 2691; x_wconf 89' lang='lat' dir='ltr'><em>dudit</em></span> 
     </span>
     <span class='ocr_line' id='line_1_35' title="bbox 245 2725 2111 2771; baseline 0.001 -13"><span class='ocrx_word' id='word_1_444' title='bbox 245 2725 289 2758; x_wconf 88' lang='lat' dir='ltr'><em>de</em></span> <span class='ocrx_word' id='word_1_445' title='bbox 311 2726 519 2771; x_wconf 88' lang='lat' dir='ltr'><em>Dompremi</em></span> <span class='ocrx_word' id='word_1_446' title='bbox 542 2732 577 2759; x_wconf 86' lang='lat' dir='ltr'><em>et</em></span> <span class='ocrx_word' id='word_1_447' title='bbox 597 2726 649 2759; x_wconf 90' lang='lat' dir='ltr'><em>dit</em></span> <span class='ocrx_word' id='word_1_448' title='bbox 669 2738 739 2771; x_wconf 88' lang='lat' dir='ltr'><em>que</em></span> <span class='ocrx_word' id='word_1_449' title='bbox 761 2726 792 2759; x_wconf 90' lang='lat' dir='ltr'><em>la</em></span> <span class='ocrx_word' id='word_1_450' title='bbox 814 2727 956 2759; x_wconf 86' lang='lat' dir='ltr'><em>seience</em></span> <span class='ocrx_word' id='word_1_451' title='bbox 979 2727 1023 2759; x_wconf 90' lang='lat' dir='ltr'><em>de</em></span> <span class='ocrx_word' id='word_1_452' title='bbox 1045 2726 1232 2759; x_wconf 65' lang='lat' dir='ltr'><em>medecina</em></span> <span class='ocrx_word' id='word_1_453' title='bbox 1249 2733 1304 2759; x_wconf 85' lang='lat' dir='ltr'><em>est</em></span> <span class='ocrx_word' id='word_1_454' title='bbox 1325 2726 1438 2758; x_wconf 87' lang='lat' dir='ltr'><em>moult</em></span> <span class='ocrx_word' id='word_1_455' title='bbox 1459 2725 1603 2758; x_wconf 78' lang='lat' dir='ltr'><em>notable</em></span> <span class='ocrx_word' id='word_1_456' title='bbox 1626 2732 1658 2757; x_wconf 86' lang='lat' dir='ltr'><em>et</em></span> <span class='ocrx_word' id='word_1_457' title='bbox 1681 2725 1813 2758; x_wconf 79' lang='lat' dir='ltr'><em>subtile</em></span> <span class='ocrx_word' id='word_1_458' title='bbox 1835 2726 1978 2758; x_wconf 85' lang='lat' dir='ltr'><em>seienee</em></span> <span class='ocrx_word' id='word_1_459' title='bbox 1999 2731 2031 2759; x_wconf 87' lang='lat' dir='ltr'><em>el·</em></span> <span class='ocrx_word' id='word_1_460' title='bbox 2053 2726 2111 2760; x_wconf 84' lang='lat' dir='ltr'><em>ubi</em></span> 
     </span>
     <span class='ocr_line' id='line_1_36' title="bbox 245 2791 2110 2838; baseline -0.001 -12"><span class='ocrx_word' id='word_1_461' title='bbox 245 2791 374 2827; x_wconf 82' lang='lat' dir='ltr'><em>desinit</em></span> <span class='ocrx_word' id='word_1_462' title='bbox 387 2793 632 2838; x_wconf 55' lang='lat' dir='ltr'><em>philosophiae,</em></span> <span class='ocrx_word' id='word_1_463' title='bbox 652 2794 778 2838; x_wconf 80' lang='lat' dir='ltr'><em>incipit</em></span> <span class='ocrx_word' id='word_1_464' title='bbox 794 2793 960 2833; x_wconf 83' lang='lat' dir='ltr'><em>medicus,</em></span> <span class='ocrx_word' id='word_1_465' title='bbox 979 2801 1013 2827; x_wconf 91' lang='lat' dir='ltr'><em>et</em></span> <span class='ocrx_word' id='word_1_466' title='bbox 1030 2801 1084 2827; x_wconf 86' lang='lat' dir='ltr'><em>est</em></span> <span class='ocrx_word' id='word_1_467' title='bbox 1102 2806 1170 2826; x_wconf 87' lang='lat' dir='ltr'><em>une</em></span> <span class='ocrx_word' id='word_1_468' title='bbox 1189 2794 1332 2826; x_wconf 78' lang='lat' dir='ltr'><em>seience</em></span> <span class='ocrx_word' id='word_1_469' title='bbox 1350 2793 1411 2837; x_wconf 88' lang='lat' dir='ltr'><em>qui</em></span> <span class='ocrx_word' id='word_1_470' title='bbox 1429 2793 1589 2837; x_wconf 74' lang='lat' dir='ltr'><em>requiei-t</em></span> <span class='ocrx_word' id='word_1_471' title='bbox 1610 2799 1713 2837; x_wconf 82' lang='lat' dir='ltr'><em>grant</em></span> <span class='ocrx_word' id='word_1_472' title='bbox 1735 2792 1862 2825; x_wconf 71' lang='lat' dir='ltr'><em>estude</em></span> <span class='ocrx_word' id='word_1_473' title='bbox 1884 2799 1918 2825; x_wconf 87' lang='lat' dir='ltr'><em>et</em></span> <span class='ocrx_word' id='word_1_474' title='bbox 1939 2805 2001 2837; x_wconf 86' lang='lat' dir='ltr'><em>par</em></span> <span class='ocrx_word' id='word_1_475' title='bbox 2022 2793 2110 2838; x_wconf 80' lang='lat' dir='ltr'><em>long</em></span> 
     </span>
     <span class='ocr_line' id='line_1_37' title="bbox 246 2860 2109 2906; baseline 0.001 -14"><span class='ocrx_word' id='word_1_476' title='bbox 246 2867 362 2905; x_wconf 84' lang='lat' dir='ltr'><em>temps</em></span> <span class='ocrx_word' id='word_1_477' title='bbox 383 2886 449 2901; x_wconf 80' lang='lat'>....‚</span> <span class='ocrx_word' id='word_1_478' title='bbox 474 2867 509 2893; x_wconf 88' lang='lat' dir='ltr'><em>et</em></span> <span class='ocrx_word' id='word_1_479' title='bbox 529 2861 699 2894; x_wconf 77' lang='lat' dir='ltr'><em>convient</em></span> <span class='ocrx_word' id='word_1_480' title='bbox 720 2873 789 2906; x_wconf 89' lang='lat' dir='ltr'><em>que</em></span> <span class='ocrx_word' id='word_1_481' title='bbox 811 2873 887 2906; x_wconf 85' lang='lat' dir='ltr'><em>ung</em></span> <span class='ocrx_word' id='word_1_482' title='bbox 911 2861 1077 2894; x_wconf 85' lang='lat' dir='ltr'><em>medecin</em></span> <span class='ocrx_word' id='word_1_483' title='bbox 1098 2861 1168 2894; x_wconf 89' lang='lat' dir='ltr'><em>soit</em></span> <span class='ocrx_word' id='word_1_484' title='bbox 1188 2860 1283 2893; x_wconf 82' lang='lat' dir='ltr'><em>clere</em></span> <span class='ocrx_word' id='word_1_485' title='bbox 1305 2867 1339 2892; x_wconf 92' lang='lat' dir='ltr'><em>et</em></span> <span class='ocrx_word' id='word_1_486' title='bbox 1360 2866 1496 2904; x_wconf 81' lang='lat' dir='ltr'><em>expert.</em></span> <span class='ocrx_word' id='word_1_487' title='bbox 1521 2860 1610 2892; x_wconf 75' lang='lat' dir='ltr'><em>Mais</em></span> <span class='ocrx_word' id='word_1_488' title='bbox 1633 2860 1842 2904; x_wconf 73' lang='lat' dir='ltr'><em>Dompreiui</em></span> <span class='ocrx_word' id='word_1_489' title='bbox 1927 2867 1981 2893; x_wconf 88' lang='lat' dir='ltr'><em>est</em></span> <span class='ocrx_word' id='word_1_490' title='bbox 2004 2861 2109 2893; x_wconf 79' lang='lat' dir='ltr'><em>tisse-</em></span> 
     </span>
    </p>
   </div>
   <div class='ocr_carea' id='block_1_7' title="bbox 247 2926 2108 3011">
    <p class='ocr_par' dir='ltr' id='par_1_10' title="bbox 247 2926 2108 3011">
     <span class='ocr_line' id='line_1_38' title="bbox 247 2926 2108 2972; baseline 0 -12"><span class='ocrx_word' id='word_1_491' title='bbox 247 2927 335 2960; x_wconf 84' lang='lat' dir='ltr'><em>rand</em></span> <span class='ocrx_word' id='word_1_492' title='bbox 357 2934 392 2960; x_wconf 88' lang='lat' dir='ltr'><em>et</em></span> <span class='ocrx_word' id='word_1_493' title='bbox 412 2939 456 2960; x_wconf 88' lang='lat' dir='ltr'><em>ne</em></span> <span class='ocrx_word' id='word_1_494' title='bbox 478 2934 554 2961; x_wconf 85' lang='lat' dir='ltr'><em>seet</em></span> <span class='ocrx_word' id='word_1_495' title='bbox 574 2927 640 2960; x_wconf 87' lang='lat' dir='ltr'><em>lire</em></span> <span class='ocrx_word' id='word_1_496' title='bbox 663 2940 707 2960; x_wconf 90' lang='lat' dir='ltr'><em>ne</em></span> <span class='ocrx_word' id='word_1_497' title='bbox 729 2928 886 2970; x_wconf 64' lang='lat' dir='ltr'><em>franqois</em></span> <span class='ocrx_word' id='word_1_498' title='bbox 907 2940 951 2961; x_wconf 89' lang='lat' dir='ltr'><em>ne</em></span> <span class='ocrx_word' id='word_1_499' title='bbox 973 2928 1073 2969; x_wconf 69' lang='lat' dir='ltr'><em>latin,</em></span> <span class='ocrx_word' id='word_1_500' title='bbox 1092 2935 1126 2961; x_wconf 89' lang='lat' dir='ltr'><em>et</em></span> <span class='ocrx_word' id='word_1_501' title='bbox 1145 2928 1199 2960; x_wconf 81' lang='lat' dir='ltr'><em>n&#39;a</em></span> <span class='ocrx_word' id='word_1_502' title='bbox 1222 2927 1303 2960; x_wconf 90' lang='lat' dir='ltr'><em>nulz</em></span> <span class='ocrx_word' id='word_1_503' title='bbox 1324 2927 1476 2960; x_wconf 82' lang='lat' dir='ltr'><em>livres...</em></span> <span class='ocrx_word' id='word_1_504' title='bbox 1501 2928 1569 2959; x_wconf 82' lang='lat' dir='ltr'><em>Les</em></span> <span class='ocrx_word' id='word_1_505' title='bbox 1586 2939 1650 2972; x_wconf 85' lang='lat' dir='ltr'><em>roy</em></span> <span class='ocrx_word' id='word_1_506' title='bbox 1666 2926 1816 2960; x_wconf 80' lang='lat' dir='ltr'><em>Charles</em></span> <span class='ocrx_word' id='word_1_507' title='bbox 1833 2939 1897 2972; x_wconf 85' lang='lat' dir='ltr'><em>roy</em></span> <span class='ocrx_word' id='word_1_508' title='bbox 1913 2927 1957 2960; x_wconf 88' lang='lat' dir='ltr'><em>de</em></span> <span class='ocrx_word' id='word_1_509' title='bbox 1975 2929 2108 2961; x_wconf 82' lang='lat' dir='ltr'><em>France</em></span> 
     </span>
     <span class='ocr_line' id='line_1_39' title="bbox 372 2986 1986 3011; baseline -0.007 0"><span class='ocrx_word' id='word_1_510' title='bbox 372 2989 434 3006; x_wconf 63' lang='lat' dir='ltr'><em>*U*</em></span> <span class='ocrx_word' id='word_1_511' title='bbox 453 2986 548 3011; x_wconf 82' lang='lat' dir='ltr'><em>Chart.</em></span> <span class='ocrx_word' id='word_1_512' title='bbox 570 2987 648 3011; x_wconf 78' lang='lat' dir='ltr'><em>Univ.</em></span> <span class='ocrx_word' id='word_1_513' title='bbox 669 2986 762 3010; x_wconf 79' lang='lat' dir='ltr'><em>Paris.</em></span> <span class='ocrx_word' id='word_1_514' title='bbox 779 2987 821 3010; x_wconf 77' lang='lat' dir='ltr'><em>lv.</em></span> <span class='ocrx_word' id='word_1_515' title='bbox 1957 2987 1986 3009; x_wconf 69' lang='lat'><em>5¹1</em></span> 
     </span>
    </p>
   </div>
  </div>
 </body>
</html>
