2502 3418
210 331 304 367 1414]
552 344 596 364 ,111
632 344 736 365 :xxxo
772 343 1060 364 nccerxxxxn*
1094 343 1223 370 115000
1260 343 1306 363 ,111
1341 343 1477 364 Α1111111
1514 344 1718 365 1100001111.
2000 336 2061 368 281

206 418 401 462 inquisitor
429 417 584 450 heretice
619 417 800 461 pravitatis
829 417 864 449 in
896 429 1008 461 regno
1041 417 1187 448 Francie
1218 417 1426 449 auctoritate
1459 417 1653 461 apostolica
1687 418 1890 461 deputatus,
1919 420 2062 463 judices

207 491 453 528 competentes
474 484 509 516 iu
532 484 594 516 hac
618 491 727 529 parte,
746 483 895 516 salutem
918 484 953 515 in
975 495 1017 515 00
1040 483 1100 527 (1111
1123 490 1174 515 051
1198 483 1584 516 (111111111111111-1115111115.
1604 484 1692 516 Cum
1713 497 1827 528 nuper
1843 498 1885 517 ex
1907 486 2060 530 plurium

207 551 471 595 fidedignorum
495 551 746 596 frequentibus
767 550 1073 583 insinuationibus
1101 551 1263 594 saumque
1295 550 1435 594 publica
1457 563 1535 582 cum
1567 551 1666 595 gravi
1695 552 1863 584 scandalo
1887 554 2063 585 referente

206 618 248 650 ad
270 630 375 650 aures
397 625 538 651 nostras
561 619 766 663 pervenerit
786 618 881 662 quod
910 618 946 650 in
968 617 1063 658 villa,
1087 617 1227 650 civitate
1256 624 1287 649 et
1323 618 1459 649 diocesi
1491 618 1685 650 parisiensi
1715 625 1746 650 et
1781 619 1883 651 etiam
1913 619 1997 651 alibi
2029 621 2063 651 111

206 685 361 718 diversis
389 685 550 730 partibus
578 685 664 718 dicti
697 685 799 730 regni
834 684 1000 717 nonnulli
1028 696 1172 716 errores
1206 684 1240 716 in
1270 684 1339 716 fide
1370 691 1405 717 et
1437 684 1542 717 bonis
1572 685 1733 717 moribus
1765 686 1854 718 male
1882 687 2063 730 sapientes

207 752 392 785 retroactis
421 752 544 797 (procli
575 752 710 795 (101011)
740 752 964 797 temporibus
997 751 1163 784 seminati
1188 752 1346 792 fuerunt,
1375 758 1491 784 ortum
1519 759 1553 784 et
1582 752 1774 797 originem,
1803 760 1837 785 ut
1869 753 2061 793 serebatur,

205 825 390 851 sumentes
411 831 453 851 ex
474 818 661 863 nephanda
682 825 717 851 et
741 818 961 863 dampnabili
990 818 1238 863 propositione
1261 819 1419 851 defuncti
1442 819 1603 863 magistri
1624 818 1800 852 Johannis
1822 820 1936 860 Parvi,
1959 832 2062 864 quam

204 885 502 930 Justificationem
530 885 668 920 domini
693 885 794 919 ducis
819 885 1031 930 Burgundie
1060 885 1263 930 appellavit,
1294 885 1526 930 quamplures
1559 886 1594 918 in
1627 898 1665 918 se
1696 898 1839 918 errores
1874 887 2064 931 pestiferos

206 953 446 990 continentes»,
469 959 501 985 et
523 965 593 997 que
614 953 650 985 in
672 959 807 985 tantum
830 953 865 985 in
887 953 993 985 dictis
1014 952 1109 993 villa,
1133 953 1273 985 civitate
1296 959 1328 985 ct
1351 953 1488 985 diocesi
1515 953 1710 985 parisiensi
1737 953 1915 998 publicata
1937 954 2062 993 extitit,

206 1020 302 1064 quod
324 1020 522 1052 venditioni
544 1019 687 1064 publice
710 1020 869 1064 exposita
892 1027 924 1052 01
946 1032 962 1052 a
986 1019 1151 1064 pluribus
1181 1026 1297 1064 empta
1326 1020 1451 1059 fuerit;
1484 1021 1587 1064 cujus
1619 1021 1879 1064 propositionis
1901 1033 2062 1053 errorum

207 1087 375 1131 pestifera
398 1087 602 1127 multitudo,
630 1100 673 1120 ne
704 1087 874 1132 populum
905 1087 1095 1132 presertim
1124 1087 1230 1119 nobis
1259 1087 1443 1119 subditum
1465 1087 1600 1120 inficiat
1621 1094 1673 1120 est
1695 1087 1941 1120 verisimiliter
1961 1088 2066 1120 dubi—

206 1154 364 1195 tandum,
388 1154 458 1186 nisi
480 1154 524 1186 de
545 1167 708 1199 congruo
730 1154 913 1199 celerique
935 1167 1046 1198 super
1070 1154 1137 1187 hoc
1169 1154 1329 1187 remedio
1360 1155 1407 1187 sit.
1439 1155 1622 1199 provisum
1647 1167 1653 1187 :
1677 1141 1743 1187 nos
1765 1155 1877 1199 igitur
1896 1167 1939 1187 ex
1960 1155 2066 1187 0111011

205 1221 319 1253 nostri
341 1220 462 1253 debito
491 1221 679 1266 cupientes
707 1228 840 1266 quanto
871 1233 914 1254 ex
944 1221 1014 1254 alto
1048 1221 1154 1253 nobis
1187 1221 1417 1266 permittitur,
1447 1222 1490 1253 de
1521 1228 1556 1254 et
1586 1234 1696 1266 super
1722 1222 1911 1266 premissis
1933 1229 1965 1254 et
1987 1222 2067 1255 aliis

206 1294 342 1321 mature
363 1288 561 1333 procedere
579 1295 610 1321 et
634 1301 777 1321 errores
798 1288 1006 1333 hujusmodi
1028 1295 1060 1321 et
1082 1288 1186 1327 alios,
1205 1289 1232 1321 si
1256 1289 1316 1333 qui
1338 1295 1473 1325 essent,
1492 1289 1536 1320 de
1558 1289 1692 1321 nostris
1714 1289 1854 1321 civitate
1876 1296 1910 1321 et
1930 1289 2066 1322 diocesi

205 1355 395 1400 extirpare,
414 1356 458 1388 de
480 1362 513 1388 et
535 1367 645 1400 super
660 1355 868 1400 hujusmodi
891 1356 1036 1388 materia
1053 1356 1255 1388 Consilium
1278 1355 1362 1387 fidei
1384 1356 1611 1387 dominorum
1635 1356 1888 1400 magistrorum
1907 1363 1941 1388 et
1961 1356 2067 1389 licen-

206 1423 371 1455 tiatorum
393 1423 429 1455 iu
452 1422 633 1468 theologia
659 1436 698 1455 ac
729 1423 884 1468 plurium
914 1423 1065 1455 aliorum
1092 1423 1387 1467 jurisperitoriun
1418 1423 1453 1454 in
1484 1423 1714 1455 multitudine
1736 1423 1881 1467 copiosa
1903 1423 1939 1455 in
1961 1424 2067 1455 domo

205 1489 402 1534 episcopali
425 1490 539 1522 nostri
566 1490 717 1534 predicti
739 1490 955 1533 parisiensis
982 1490 1142 1534 episcopi
1170 1490 1359 1522 convocari
1390 1490 1540 1522 fecimus
1568 1490 1707 1522 vicibus
1738 1490 1912 1534 repetitis,
1936 1490 2068 1535 quibus

206 1556 413 1600 hujusmodi
450 1557 735 1601 propositionem
768 1547 801 1589 et
833 1557 974 1601 aliquos
1007 1569 1150 1589 errores
1181 1557 1216 1589 in
1247 1569 1285 1588 ea
1321 1563 1483 1601 repertos
1514 1557 1870 1595 eonunuuit-avimus,
1901 1564 1932 1589 et
1969 1557 2068 1601 ipsos

209 1624 376 1656 dominos
398 1631 429 1656 01
454 1625 646 1669 magistros
668 1631 877 1669 matureque
899 1624 1142 1656 deliberantes
1166 1631 1311 1668 tuteque
1339 1631 1370 1656 01
1402 1624 1515 1656 libere
1539 1625 1638 1668 juxta
1666 1624 1857 1668 cujuslibet
1880 1625 2068 1656 conscien-

206 1691 288 1723 tiam
313 1691 476 1735 depulsis
498 1691 710 1736 strepitibus
733 1698 765 1724 et
787 1698 928 1724 servato
951 1691 1095 1724 silentio
1122 1692 1157 1723 in
1179 1691 1454 1736 quamplurimis
1481 1698 1511 1723 et
1542 1691 1696 1724 diversis
1718 1691 1946 1723 sessionibus
1968 1692 2067 1723 audi-

206 1757 325 1790 vimus
348 1758 535 1802 patienter,
555 1770 707 1803 quorum
725 1758 835 1803 aliqui
858 1770 941 1791 suas
963 1758 1244 1790 deliberationes
1266 1759 1302 1790 in
1320 1758 1464 1802 scriptis
1487 1757 1629 1802 publice
1652 1758 1889 1799 tradiderunt,
1906 1758 1965 1790 alii
1982 1770 2067 1790 vero

207 1825 285 1857 sine
307 1825 441 1869 scripto
464 1825 666 1858 deliberare
689 1825 908 1858 verbotenus
930 1826 1145 1865 maluerunt,
1169 1838 1257 1870 quas
1286 1832 1402 1857 tamen
1425 1825 1706 1857 deliberationes
1728 1825 1763 1857 in
1785 1825 1929 1869 scriptis
1952 1825 2068 1869 redigi

206 1892 357 1925 fecimus
379 1904 444 1937 per
464 1899 609 1925 nostros
632 1893 792 1925 notarios
814 1893 1075 1937 infrascriptos.
1100 1894 1150 1924 De
1173 1899 1205 1925 et
1228 1905 1338 1937 super
1359 1891 1491 1936 quibus
1513 1892 1682 1924 omnibus
1704 1898 1738 1924 et
1759 1892 1927 1936 singulis,
1951 1891 2068 1924 habita

206 1959 300 1991 inter
320 1971 387 1992 nos
409 1966 543 1992 matura
566 1959 840 2001 deliberatione,
866 1972 1017 1992 unacum
1041 1959 1206 2004 pluribus
1237 1959 1451 1992 solennibus
1483 1966 1515 1992 et
1546 1959 1703 2004 expertis
1725 1959 1881 1991 dominis
1903 1965 1935 1991 et
1958 1960 2069 2003 magi-

207 2026 292 2059 stris
313 2026 349 2059 in
372 2026 435 2059 hac
459 2033 557 2071 parte
580 2027 781 2071 reperimus
804 2034 995 2072 pretactam
1018 2027 1303 2072 111-011051110110111
1327 2027 1363 2058 111
1385 2039 1423 2058 50
1444 2027 1557 2058 fuisse
1584 2033 1617 2058 01
1643 2038 1724 2058 0550
1755 2026 2007 2070 perniciosam,
2030 2039 2068 2058 ac

207 2093 330 2138 plures
351 2093 387 2125 in
409 2106 447 2126 se
470 2106 613 2126 errores
635 2094 671 2126 in
692 2094 762 2127 fide
785 2101 819 2126 et
839 2094 946 2126 bonis
968 2094 1131 2126 moribus
1153 2094 1411 2129 continentem,
1439 2100 1543 2138 prout
1575 2093 1640 2125 hee
1668 2100 1700 2125 01
1731 2093 1797 2125 alia
1828 2093 1863 2124 in
1895 2105 2067 2137 processu

207 2172 317 2205 super
337 2161 403 2193 ista
426 2161 571 2193 materia
592 2161 724 2206 agitato
746 2161 923 2194 seriosius
945 2162 1187 2194 continentur.

295 2229 424 2260 Notum
447 2228 558 2273 igitur
577 2229 740 2267 facimus,
764 2229 860 2273 quod
883 2229 940 2261 die
962 2229 1041 2261 date
1065 2228 1299 2273 presentium,
1323 2228 1365 2260 ad
1387 2240 1490 2272 quam
1513 2227 1606 2259 diem
1635 2227 1831 2271 significari
1854 2234 1884 2259 01
1913 2227 2068 2259 intimari

206 2295 357 2327 fecimus
380 2294 476 2327 clero
506 2295 664 2327 Parisius
687 2296 868 2337 existenti,
897 2308 962 2328 nos
993 2297 1068 2328 Deo
1090 2296 1196 2328 dante
1228 2302 1358 2327 certam
1389 2294 1652 2326 ordinationem
1682 2294 1724 2325 ad
1755 2293 1952 2325 orthodoxe
1985 2294 2067 2325 lidei

207 2361 455 2394 exaltationem
479 2363 782 2406 pronunciaturos
805 2375 868 2407 pro
891 2362 1059 2395 tribunali
1083 2363 1252 2395 sedentes
1274 2362 1309 2394 in
1334 2362 1511 2406 presentia
1536 2361 1689 2405 plurium
1715 2360 1929 2404 prelatorum
1954 2360 2068 2392 domi-

207 2441 408 2473 norumque
430 2430 630 2467 doctorum,
656 2430 908 2474 magistrorum
932 2437 962 2462 01
988 2429 1244 2462 bacalarioriun
1270 2430 1304 2461 in
1327 2441 1424 2461 sacra
1450 2429 1576 2472 pagiua
1599 2435 1629 2459 et
1653 2428 1732 2459 aliis
1755 2427 1916 2459 scientiis
1940 2427 2068 2459 multo-

208 2496 529 2540 rumquealiorum
554 2496 710 2528 virorum
734 2496 1061 2529 ecclesiasticorum
1090 2504 1124 2529 01.
1153 2496 1368 2528 secularium
1401 2496 1436 2527 in
1466 2495 1613 2527 maxima
1644 2494 1886 2534 multitudine,
1910 2500 2066 2525 nostram

207 2563 419 2595 sententiam
453 2576 515 2595 seu
548 2563 811 2595 ordinationem
843 2564 877 2596 111
911 2564 1054 2596 modum
1085 2564 1146 2608 qui
1177 2563 1342 2607 sequitur
1370 2562 1586 2607 protulimus
1619 2568 1651 2593 01
1684 2561 1901 2605 proferimus
1932 2560 1967 2591 in
1999 2560 2068 2592 hiis

208 2629 352 2674 scriptis
376 2642 382 2662 :

294 2755 361 2780 Nos¹
380 2755 525 2781 Gerardus
548 2756 731 2781 miseratione
755 2756 851 2781 divina
876 2756 1037 2781 i‘arisiensis
1057 2756 1206 2789 episcopus
1228 2756 1256 2780 et
1276 2755 1363 2779 frater
1382 2754 1529 2779 Joiianues
1550 2752 1638 2778 Poleti
1660 2752 1776 2777 Ordinis
1792 2752 1916 2777 fratrum
1938 2753 2070 2778 Predica-

207 2804 316 2832 torum,
340 2812 417 2830 sacre
441 2805 584 2836 theologie
604 2806 754 2837 professor,
778 2805 933 2837 inquisitor
954 2805 1076 2830 heretice
1093 2803 1284 2837 111-(1111011510
1306 2811 1395 2834 regno
1413 2802 1527 2827 Fraucie
1543 2801 1713 2826 auctoritate
1733 2801 1887 2834 apostolica
1902 2802 2069 2834 deputatus,

203 2852 314 2884 judices
334 2855 532 2886 competentes
554 2854 584 2878 in
607 2854 658 2878 hac
684 2856 772 2886 parte,
799 2854 937 2879 universis
957 2853 1193 2879 christifidelibus
1213 2854 1356 2885 presentes
1377 2852 1485 2877 litteras
1508 2850 1679 2883 inspecturis
1699 2850 1821 2875 salutem
1844 2850 1874 2875 in
1897 2851 2023 2876 Domino
2043 2853 2072 2876 et

206 2901 408 2935 incorruptam
426 2903 493 2928 {idei
509 2903 658 2928 veritatem
673 2903 782 2928 sincera
798 2905 897 2928 11101110
911 2904 1017 2928 tenere.
1036 2903 1131 2928 Sciens
1146 2901 1294 2935 apostolus
1308 2909 1340 2926 ex
1358 2900 1524 2926 testimonio
1540 2899 1609 2932 legis
1623 2901 1651 2925 et
1666 2899 1818 2924 (2111·isti...,
1837 2900 1893 2925 llec
1908 2908 1960 2925 nos
1975 2901 2070 2926 consi-

331 2954 393 2970 ΜΗ
412 2951 507 2975 (Iliun.
531 2952 610 2975 Unio·
630 2952 724 2974 Patrio&
745 2952 786 2974 lv.
1919 2949 1948 2970 36
