2502 3418
1138 329 1304 352 TABULA.

287 445 347 468 1977

285 592 346 615 1978

284 694 345 717 1979

283 752 344 776 1980

283 855 340 878 1981

282 958 341 982 1982

280 1150 340 1174 1983

278 1298 339 1321 1984

277 1356 338 1379 1985

277 1458 338 1482 1986

276 1561 336 1585 1987

275 1664 336 1688 1988

275 1816 336 1840 1989

274 1969 335 1993 1990

273 2077 331 2100 1991

273 2136 333 2159 1992

272 2243 333 2267 1993

271 2395 330 2419 1994

271 2458 331 2481 1995

270 2564 330 2588 1996

269 2761 329 2785 1997

269 2868 330 2893 1998

422 444 487 470 1413
624 445 685 468 Maii
698 447 712 469 2

440 605 470 608 -
638 592 712 614 -11

440 708 469 711 -
637 706 666 710 -
684 693 722 722 26,
741 694 769 717 27

438 766 469 770 -.
637 764 665 767 -
683 752 713 774 29

376 853 524 880 tata-1413
593 853 732 878 Dec.-Jun.

416 957 484 984 1⁴13
617 956 681 980 Julii
696 958 711 980 6

436 1165 465 1169 -
634 1163 661 1166 -
681 1149 710 1173 19

433 1312 464 1316 -
633 1310 660 1314 --
679 1298 709 1320 20

433 1370 463 1374 —-
589 1355 700 1386 Augusti
716 1357 729 1379 2

432 1472 462 1477 -
633 1471 658 1475 —
714 1460 729 1482 4

432 1575 461 1579 -
630 1575 659 1578 —
714 1563 728 1585 6

629 1981 657 1985 —-
710 1970 762 1998 4,6

429 2090 458 2094 -
579 2075 732 2107 Septembre

430 2153 456 2157 —
580 2138 700 2162 Octobris
716 2140 730 2163 4

626 2259 654 2263 —
716 2248 728 2270 7

427 2413 456 2416 —
582 2398 727 2422 Novembre

427 2474 455 2478 -
562 2460 711 2485 Decembris
730 2462 738 2484 1

426 2582 453 2586 -
582 2569 723 2592 Decembre

424 2883 454 2888 —-
556 2871 624 2897 Circ.
639 2872 699 2897 Dec,
716 2873 744 2896 25

801 446 934 469 ,Iohannes
950 447 1030 470 XXIII
1046 448 1148 478 statuit,
1165 451 1192 471 ut
1207 456 1301 471 causae
1316 449 1459 479 pendentes
1474 450 1498 473 in
1513 451 1584 474 Rom.
1603 451 1675 473 curia
1691 451 1715 474 in
1730 452 1815 482 primu
1832 453 1955 476 instantia
1974 454 2058 484 magi-

833 494 947 514 strorum
962 494 987 514 et
1000 492 1161 515 scholarium
1178 493 1260 516 Paris.
1275 493 1300 516 in
1317 494 1403 517 rotulo
1419 498 1600 518 contentorum
1618 499 1744 526 qnantum
1762 497 1794 519 ad
1810 497 1909 527 gratias
1925 502 2058 528 exspecta-

831 535 899 559 tivas
915 536 1024 559 Parisiis
1042 545 1090 567 per
1102 537 1204 568 judices
1218 546 1233 560 a
1248 546 1318 569 papa
1336 538 1491 562 constitutos
1507 539 1663 562 decidantur
1666 557 2057 566 ................

801 593 919 616 Minister
948 594 1158 617 Mathurinorum
1183 595 1267 618 Paris.
1292 595 1390 627 aliique
1414 596 1440 619 in
1466 596 1540 619 curia
1567 597 1726 620 parlamenti
1749 598 1894 629 requirunt,
1917 603 1945 622 ut
1969 600 2056 622 abbati

831 638 857 661 S.
871 638 951 669 Eligit
966 638 1054 662 bullae
1069 640 1218 669 tradantur,
1233 640 1428 664 contradicente
1443 644 1615 672 procuratore
1631 642 1816 665 Universitatis
1820 660 2057 667 ..........

801 695 989 720 Ordormance
1003 697 1200 726 Cabochienne‚
1217 698 1366 729 requirente
1384 698 1571 728 Universitate,
1585 707 1599 722 a
1613 707 1674 730 rege
1687 700 1835 731 approbata
1844 717 2056 726 .........

799 752 893 776 Coram
913 762 974 785 rege
994 762 1064 786 mag.
1080 755 1140 778 Joh.
1160 755 1344 779 Courtecuisse
1364 756 1509 779 orationem
1529 757 1624 788 gallice
1643 757 1724 780 habet
1743 758 1774 780 de
1796 758 1951 781 necessitate
1973 759 2056 781 resor-

829 798 917 821 mundi
935 806 1054 830 regnum.
1068 800 1210 831 Propterea
1225 800 1416 824 ordinationem
1433 809 1511 832 quam
1526 805 1739 833 composuerunt,
1755 810 1799 825 rex
1819 802 1955 825 observari
1971 803 2056 826 saciat.

800 856 963 879 Universitas
980 857 1094 880 Johanni
1108 858 1188 881 XXIII
1204 858 1346 889 supplicat,
1363 862 1391 882 ut
1403 859 1484 890 episc.
1498 859 1666 882 Macloviensi
1684 863 1774 883 contra
1790 860 1915 884 baronem
1930 860 1961 883 de
1975 861 2057 883 Mont-

830 901 881 923 sort
893 901 1001 925 assistat
1004 919 2055 928 ..........................................

798 957 907 982 Carolus
923 959 956 982 VI
974 961 1064 988 refert,
1083 960 1146 991 quid
1168 960 1242 983 bulla
1260 961 1319 984 Joh.
1336 962 1416 984 XXIII
1437 962 1570 992 appellata
1589 963 1709 992 quintus
1726 962 1865 987 articulus
1884 963 2014 986 contineat
2033 967 2057 986 et

828 1004 898 1034 quod
914 1004 1035 1035 magistri
1048 1008 1073 1027 et
1088 1005 1221 1028 scholares
1236 1008 1289 1028 tam
1305 1014 1319 1028 a
1335 1014 1405 1037 papa
1423 1014 1501 1037 quam
1517 1015 1531 1029 a
1548 1015 1610 1038 rege
1627 1007 1797 1038 privilegium
1815 1008 1846 1030 de
1861 1016 1912 1030 non
1929 1008 2056 1030 trahendo

827 1051 900 1071 extra
911 1057 1000 1072 muros
1014 1049 1098 1072 Paris.
1113 1052 1240 1080 quantum
1252 1050 1286 1073 ad
1301 1050 1427 1073 beneficia
1443 1050 1469 1073 in
1482 1051 1568 1074 rotulo
1579 1054 1708 1079 contenta,
1722 1051 1899 1075 obtinuerunt.
1914 1053 2057 1076 Confirmat

827 1091 891 1115 haec
904 1093 1046 1124 privilegia
1049 1110 2055 1121 ........................................

797 1149 962 1174 Universitas
983 1151 1076 1174 scribit
1090 1151 1189 1175 ,Iacobo
1205 1152 1236 1175 de
1252 1152 1394 1182 ChAtillon,
1411 1156 1439 1175 ut
1455 1153 1541 1184 legato
1557 1153 1743 1177 Universitatis
1763 1157 1788 1177 et
1807 1154 1885 1177 sociis
1906 1154 1949 1185 qui
1968 1158 2057 1186 porta-

826 1198 919 1218 verant
934 1195 1022 1218 bullas
1034 1196 1154 1227 papaleS,
1171 1199 1196 1219 et
1210 1196 1243 1219 ab
1258 1196 1409 1220 hominibus
1425 1198 1481 1228 ejus
1495 1197 1681 1221 detinebantur
1694 1198 1721 1221 in
1736 1198 1895 1227 carceribus,
1907 1199 2055 1223 libertatem

827 1239 904 1262 donet
908 1257 2054 1267 .............................................

795 1297 962 1321 Universitas
977 1297 1053 1329 eligit
1071 1298 1277 1322 ambassiatores
1298 1299 1331 1322 ad
1351 1303 1507 1323 conventum
1526 1300 1558 1323 de
1573 1300 1711 1323 Pontisara
1716 1318 2053 1326 ..............

795 1355 970 1386 Universitm,
991 1356 1073 1379 missa
1095 1357 1128 1379 ad
1149 1365 1239 1380 omnes
1262 1357 1319 1388 regi
1338 1357 1463 1381 Franciae
1485 1357 1616 1389 subjectos
1639 1358 1761 1389 epistola,
1777 1359 1909 1390 approbat
1929 1359 2054 1383 articulos

824 1400 899 1431 pacis
912 1400 1066 1424 Pontisarae
1081 1401 1220 1425 conclusae
1224 1418 2053 1427 .................................

795 1458 907 1481 Ursinus
930 1458 961 1482 de
981 1459 1130 1482 Talevande
1149 1459 1295 1483 orationem
1314 1459 1395 1483 habet
1414 1468 1502 1483 coram
1523 1468 1584 1491 rege
1604 1464 1632 1484 ut
1651 1469 1698 1491 per
1717 1470 1730 1482 (ι
1747 1461 1909 1484 Cabochiens
1929 1471 1942 1483 ›>
1957 1462 2053 1485 detenti

824 1502 971 1526 liberentur
973 1520 2053 1530 ...........................................

793 1561 918 1584 Nonnulli
937 1561 1015 1584 duces
1032 1561 1206 1585 Universitati
1225 1562 1326 1593 gratias
1342 1566 1425 1594 agunt
1444 1563 1475 1586 de
1491 1563 1629 1586 laboribus
1648 1564 1778 1594 susceptis
1796 1564 1828 1586 ad
1848 1572 1940 1595 pacem
1954 1572 2054 1596 paran—

824 1606 884 1628 dam
889 1622 2051 1633 ..............................................

792 1663 852 1687 Joh.
868 1664 970 1687 Gerson
991 1672 1081 1687 coram
1102 1673 1164 1696 rege
1183 1668 1291 1696 perorat
1310 1665 1341 1688 de
1360 1666 1528 1689 reformando
1549 1674 1639 1697 regnu,
1660 1666 1691 1689 de
1708 1666 1812 1697 justitia
1832 1675 1861 1689 ae
1883 1667 1915 1690 de
1934 1667 2052 1690 doctrina

823 1708 951 1732 Johannis
972 1709 1050 1732 Parvi
1070 1709 1228 1738 damnanda,
1255 1710 1386 1741 imprimis
1406 1713 1516 1741 propter
1543 1714 1643 1741 septem
1665 1711 1860 1741 propositiones
1885 1720 1897 1734 e
1917 1711 2052 1743 Juslifica·

824 1753 898 1777 tione
917 1754 997 1778 ducis
1012 1754 1203 1784 B'urqundiae
1218 1757 1347 1777 extractas
1352 1771 2050 1780 ............................

794 1816 958 1839 Universitas
977 1816 1036 1840 Joh.
1056 1816 1199 1840 Gersonem
1219 1820 1328 1848 propter
1345 1817 1490 1840 orationem
1511 1821 1616 1848 gratum
1636 1817 1728 1846 habet;
1745 1818 1863 1841 nationes
1884 1819 2009 1841 Franciae
2028 1822 2052 1842 et

821 1861 990 1884 alemanniae
1005 1864 1031 1884 et
1048 1862 1159 1884 facultas
1176 1861 1269 1885 medic.
1287 1862 1438 1885 facultatem
1454 1862 1533 1885 theol.
1550 1862 1697 1893 requirunt,
1714 1865 1742 1885 ut
1757 1863 1789 1885 ad
1808 1863 2050 1886 condemnationem

822 1905 961 1929 haeresum
976 1905 1002 1928 in
1018 1905 1088 1929 dicta
1103 1906 1222 1929 oratione
1235 1909 1365 1929 tactarum
1377 1907 1504 1937 procedat
1507 1923 2049 1932 ......................

792 1968 897 1999 Septem
919 1968 1097 1991 assertionum
1117 1977 1132 1991 a
1151 1968 1212 1992 Joh.
1229 1968 1345 1992 Gersone
1365 1977 1378 1992 e
1396 1969 1602 1999 Justificatione
1616 1969 1696 1993 ducis
1715 1969 1905 2000 Buryundiae
1920 1973 2048 1993 extracta—

822 2021 880 2035 rum
900 2013 1052 2044 reprobatio
1060 2030 2048 2038 .......................................

792 2076 827 2099 Ex
841 2079 917 2107 purte
931 2076 1132 2100 adhaerentium
1147 2076 1206 2100 duci
1219 2076 1388 2108 Burgundiae
1404 2078 1433 2099 56
1449 2076 1592 2099 scntentias
1608 2076 1691 2099 editas
1709 2076 1873 2100 Universitas
1890 2077 2023 2108 reprobat.
2042 2095 2047 2100 .

789 2139 848 2162 Joh.
870 2139 970 2163 Gerson
989 2140 1087 2171 probat
1106 2148 1187 2171 quare
1211 2140 1339 2171 quasdam
1362 2147 1485 2162 erroneas
1507 2139 1701 2170 propositiones
1722 2139 1904 2170 reprobaverit
1923 2139 2049 2171 affertque

821 2185 833 2207 7
848 2184 982 2213 veritates,
999 2192 1066 2215 quae
1080 2184 1198 2208 serviunt
1213 2185 1245 2207 ad
1264 2184 1398 2215 praedicta
1404 2201 2047 2208 ..........................

790 2246 899 2269 Carolus
916 2247 948 2269 Vl
964 2247 1081 2271 Gerurdo
1097 2247 1221 2278 episcopo
1237 2247 1353 2274 mandat,
1373 2250 1400 2269 ut
1414 2255 1473 2268 cum
1488 2246 1642 2277 inquisitore
1659 2246 1756 2269 haeret.
1773 2246 1912 2277 pravitatis
1927 2250 1952 2269 ct
1968 2246 2049 2277 magi-

819 2291 882 2314 stris
897 2291 1084 2314 Universitatis
1102 2300 1129 2315 se
1144 2291 1269 2314 informet
1286 2292 1317 2314 de
1335 2291 1469 2314 erroribus
1485 2291 1516 2313 de
1530 2299 1596 2313 novo
1614 2291 1807 2321 pullulantibus
1826 2290 1851 2313 in
1867 2299 1947 2322 regno
1965 2291 2046 2314 Fran-

819 2336 888 2359 ciae.
909 2353 915 2359 .
935 2357 940 2361 .
961 2352 2045 2360 ...........................................

788 2399 908 2429 Magistri
923 2402 1044 2430 regentes
1062 2398 1195 2422 facultatis
1213 2398 1358 2422 medicinae
1378 2406 1420 2421 an.
1442 2398 1574 2420 1413-‘1414
1577 2415 2045 2421 ...................

788 2461 952 2485 Universitas
980 2461 1102 2492 deplorat
1123 2461 1236 2484 nefanda
1258 2464 1319 2484 tune
1348 2464 1469 2492 peracta;
1497 2460 1625 2491 quidquid
1653 2468 1697 2483 rex
1719 2460 1871 2488 decreverit,
1900 2460 2044 2491 approbat;

818 2506 946 2538 quidquid
961 2506 1020 2538 ipsa
1035 2509 1126 2529 contra
1143 2506 1199 2538 ejus
1215 2506 1397 2529 auctoritatem
1413 2506 1503 2536 egerit,
1521 2505 1664 2536 improbat.
1684 2505 1721 2527 Ad
1736 2505 1902 2528 concordiam
1918 2505 2045 2528 hortatur.

787 2569 851 2592 Cum
864 2569 936 2592 card.
951 2569 1062 2592 Pisanus
1076 2569 1245 2598 Alamannus,
1260 2569 1362 2599 legatus
1379 2568 1403 2590 in
1415 2567 1534 2596 Francia,
1549 2567 1651 2590 nullum
1666 2567 1809 2590 remedium
1825 2568 1910 2598 quoad
1922 2567 2045 2590 beneficia

817 2614 959 2644 attulisset,
978 2614 1172 2637 Parlamentum
1192 2621 1251 2636 cum
1271 2612 1360 2635 multis
1385 2612 1519 2643 magistris
1541 2611 1727 2634 Univcrsitatis
1747 2611 1848 2640 statuit,
1870 2615 1898 2634 nt
1916 2612 2045 2635 ordinatio

816 2658 890 2689 regia
905 2667 946 2682 an.
964 2658 1033 2686 1407,
1052 2658 1127 2681 Febr.
1145 2658 1181 2686 18,
1202 2658 1292 2680 stricte
1308 2657 1475 2683 observetur;
1492 2656 1666 2687 prohibetque
1682 2664 1713 2679 ne
1728 2659 1867 2687 argentum
1887 2665 1934 2687 pro
1951 2657 2047 2679 henefi-

816 2703 863 2726 ciis
882 2703 915 2726 ad
931 2703 1032 2726 curium
1052 2704 1125 2726 Rom.
1146 2705 1267 2733 portetur
1270 2718 2045 2726 ...............................

786 2765 973 2789 Universitatis
989 2765 1110 2796 querelae
1130 2765 1201 2796 apud
1220 2773 1318 2796 papam
1338 2767 1446 2795 propter
1461 2771 1554 2786 causas
1575 2762 1740 2786 beneficiales
1756 2763 1782 2785 in
1798 2763 1871 2786 curia
1888 2764 1962 2787 Rom.
1980 2764 2046 2786 male

816 2813 954 2834 tractatas.
972 2810 1024 2833 Eae
1039 2809 1149 2838 Parisiis
1167 2809 1341 2832 terminentur
1345 2824 2044 2832 ............................

787 2872 924 2897 Licentiuti
938 2873 965 2896 in
981 2873 1105 2897 facultate
1120 2872 1267 2905 theologiae
1271 2887 2046 2897 ...............................

2103 543 2148 565 256

2103 645 2147 667 257

2103 702 2147 724 257

2101 1097 2146 1119 258

2100 1244 2145 1266 258

2100 1302 2145 1324 259

2099 1405 2144 1427 259

2098 1507 2142 1530 261

2098 1610 2141 1633 261

2097 1757 2140 1780 261

2096 1910 2141 1932 262

2095 2017 2139 2038 263

2095 2079 2139 2101 264

2094 2186 2137 2208 264

2092 2338 2137 2359 265

2092 2400 2136 2422 2153

2091 2506 2135 2529 265

2091 2703 2136 2725 268

2092 2810 2136 2832 268

2092 2872 2137 2895 268
