2502 3418
979 320 1188 342 JOHANNES
1223 320 1442 343 CHUFFART.
2087 327 2146 348 XIX

283 393 384 429 adeat
398 397 433 429 et
451 408 466 425 «
483 404 520 429 se
532 393 644 429 tenoit
658 394 833 442 tousjours
847 406 890 430 en
906 394 1000 430 Berri
1016 406 1081 442 par
1093 394 1144 430 les
1159 396 1318 431 mauvais
1341 396 1494 431 conseils
1508 397 1595 443 qu’il
1615 397 1722 432 avoit'
1748 411 1784 440 »;
1810 402 1856 442 7⁰,
1875 410 1931 434 an.
1954 403 2045 435 1445
2064 413 2143 435 cum

280 465 411 500 iterum
429 464 466 500 in
486 464 646 501 Picardia
659 469 779 509 staret,
803 477 934 501 nomen
949 466 1024 513 ejus
1039 466 1139 501 deest
1151 466 1244 501 inter
1260 467 1450 502 canonicos
1466 469 1612 503 Nostrae
1628 469 1802 504 Dominae
1822 469 1865 504 ab
1894 470 2019 506 Octob.
2041 473 2083 506 13
2100 472 2142 507 ad

280 537 366 571 Dec.
388 534 446 579 1²;
465 538 513 581 8⁰,
531 547 588 571 an.
611 539 703 572 1446
724 536 839 572 abfuit
863 537 971 573 etiam
987 549 1006 573 a
1027 538 1123 584 Sept.
1149 540 1194 573 28
1221 537 1265 573 ad
1283 539 1368 574 Nov.
1394 540 1450 580 15,
1471 538 1672 586 frustraque
1699 551 1831 575 nomen
1855 541 1930 588 ejus
1952 542 2142 587 quaesieris

278 606 373 642 inter
387 607 612 643 canonicos3.

376 679 425 713 Ex
441 678 483 713 iis
498 682 568 714 tres
585 678 764 714 absentiae
781 691 839 714 an.
862 682 953 715 1436
970 683 1003 715 et
1027 681 1118 715 1438
1135 680 1309 727 imprimis
1323 680 1511 716 notandae.
1529 681 1688 716 Chuffart
1709 681 1753 717 ad
1774 682 1941 717 Carolum
1960 684 2039 726 Vll,
2057 683 2142 718 urbe

278 749 387 785 Paris.
406 750 565 794 reducta,
582 750 700 785 statim
720 750 850 785 missus
867 754 918 786 est
938 751 1154 786 salutaturus
1179 751 1493 799 obedientiamque
1516 752 1754 799 professurus,
1777 756 1811 788 et
1832 753 1960 789 deinde
1983 754 2027 789 ad
2045 755 2142 789 Con—

275 820 398 855 cilium
417 820 651 864 Bituricense3
668 821 763 857 idem
778 833 902 857 mense
919 822 1117 858 Decembre
1134 824 1227 858 1436
1243 834 1325 858 cum
1341 823 1617 868 constabulario,
1637 823 1693 859 cui
1710 823 1861 859 debetur
1879 824 2038 860 reductio
2055 825 2140 860 civi-

276 892 355 926 tatis
372 891 576 937 Parisiens.,
596 895 629 928 et
647 892 860 928 cancellario
876 893 1043 929 fidelibus
1059 893 1184 929 Carolo
1206 898 1450 930 conversatur.
1469 896 1605 930 Auctor
1620 895 1723 930 diarii
1745 898 1868 930 contra
1890 895 1933 930 ad
1950 907 2008 930 an.
2031 898 2135 940 1436,

275 963 474 1010 Septemb.⁷
503 963 625 999 scribit
651 976 658 999 :
685 979 700 996 «
725 965 889 1011 Oncques
909 965 989 1011 puis
1011 964 1158 1001 l'entree
1184 965 1228 1001 (16
1255 965 1349 1000 Paris
1379 965 1460 1000 nulz
1485 966 1547 1001 des
1575 966 1792 1013 cappitaines
1824 966 1988 1014 francoys
2012 978 2056 1002 ne
2083 967 2138 1002 fist

272 1034 425 1081 quelque
451 1034 580 1070 bien...
603 1046 715 1070 senon
736 1035 839 1071 rober
858 1038 893 1071 et
913 1035 1029 1083 pillier
1045 1048 1109 1083 par
1124 1040 1209 1083 nuyt
1226 1040 1260 1072 et
1275 1037 1455 1084 parjour‘*
1470 1052 1484 1070 »
1502 1050 1510 1080 ;
1538 1037 1630 1073 etde
1654 1049 1734 1084 rege
1760 1050 1767 1072 :
1799 1039 1880 1072 «En
1897 1038 2000 1085 celuy
2023 1041 2137 1086 temps

271 1105 413 1140 n'estoit
438 1106 599 1141 nouvelle
618 1107 665 1142 du
682 1118 742 1153 roy
757 1107 968 1151 nullement‚
987 1119 1031 1143 ne
1052 1119 1120 1154 que
1135 1119 1171 1143 se
1186 1107 1211 1143 il
1228 1107 1296 1143 fust
1313 1110 1333 1143 a
1350 1110 1499 1143 Romme
1517 1120 1562 1143 ou
1578 1120 1622 1143 en
1637 1108 1863 1144 Jherusalem
1883 1124 1897 1141 υ
1916 1108 1943 1144 5.

365 1176 446 1212 Alia
456 1177 649 1213 difficultas
665 1189 684 1213 e
699 1181 818 1214 nostro
834 1184 870 1212 n⁰
890 1181 983 1214 2597
1003 1183 1049 1226 (p.
1065 1179 1149 1226 659)
1166 1179 1290 1215 oritur.
1310 1180 1463 1226 Rapiout
1479 1180 1667 1215 advocatus
1688 1181 1722 1214 in
1741 1180 1969 1215 Parlamento
1995 1181 2136 1228 exponit

268 1259 286 1282 e
310 1259 457 1284 munere
482 1248 618 1284 scribae
644 1250 903 1285 conservatoris
926 1249 1188 1297 privilegiorum
1210 1250 1451 1286 Universitatis
1474 1250 1633 1286 Chuffart
1653 1255 1857 1287 revocatum
1878 1263 1958 1286 esse
1984 1264 2004 1287 a
2033 1254 2137 1287 Petro

266 1323 448 1367 Cauchon‚
478 1325 586 1372 episc.
618 1325 833 1369 Belvacensi‚
862 1329 1107 1362 conservatore
1134 1326 1408 1373 privilegiorum,
1441 1327 1501 1374 qui
1526 1326 1710 1362 diffidebat
1743 1327 1787 1362 de
1815 1327 2031 1362 adhaesione
2060 1328 2136 1375 ejus

264 1394 403 1430 sincera
417 1396 508 1442 parti
525 1407 607 1431 suae
622 1396 845 1443 proindeque
860 1408 943 1432 eum
960 1397 1218 1444 suspicabatur.
1243 1399 1427 1439 Quaenam
1452 1409 1533 1433 vero
1556 1398 1712 1445 suspicio
1738 1398 1775 1433 in
1795 1401 1915 1433 mente
1936 1398 2135 1433 Cauchonis

263 1466 360 1501 nasci
385 1466 557 1513 potuisset
580 1467 623 1502 de
644 1470 787 1503 auctore
813 1467 914 1503 diarii
934 1468 1008 1515 qui,
1032 1472 1071 1504 ut
1094 1472 1244 1512 constat,
1270 1469 1589 1516 Armagniacorum
1611 1473 1645 1504 et
1664 1469 1779 1505 Caroli
1805 1469 1894 1517 parti
1920 1470 2131 1516 praesertim

263 1548 321 1573 an.
342 1540 503 1573 1423-24
520 1529 792 1574 adversabatur?

359 1610 432 1644 Nec
445 1621 652 1645 moveamur
671 1610 766 1657 quod
783 1610 958 1654 Chuffart‚
974 1614 1111 1658 partem
1127 1611 1327 1659 Anglorum
1349 1612 1542 1659 ingressus,
1562 1611 1604 1646 iis
1623 1615 1748 1659 sponte
1762 1612 2003 1659 juramentum
2027 1624 2129 1659 prae-

261 1680 401 1716 stiterit.
421 1682 574 1716 Causam
591 1681 686 1717 enim
707 1681 815 1729 hujus
831 1681 1086 1718 inconstantiae
1101 1683 1198 1718 idem
1217 1682 1472 1718 documentum
1491 1683 1633 1730 subjicit
1657 1695 1664 1718 :
1697 1698 1711 1714 α
1727 1683 1771 1718 ad
1789 1682 1940 1718 altiora»
1968 1683 2124 1719 Chuffart

260 1751 441 1796 tendebat,
460 1752 692 1788 cancellarius
709 1753 851 1800 reginae
866 1753 1035 1789 Isabellae
1051 1754 1127 1789 fieri
1142 1754 1302 1801 cupiens.
1323 1754 1510 1801 Ingenium
1527 1755 1604 1801 ejus
1620 1754 1676 1789 his
1694 1754 1972 1801 appetitionibus
1987 1755 2122 1802 patefit.

262 1822 455 1858 Primatum
470 1827 578 1867 amat,
593 1827 631 1859 ut
643 1824 842 1871 suspicatur
856 1825 1033 1860 Gerardus
1047 1824 1235 1861 Machetiss.
1255 1825 1518 1861 Beneficiorum
1530 1826 1779 1872 honorumque
1797 1826 1932 1869 avidus,
1949 1837 1986 1861 se
2003 1826 2125 1873 Anglis

254 1894 485 1942 jurejurando
509 1894 711 1939 obstrinxit,
731 1896 826 1931 velut
851 1900 955 1931 antea
975 1900 1009 1931 ct
1029 1900 1154 1943 postea
1176 1897 1332 1944 legitimo
1356 1897 1426 1944 regi
1453 1897 1636 1932 Franciae.
1660 1899 1791 1932 Revera
1814 1897 1960 1932 minime
1990 1897 2124 1944 Anglus

258 1964 337 2007 fuit,
366 1969 400 2001 et
423 1966 629 2002 defensores
655 1967 731 2014 ejus
755 1968 907 2003 Tornaci
928 1979 984 2003 an.
1014 1970 1104 2003 1429
1127 1969 1207 2016 jure
1227 1971 1482 2016 opposuerunt,
1506 1980 1587 2004 eum
1604 1979 1675 2003 non
1690 1980 1766 2003 esse
1783 1967 1819 2003 in
1837 1968 1979 2003 servitio
1998 1969 2124 2016 Anglo-

257 2035 373 2080 rum⁷;
396 2037 519 2084 utique
537 2041 659 2073 tamen
676 2038 811 2074 servivit
828 2039 1034 2086 Burgundo‚
1057 2039 1147 2074 sicut
1161 2051 1241 2086 pars
1256 2040 1294 2074 in
1315 2039 1545 2075 Universitate
1564 2039 1766 2082 dominans,
1788 2051 1827 2074 ac
1850 2039 1994 2074 mobilis
2013 2040 2121 2075 animi

256 2108 306 2142 vir
321 2107 403 2152 fuit;
422 2108 541 2156 itaque
562 2121 618 2145 an.
642 2111 733 2145 1436
748 2109 882 2157 optime
898 2110 1013 2157 potuit
1027 2095 1162 2158 eligiut
1181 2122 1262 2146 cum
1278 2111 1355 2146 aliis
1374 2110 1688 2147 ambassiatoribus
1707 2110 1855 2146 civitatis
1869 2111 1978 2146 Paris.
1999 2123 2120 2158 regem

254 2179 416 2215 Carolum
439 2180 553 2215 adiret
572 2181 675 2227 eique
694 2180 909 2228 obsequium
929 2181 1085 2217 offerret.
1103 2183 1234 2218 Verum
1253 2185 1306 2217 est
1321 2181 1427 2217 etiam
1449 2186 1631 2217 auctorem
1658 2182 1758 2217 diarii
1782 2193 1823 2217 eo
1844 2186 2003 2229 tempore
2029 2182 2119 2229 parti

253 2250 447 2297 Anglorum
471 2263 541 2287 non
568 2251 705 2295 favisse,
724 2253 787 2287 sed
803 2253 968 2299 quisnam
984 2253 1079 2288 dicet
1094 2253 1195 2288 illum
1214 2265 1371 2300 unquam
1388 2254 1623 2300 conjunctum
1640 2253 1746 2288 fuisse
1770 2265 1851 2288 cum
1873 2253 2013 2296 Carolo,
2033 2253 2118 2288 dum

253 2333 373 2369 regem
389 2333 429 2358 ac
446 2322 617 2369 regimen,
634 2326 672 2358 ut
686 2323 850 2367 vidimus,
864 2323 975 2359 libere
988 2325 1183 2371 vituperet?
1200 2326 1274 2360 Hoc
1290 2324 1430 2371 penitus
1446 2324 1614 2360 differunt
1631 2328 1755 2359 auctor
1770 2324 1872 2359 diarii
1890 2327 1994 2370 atque
2012 2324 2118 2359 Chuf-

253 2392 331 2437 sart,
350 2394 408 2440 qui
427 2405 486 2429 an.
515 2396 600 2430 1441
631 2406 667 2429 56
689 2395 850 2430 nominat
868 2395 959 2442 regis
978 2395 1254 2439 consiliarium&
1271 2396 1367 2443 quod
1390 2395 1517 2431 frustra
1533 2395 1678 2443 quidam
1695 2398 1921 2442 negaverunt.
1941 2395 2115 2442 chimini

250 2463 397 2499 cuilibet
418 2464 583 2512 imposito
603 2465 762 2501 Chuffart
783 2469 909 2501 cautus
931 2466 1111 2510 adhaeret,
1140 2470 1262 2502 auctor
1283 2467 1385 2502 diarii
1416 2478 1543 2502 censor
1557 2467 1773 2502 adversatur.
1791 2468 1894 2501 Anno
1914 2469 1998 2501 1441
2020 2466 2113 2513 gravi

342 2582 365 2607 1.
379 2583 510 2612 Journal,
524 2591 549 2615 p.
561 2583 606 2607 341
622 2591 659 2615 sq.

341 2627 364 2651 2.
381 2627 442 2652 Vid.
458 2628 637 2652 Memoriana
651 2630 706 2659 fac.
723 2630 821 2653 decret.
838 2630 896 2661 post
911 2628 955 2653 fol.
968 2629 1022 2653 221.
1040 2630 1116 2653 Arch.
1133 2631 1186 2653 nat.
1200 2629 1295 2660 Paris.⁷
1308 2629 1351 2653 LL
1368 2629 1420 2659 116,
1437 2638 1462 2661 p.
1477 2629 1573 2653 85-100.

340 2672 364 2695 3.
377 2672 420 2696 LL
436 2672 489 2702 116,
506 2680 531 2704 p.
545 2672 657 2696 216-237.

340 2717 363 2740 4.
377 2717 508 2747 Journal,
524 2725 552 2748 p.
572 2717 625 2740 327.

340 2761 364 2785 5.
378 2761 444 2785 Ibid.
460 2762 591 2790 Quantum
606 2761 639 2785 ad
653 2768 695 2786 an.
713 2761 773 2785 1438
788 2762 839 2785 vid.
856 2769 921 2794 quae
935 2762 988 2794 jam
1001 2762 1155 2786 notavimus.

339 2805 363 2829 6.
382 2806 446 2838 Epp.
463 2805 489 2829 in
502 2806 570 2830 Bibl.
588 2807 650 2835 nat„
664 2814 712 2830 ms.
729 2806 774 2830 lat.
790 2807 860 2836 8577,
875 2806 919 2830 fol.
935 2807 974 2831 64.
989 2807 1060 2831 Infra
1072 2811 1100 2830 n0
1114 2807 1185 2838 2550,
1202 2808 1253 2831 not.

340 2850 363 2874 7.
380 2850 440 2874 Vid.
458 2857 536 2882 supra
551 2859 576 2883 p.
592 2857 676 2880 xvm,
692 2852 744 2874 not.
760 2851 784 2875 4.

339 2895 362 2919 8.
378 2894 439 2919 Vid.
456 2902 534 2927 supra
548 2903 573 2927 p.
590 2901 673 2925 xvm,
690 2897 741 2920 not.
759 2895 781 2920 1.
