2502 3418
409 332 474 365 700
989 342 1305 364 CHARTULARIUM
1341 342 1530 364 umvsns,
1567 342 1696 364 Pilais.
2176 328 2274 366 [1451

412 416 538 457 olardi,
560 416 772 461 magistrum
798 417 835 449 in
858 416 998 450 artibus
1024 423 1130 461 atque
1157 417 1193 449 in
1219 428 1319 450 sacra
1346 417 1475 462 pagina
1498 416 1751 458 baccalarium,
1779 417 1884 461 cujus
1911 416 2093 461 suppositi
2118 417 2276 462 gravitas

414 495 567 524 morum,
600 484 712 517 studii
740 483 856 525 labor,
883 483 1053 517 beneficii
1076 496 1221 529 quoque
1247 484 1399 529 penuria
1421 484 1630 529 justissimo
1655 485 1778 517 favore
1805 483 1956 529 exigunt
1982 482 2175 517 honestum
2206 483 2276 517 sibi

414 550 631 584 beneficium
653 551 859 596 impensum
882 551 925 584 iri
947 551 1095 584 debere.
1122 551 1365 596 Deposcimus
1392 551 1513 596 itaque
1538 551 1609 584 fide
1630 553 1667 594 (P)
1696 551 1870 592 unanimi,
1895 550 2100 583 honorandi
2125 550 2276 592 domini,

415 625 454 651 ut
474 617 670 651 allumnum
694 625 729 651 et
749 618 978 663 suppositum
1001 625 1165 651 nostrum
1188 619 1364 663 prefatum
1388 630 1406 651 a
1430 618 1703 663 quatuordecim
1726 618 1831 651 annis
1848 624 1969 651 vestre
1990 608 2183 663 prudentie
2203 630 2279 651 me-

416 697 536 718 mores
562 686 715 718 teneatis
741 686 1031 726 recommissum,
1054 692 1089 718 et
1109 697 1215 730 quem
1244 685 1398 730 primum
1425 697 1532 718 casus
1557 685 1701 718 dederit
1727 692 1957 730 opportunus
1985 697 2050 718 sue
2077 684 2277 718 litterarum

416 753 613 786 eruditioni
638 765 677 786 ac
705 765 843 785 morum
871 752 1042 797 probitati
1066 752 1204 798 insigni
1226 752 1579 797 commandabilique
1604 764 1774 798 persone,
1797 759 1917 786 vestre
1939 752 2138 797 dignentur
2157 752 2279 797 provi-

416 820 502 853 dere
533 820 746 853 honorande
775 819 1021 864 liberalesque
1053 819 1338 860 dominationes3
1365 831 1431 865 pro
1461 831 1612 864 quarum
1639 819 1879 864 beneplacitis
1913 826 2056 853 nostras
2091 819 2278 853 offerimus

414 887 614 920 facultates.
639 889 797 920 Eternus
817 894 935 920 autem
958 886 1158 919 retributor
1179 886 1294 919 salute
1312 886 1491 931 perhenni
1508 886 1777 920 dominationes
1793 886 1938 920 easdem
1957 886 2095 920 dotabit
2109 887 2276 920 feliciter.

415 956 541 987 Datum
575 954 736 987 Parisius
766 954 803 987 in
835 960 958 987 nostra
989 954 1276 998 congregatione
1308 953 1471 999 generali
1498 954 1593 999 apud
1629 954 1797 987 Sanctum
1830 954 2049 987 Maturinum
2076 953 2279 987 solenniter

412 1021 593 1055 celebrata
619 1033 713 1054 anno
743 1021 887 1054 Domini
919 1020 1115 1053 millesimo
1144 1021 1508 1066 quadringentesimo
1537 1021 1855 1066 quinquagesim0‚
1885 1020 1943 1054 die
1970 1032 2057 1054 vero
2087 1021 2277 1054 undecima

412 1089 611 1122 Februarii.

1019 1134 1138 1167 Vestri
1158 1139 1277 1167 rector
1297 1139 1330 1167 et
1356 1133 1582 1167 Um'versitas
1600 1132 1715 1167 studii
1736 1133 1963 1167 Parisiensis.

1204 1201 1261 1234 Sic
1283 1201 1464 1246 signatum
1490 1213 1496 1233 :
1520 1202 1714 1234 NicuoLAY.

502 1299 617 1323 ItIimcta
632 1298 747 1322 chartac.
764 1298 790 1321 in
804 1298 880 1322 Arch.
898 1301 952 1322 nat.
966 1298 1060 1328 Paris„
1077 1298 1101 1321 M
1114 1300 1166 1327 051⁸,
1181 1302 1209 1321 n⁰
1222 1299 1266 1322 107
1283 1298 1355 1328 (olim
1371 1299 1398 1322 A.
1416 1300 1454 1322 33.
1471 1299 1526 1329 hh).

502 1385 527 1410 1.
544 1385 643 1408 Licent.
658 1384 684 1407 in
698 1384 778 1409 theol.
792 1392 834 1407 an.
851 1384 911 1407 1457
924 1384 1004 1413 (1458)
1018 1383 1094 1407 Febr.
1110 1383 1138 1406 13
1158 1383 1237 1415 (Bibl.
1254 1386 1319 1412 nat.‚
1335 1391 1385 1407 ms.
1405 1383 1452 1407 lat.
1471 1385 1551 1413 56570,
1568 1384 1613 1407 sol.
1636 1383 1698 1414 38b).
1714 1385 1762 1407 An.
1780 1384 1840 1407 1240
1861 1384 1969 1407 nuntius
1991 1383 2106 1407 nationis
2126 1384 2278 1408 Gallicanae

407 1430 432 1453 in
449 1429 562 1453 dioecesi
578 1429 737 1453 Vix-dunensi
752 1428 809 1452 fieri
822 1428 915 1456 voluit,
932 1428 978 1451 scd
995 1429 1094 1452 frustra
1110 1428 1178 1459 (Lib.
1192 1435 1310 1458 procur.
1328 1432 1388 1453 nat.
1407 1428 1516 1456 Gallie..
1537 1429 1580 1451 sol.
1600 1429 1668 1458 106);
1684 1437 1726 1452 an.
1743 1429 1811 1457 1450,
1833 1428 1891 1452 Jan.
1909 1429 1947 1458 13,
1962 1432 2119 1460 procurator
2134 1431 2188 1452 nat.
2207 1428 2276 1453 Gau.

407 1475 504 1498 electus
519 1474 604 1504 (ibid.y
619 1474 664 1497 sol.
678 1474 742 1503 110).
753 1487 783 1492 ·—
797 1473 820 1499 2.
836 1474 855 1496 1.
870 1481 892 1496 e.
906 1472 1064 1497 Guillelmus
1079 1473 1197 1504 Nicoluy,
1216 1481 1299 1496 novus
1316 1473 1404 1496 scriba
1418 1473 1617 1502 Universitatis,
1634 1481 1676 1498 an.
1693 1473 1763 1503 1449,
1776 1474 1842 1504 Aug.
1855 1474 1877 1501 6,
1895 1473 2003 1503 electus,
2017 1473 2135 1505 antiquo,
2151 1473 2277 1497 Michaele

407 1519 522 1548 neberti,
536 1527 625 1542 mense
640 1519 706 1542 Julii
721 1527 732 1542 <t
749 1519 782 1542 ob
798 1526 922 1550 magnam
937 1521 1122 1550 paupertatem
1137 1521 1162 1541 et
1180 1517 1359 1541 infirmitatem
1374 1527 1387 1539 υ
1403 1518 1429 1541 in
1445 1518 1526 1542 Domo
1542 1517 1587 1541 Dei
1605 1518 1708 1549 jacente
1723 1521 1749 1542 ct
1768 1519 1834 1550 Aug.
1851 1519 1865 1541 ὓ
1877 1518 1932 1550 jam
1949 1518 2073 1542 defuneto
2087 1519 2226 1549 (Auctar.,
2243 1518 2276 1548 11,

406 1573 432 1596 p.
447 1565 500 1593 769,
515 1565 545 1587 39
558 1571 627 1596 sqq-3
644 1564 698 1594 771,
715 1564 753 1594 15,
768 1564 816 1593 26).

406 1733 550 1770 2669.
579 1741 754 1767 Universitas
767 1741 862 1767 Paris.
879 1740 1030 1766 Februarii
1045 1741 1061 1767 3
1074 1739 1218 1766 deliberat
1233 1740 1446 1766 ambassiatam
1462 1741 1586 1767 Turonos
1600 1740 1640 1767 ad
1655 1749 1747 1776 regem
1761 1740 1941 1772 mittendam,
1953 1745 1980 1767 et
1993 1740 2108 1777 quidem
2122 1741 2276 1776 magistros

494 1791 646 1817 Itobertum
669 1790 784 1816 Ciboule
805 1794 832 1816 et
853 1791 968 1816 Petrum
994 1790 1136 1824 Maugier.
1163 1789 1314 1815 Februarii
1335 1791 1352 1816 9
1376 1790 1582 1816 Instructiones
1599 1790 1778 1825 legebantur,
1801 1790 1977 1817 continentes
1990 1790 2194 1827 principaliter
2217 1791 2275 1816 tria

489 1844 608 1877 puncta,
628 1851 641 1864 «
655 1841 714 1866 scil.
732 1840 927 1874 provisionem
943 1839 1174 1873 suppositorum,
1191 1839 1405 1866 observantiam
1419 1841 1447 1866 et
1464 1840 1722 1867 manutenentiam
1737 1840 1969 1874 privilegiorum,
1985 1842 2014 1866 et
2026 1840 2112 1867 tertio
2124 1840 2160 1866 ad
2173 1840 2274 1874 impu-

492 1891 647 1924 gnandum
659 1889 791 1916 studium
803 1889 982 1915 Cadomcnsc
992 1890 1021 1915 et
1031 1890 1142 1914 cartam
1153 1888 1380 1919 Normanorum,
1391 1889 1675 1923 Rothomagensium
1690 1897 1739 1916 seu
1751 1889 1990 1919 Cadomensium,
2002 1897 2060 1923 que
2075 1890 2117 1916 est
2129 1889 2275 1916 contraria

494 1939 650 1973 privilegiis
665 1939 741 1965 dicte
764 1938 962 1964 Universitatis
986 1937 1028 1963 »⁴.
1054 1937 1155 1963 Plures
1177 1941 1282 1971 tamen,
1307 1937 1447 1973 imprimis
1469 1939 1549 1964 natio
1573 1938 1735 1973 Gallicana,
1756 1947 1787 1964 se
1813 1942 2008 1974 opposuerunt
2026 1938 2227 1964 ambassiatae
2247 1941 2275 1964 et

492 1987 741 2022 Instructionibus,
760 1986 881 2013 dicendo
898 1986 1110 2012 ambassiatam
1127 1995 1182 2012 non
1197 1989 1260 2021 sore
1274 1986 1380 2021 utilem,
1400 1987 1483 2013 immo
1500 1987 1710 2022 infructuosam
1733 1991 1791 2013 tum
1810 1991 1931 2023 propter
1945 1988 2160 2023 occupationem
2176 1988 2274 2022 regiae

491 2038 664 2073 maJestatis‚
682 2041 738 2063 tum
751 2041 870 2073 propter
880 2037 1034 2073 penuriam
1047 2036 1259 2072 pecuniariam.
1278 2037 1364 2062 Natio
1377 2037 1573 2063 Normanniae
1591 2037 1697 2063 institit
1710 2045 1763 2073 pro
1777 2036 1961 2062 ambassiata
1977 2036 2126 2063 mittenda.
2149 2036 2273 2062 Tandem

488 2095 542 2123 pro
556 2090 582 2113 et
599 2090 698 2112 contra
712 2085 906 2120 litigantibus,
923 2085 1073 2111 Februarii
1087 2086 1120 2111 12
1133 2089 1226 2111 rector
1241 2085 1389 2119 conclusit,
1408 2089 1438 2111 ut
1451 2085 1635 2112 ambassiata
1650 2085 1820 2112 mitteretur.
1834 2086 1916 2112 Febr.
1934 2086 1969 2112 13
1984 2085 2095 2111 duobus
2111 2085 2274 2111 ambassia-

493 2136 602 2162 toribus
621 2136 684 2171 jam
708 2134 807 2161 electis
828 2143 902 2169 mag.
932 2134 1091 2169 Gaufridus
1114 2135 1272 2160 Normanni
1293 2136 1448 2170 adjunctus
1471 2139 1521 2161 est.
1541 2135 1749 2161 Instructiones
1770 2137 1889 2169 suerunt
1904 2139 2065 2169 eorrectae5
2087 2134 2228 2160 abusuum
2245 2135 2274 2161 in

496 2185 694 2218 Universitate,
712 2184 748 2210 de
762 2184 862 2219 quibus
878 2183 945 2210 olim
962 2183 1045 2209 verba
1064 2185 1163 2218 facere
1181 2184 1321 2217 volebant,
1338 2184 1366 2210 in
1385 2184 1427 2210 eis
1441 2184 1533 2210 solum
1554 2184 1682 2210 discreta
1697 2184 1801 2210 mentio
1822 2185 1905 2218 facta
1926 2188 1983 2218 est‚·
1999 2183 2143 2210 absolutio
2159 2183 2273 2210 illorum

495 2234 721 2265 Cadomensium,
739 2233 789 2269 qui
803 2237 923 2270 propter
937 2241 1033 2259 eorum
1049 2234 1258 2258 contumaciam
1275 2233 1312 2259 ab
1333 2233 1522 2259 Universitate
1541 2233 1637 2260 Paris.
1653 2233 1893 2259 excommunicati
1909 2233 2054 2268 fuerant2,
2071 2242 2086 2259 ‹
2104 2233 2162 2268 fuit
2173 2233 2273 2269 posita

491 2284 530 2309 ad
546 2288 643 2309 nutum
667 2286 693 2309 et
709 2282 931 2309 benevolentiam
948 2282 1026 2317 regie
1050 2283 1213 2317 majestatis
1229 2291 1262 2315 »,·
1278 2282 1420 2308 articulus
1436 2282 1472 2308 de
1487 2283 1693 2317 reformatione
1714 2282 1886 2308 cancellarii
1900 2282 2044 2308 examinis
2067 2283 2094 2308 S.
2115 2283 2273 2317 Genovesae

491 2333 557 2359 olim
573 2334 698 2358 insertus
711 2336 835 2358 remotus
851 2335 904 2358 est.
920 2332 1133 2365 Instructiones‚
1152 2335 1182 2357 ut
1194 2331 1280 2357 etiam
1292 2331 1434 2368 epistolae
1447 2331 1487 2357 ad
1500 2332 1607 2367 regium
1619 2331 1777 2366 consilium,
1792 2331 1948 2358 medicum³
1961 2335 1989 2358 et
1999 2330 2272 2367 eleemosynarium⁴

492 2382 625 2417 aliosque
641 2381 749 2407 amicos
763 2385 790 2407 et
805 2380 937 2407 alumnos
957 2381 1166 2416 Universitatis,
1185 2384 1250 2406 tune
1263 2380 1415 2416 sigillatae
1427 2385 1502 2407 sunt.

1553 2471 1623 2500 1457,
1639 2471 1772 2497 Februarii
1783 2471 1852 2500 3-13,
1868 2471 1983 2497 Parisiis.

496 2561 554 2583 Lib.
570 2566 685 2590 procur.
702 2563 761 2583 nat.
780 2559 877 2583 Gallie.
893 2558 918 2581 in
931 2559 1009 2582 Arch.
1026 2558 1170 2582 Universit.
1187 2559 1283 2587 Puris„
1301 2559 1346 2582 sul.
1361 2558 1486 2583 wsb-130.
1503 2558 1580 2587 Bua„
1593 2559 1623 2587 V,
1638 2559 1750 2582 554-556.

495 2644 519 2669 1.
536 2645 570 2668 De
588 2653 598 2667 α
613 2643 792 2667 moderamine
805 2646 893 2667 cartae
911 2644 1121 2667 Normannorum
1137 2652 1147 2667 ι
1164 2644 1253 2675 agitur
1268 2644 1348 2667 etiam
1364 2652 1406 2667 an.
1422 2644 1491 2674 1450,
1507 2643 1634 2667 Novemb.
1647 2644 1662 2666 6
1676 2644 1815 2672 (Auctar.,
1830 2643 1862 2670 11,
1879 2651 1906 2674 p.
1921 2643 1975 2671 826,
1988 2644 2022 2672 4),
2042 2642 2217 2674 lntelligenda
2231 2644 2272 2665 est

401 2690 492 2712 charta
507 2698 522 2712 a
538 2689 669 2712 Ludovico
684 2689 707 2712 le
724 2689 803 2711 liutin
819 2696 861 2712 an.
878 2688 939 2711 1314
955 2689 1046 2718 (1315),
1060 2688 1148 2711 Martii
1164 2689 1201 2717 19,
1216 2688 1374 2712 Nox-mannis
1391 2689 1461 2716 data,
1477 2688 1575 2711 additis
1591 2688 1741 2719 privilegiis
1755 2687 1863 2711 chartae
1879 2687 2017 2716 secundae,
2037 2687 2106 2710 inter
2122 2695 2189 2718 quae
2204 2686 2271 2710 illud

400 2734 501 2757 celebre
517 2737 564 2762 cst,
579 2734 648 2764 quod
663 2742 673 2756 «
688 2741 783 2756 causae
796 2733 906 2756 ducatus
920 2733 1098 2756 Not-manniae
1114 2733 1258 2756 secundum
1272 2733 1489 2756 consuetudinem
1505 2733 1608 2764 patriae
1620 2733 1733 2756 debeant
1746 2732 1882 2756 terminari
1896 2742 1919 2761 ιι,
1933 2731 2040 2755 minime
2056 2735 2129 2755 exn-a
2142 2732 2183 2755 vel
2198 2731 2270 2755 Pari-

400 2778 452 2800 sios
473 2778 627 2801 deferendae
647 2778 710 2807 (vid.
727 2778 796 2801 infra
812 2782 840 2800 n0
855 2778 934 2807 2701).
952 2778 1117 2801 Universitns
1133 2778 1217 2803 Paris.
1232 2778 1389 2809 praesertim
1405 2786 1419 2801 a
1434 2781 1553 2809 tempore
1568 2777 1756 2801 dominationis
1769 2777 1915 2808 Anglorum
1930 2780 2022 2800 contra
2035 2776 2083 2800 boc
2098 2776 2269 2808 privilegium

400 2823 551 2846 decertavit.
569 2823 647 2845 Juxta
663 2831 710 2845 sua
726 2822 794 2845 cuim
811 2822 952 2853 privilegiu
975 2822 1115 2853 supposita
1131 2822 1320 2846 Universitatis
1342 2823 1375 2846 ad
1396 2822 1609 2854 jurisdictionem
1626 2822 1814 2846 Uuiversitatis
1833 2821 2002 2853 pertinebant
2021 2824 2046 2844 et
2065 2829 2112 2852 per
2127 2829 2269 2844 conservu-

398 2871 480 2890 torcm
496 2867 696 2898 privilegiorum
713 2875 802 2889 corum
825 2867 1012 2897 protectionem
1034 2867 1182 2898 assumpsit
1201 2871 1279 2898 alque
1300 2868 1483 2890 molestatores
1504 2866 1707 2899 privilegiorum
1723 2870 1749 2890 ct
1763 2867 1930 2889 alumnorum
1946 2866 2061 2889 Parisios
2077 2866 2158 2889 citare
2172 2865 2269 2896 potuit.

399 2912 460 2935 Inde
476 2911 565 2941 gravis
581 2911 710 2934 contentio
729 2914 786 2934 orta
804 2914 844 2934 cst
865 2911 934 2934 iuter
954 2912 1118 2935 Normannos
1141 2915 1167 2935 et
1187 2912 1393 2936 Universitatem
1415 2912 1478 2942 (vid.
1499 2911 1636 2940 thuffi½
1658 2911 1781 2936 Histoire
1802 2912 1834 2935 de
1854 2911 1953 2935 Rauen
1967 2917 2032 2936 sous
2047 2911 2076 2935 la
2090 2910 2268 2935 domination
