2502 3418
358 306 421 339 762

937 314 1263 338 CHARTULARIUM
1296 316 1490 339 UNIVERS.
1526 316 1658 338 PARIS.

362 385 2232 405 Q

356 435 419 458 2150

357 581 417 604 2151

358 728 419 750 2152

358 830 420 853 2153

358 936 418 959 2154

357 994 418 1016 2155

357 1051 418 1074 2156

356 1109 417 1131 2157

356 1166 418 1189 2158

357 1269 418 1291 2159

356 1371 417 1393 2160

355 1517 414 1540 2161

355 1575 416 1597 2162

355 1677 416 1700 2163

355 1780 415 1802 2164

494 432 561 458 1419

493 579 562 605 1420

453 1103 600 1129 14194420

493 1160 561 1186 1420

449 1673 597 1699 1419-1420

492 1775 557 1801 1420

452 2229 595 2255 14191420

491 2332 559 2359 1420

491 2492 556 2518 1421

483 2919 523 2942 96.

648 432 800 455 Decembris
817 434 846 455 23
877 435 936 458 Fac.
951 435 1097 458 medicinae
1118 438 1247 458 statutum
1267 435 1405 467 antiquum
1420 436 1452 459 de
1472 435 1698 459 »examinatoribus
1717 435 1934 458 baccalareorum
1955 433 1982 456 in
2002 432 2141 462 medicina,

658 578 672 601 J
675 578 779 602 anuarii
793 580 822 602 27

651 726 787 749 Februarii
804 726 832 749 19

706 843 735 846 —
803 829 831 851 24

637 930 698 953 Feb.
708 930 847 954 19-Mm·.115

635 988 710 1011 Circa
725 988 801 1012 Mart.
818 989 844 1011 21

639 1046 813 1077 Mart.-April.
830 1048 843 1070 3

635 1104 695 1127 Dec.
711 1105 816 1136 lss-Apr.
834 1106 846 1128 7

669 1162 767 1194 Aprilis
787 1163 815 1186 18

686 1265 747 1288 Maii
763 1267 792 1289 27

701 1382 727 1385 -
762 1369 792 1392 30

674 1515 735 1538 Jun.
752 1517 775 1545 3,
790 1517 804 1539 4

648 1573 710 1596 Post
725 1574 798 1597 Junii
815 1575 829 1597 4

633 1676 843 1707 Sept.1o-Jun.14

656 1778 720 1802 Julii
735 1779 763 1802 21
780 1788 821 1811 sq.

633 1925 842 1957 Maii30-Aug.21

632 2028 694 2051 Maii
700 2029 807 2060 30-Aug.
816 2030 842 2052 21

632 2130 841 2162 Juniils-Augffl

661 2234 773 2265 Augusti
789 2235 816 2257 31

646 2336 801 2360 Novembris
818 2340 831 2360 5

640 2394 789 2418 Decembris
805 2396 835 2418 ‘29

655 2497 775 2521 Januarii
791 2499 819 2522 17

647 2600 783 2624 Februarii
799 2603 829 2625 26

672 2702 759 2726 Martii
775 2704 803 2726 17

667 2805 765 2835 Aprilis
779 2806 808 2829 23

907 488 958 511 quo
978 488 1062 511 neque
1078 479 1306 511 distinguerentur
1322 480 1452 507 nationes.
1468 488 1552 511 neque
1571 482 1773 511 acceptarentur
1787 486 1925 510 personae,
1947 477 2142 501 observandum

907 524 1038 547 deliberat
1044 538 2142 549 ...........................................

877 582 1037 606 Deliberatio
1056 583 1106 606 fac.
1122 582 1269 605 medicinae
1287 582 1357 613 quod
1370 582 1397 605 in
1413 582 1567 605 kalendario
1588 581 1721 605 facultatis
1737 581 1771 604 ad
1786 582 1855 604 festa
1870 581 1897 604 S.
1915 579 2030 610 Antonii,
2048 579 2076 603 S.
2091 579 2143 603 Ro-

908 627 978 650 mani
992 630 1017 650 et
1033 627 1059 650 S.
1071 627 1169 649 Yvonis
1185 626 1319 650 scribatur
1335 634 1340 649 z
1354 633 1414 651 non
1429 626 1544 657 leyitur,
1559 630 1588 650 ut
1604 634 1687 657 nuper
1698 626 1725 649 in
1739 625 1944 657 congregatione
1956 623 2142 647 Universitatis

908 672 1062 695 conclusum
1083 674 1140 694 erat
1147 685 2141 695 .......................................

878 730 938 754 Fac.
954 729 1102 752 medicinae
1122 729 1267 760 magistros
1287 729 1419 756 absentes,
1436 728 1480 760 qui
1499 729 1605 751 fuerant
1618 728 1645 751 in
1658 728 1732 751 curia
1745 729 1872 755 Romana,
1887 730 1950 751 tunc
1964 726 2096 750 inhabiles
2110 726 2142 749 ad

907 782 1015 797 examen
1031 773 1261 802 licentiandorum,
1278 781 1430 805 quanquam
1445 773 1592 804 regentiarn
1607 780 1658 796 non
1670 773 1793 804 perdant,
1805 772 1908 804 judicat
1910 787 2140 796 ..........

879 832 983 854 Fratres
1000 831 1100 854 Marchi
1116 835 1142 855 et
1164 831 1225 855 Joh.
1242 831 1273 854 de
1288 831 1442 862 Licarraga,
1462 831 1507 862 qui
1527 830 1573 854 diu
1594 830 1679 854 Paris.
1697 830 1846 861 theologiae
1861 830 2027 859 studuerant,
2043 837 2058 852 a
2072 836 2141 860 papa

909 879 1002 907 petunt
1017 879 1046 898 ut
1057 876 1242 907 magisterium
1258 875 1323 898 alibi
1338 875 1469 907 recipiant
1472 889 2139 899 ...........................

878 933 1015 957 Licentiati
1032 934 1059 956 in
1078 935 1127 957 fac.
1144 933 1291 957 medicinae
1307 942 1321 956 a
1337 934 1413 957 Petro
1429 933 1461 956 de
1476 932 1611 964 Dierreyo,
1625 932 1767 955 commisso
1774 947 2140 956 ...............

878 991 1044 1015 Universitas
1059 994 1164 1022 petente
1180 991 1274 1015 Carolo
1290 992 1322 1014 VI
1338 991 1420 1014 mittit
1437 992 1533 1015 Trecas
1547 991 1675 1023 quosdam
1690 989 1834 1021 magistros
1848 989 1988 1013 consilium
2002 989 2122 1012 daturos.
2135 1004 2142 1011 .

878 1049 1015 1073 Licentiati
1031 1049 1057 1072 in
1075 1049 1201 1072 facultate
1213 1049 1379 1072 decretorum
1385 1063 2141 1074 ..............................

878 1107 1044 1131 Universitas
1058 1107 1175 1139 principi
1193 1107 1353 1131 Brabantiae
1368 1107 1481 1138 aliisque
1496 1115 1567 1138 mag.
1582 1107 1731 1130 Johannem
1743 1106 1775 1129 de
1787 1106 1904 1128 Wermer
1921 1104 2096 1128 commendat.
2109 1121 2116 1127 .
2136 1122 2141 1127 .

877 1166 987 1189 Carolus
1001 1166 1035 1189 VI
1052 1165 1201 1197 supposita,
1219 1173 1234 1188 a
1252 1165 1429 1197 quartenariis
1444 1168 1545 1192 vexata,
1565 1164 1599 1188 ab
1620 1163 1836 1195 impositionibus
1852 1162 2021 1194 excubiisque
2041 1161 2143 1185 noviter

907 1210 997 1234 eximit
1000 1223 2141 1235 .............................................

874 1269 935 1292 Joh.
948 1268 1052 1292 Basseti
1067 1268 1180 1292 Martino
1195 1268 1216 1291 V
1231 1268 1375 1299 supplicat,
1391 1271 1419 1291 ut
1432 1267 1458 1291 in
1473 1267 1557 1291 officio
1569 1267 1716 1290 notariatus
1731 1265 1925 1290 conservatoris
1940 1264 2141 1297 privilegiorum

907 1313 1096 1336 Universitatis
1112 1313 1285 1336 confirmetur
1287 1326 2139 1337 ..................................

876 1372 968 1394 Rector
979 1379 1009 1394 ac
1025 1370 1148 1402 magistri
1160 1379 1219 1394 cum
1231 1370 1302 1402 aliis,
1316 1378 1404 1393 coram
1420 1370 1589 1401 praesidente
1603 1368 1765 1393 Pnrlamenti
1780 1371 1805 1392 et
1815 1367 2054 1391 ambassiatoribus
2069 1366 2141 1398 regis

906 1415 1025 1446 Angliae,
1038 1415 1131 1446 jurant
1146 1423 1173 1438 se
1188 1415 1376 1438 observaturos
1395 1418 1549 1439 tractatum
1562 1414 1641 1444 pacis
1658 1414 1796 1443 Trecens„
1812 1420 1864 1444 quo
1877 1412 1987 1435 Carolus
1999 1411 2140 1443 delphinus

906 1468 919 1483 e
938 1460 1105 1483 successione
1122 1460 1195 1491 regis
1211 1459 1402 1483 excludebatur
1409 1472 2140 1482 .............................

879 1518 1032 1542 Tractatus
1046 1518 1128 1549 pacis
1142 1517 1295 1549 publicatus
1309 1520 1335 1540 et
1345 1517 1452 1549 juratus
1467 1525 1515 1548 per
1530 1516 1637 1547 singula
1652 1515 1793 1547 supposita
1799 1530 2140 1538 ..............

875 1587 888 1597 «
905 1576 1026 1607 Epistola
1046 1575 1170 1607 magistri
1189 1575 1263 1599 Alani
1288 1574 1432 1607 [Chartier]
1453 1574 1486 1597 ad
1506 1573 1713 1598 Universitatem
1735 1572 1912 1596 parisiensem
1932 1581 1945 1592 υ
1967 1571 1998 1595 de
2017 1571 2095 1594 malis
2115 1570 2141 1594 in

906 1620 1017 1644 Francia
1032 1620 1184 1652 vigentibus
1200 1623 1226 1643 et
1240 1620 1272 1643 de
1287 1628 1351 1643 vera
1362 1627 1426 1651 pace
1441 1619 1474 1642 ab
1487 1618 1666 1642 Universitate
1682 1617 1851 1648 procuranda
1853 1633 2140 1640 ............

875 1678 950 1702 Natio
966 1678 1104 1702 Gallicana
1126 1679 1160 1701 ad
1175 1678 1330 1709 Philippum
1346 1678 1438 1701 ducem
1458 1676 1637 1708 Burgundiae,
1654 1680 1679 1699 et
1694 1677 1732 1705 (ut
1747 1675 1896 1707 opinamur)
1917 1674 1950 1697 ad
1970 1673 2142 1698 Eustachium

906 1723 938 1746 de
953 1723 1052 1753 l'Aitre,
1067 1731 1116 1754 pro
1132 1723 1275 1747 Guillelmo
1290 1723 1322 1746 de
1336 1722 1440 1745 Brossis
1445 1735 2140 1747 ............................

875 1782 934 1805 Fac.
953 1781 1099 1804 medicinae
1113 1781 1140 1804 in
1155 1781 1272 1812 capitulo
1289 1781 1315 1804 S.
1334 1780 1458 1804 Maturini
1473 1779 1629 1803 beneficium
1644 1786 1741 1802 vacans
1759 1786 1809 1809 pro
1825 1785 1895 1808 mag.
1916 1777 1992 1800 Petro
2011 1775 2142 1799 Bernicoti

905 1825 980 1856 petit.
997 1825 1074 1853 Quod
1095 1834 1154 1848 cum
1174 1825 1269 1849 rectori
1287 1833 1302 1848 a
1321 1825 1415 1848 ceteris
1434 1824 1605 1848 facultatibus
1623 1823 1714 1847 datum
1731 1825 1810 1852 esset,
1823 1822 1885 1853 jura
1905 1823 1954 1844 fac.
1974 1821 2043 1844 med.
2059 1814 2143 1843 reser-

906 1873 1003 1893 vantur
1012 1882 2140 1894 ............................................

875 1928 1064 1951 instructiones
1078 1936 1093 1951 a
1106 1936 1178 1959 mag.
1194 1928 1317 1959 Philippo
1333 1927 1492 1955 Marescnlli,
1508 1929 1680 1958 procuratore
1694 1928 1749 1950 nat.
1763 1924 1898 1953 Franciae,
1912 1926 1938 1946 et
1951 1923 2011 1946 Joh.
2028 1922 2140 1951 Basseti,

904 1977 1056 2004 promotore
1070 1973 1268 2001 Universitutizz,
1282 1973 1315 1996 ad
1331 1980 1420 2004 regem
1435 1971 1562 1995 Franciae
1573 1970 1721 2000 destinatis⁷
1735 1968 1916 1993 observandae
1928 1984 2037 1991 .....
2042 1971 2062 1990 ”.
2082 1984 2088 1990 .
2108 1983 2114 1990 .
2134 1984 2140 1990 .

876 2031 1042 2054 Universitas
1058 2031 1090 2054 ad
1112 2039 1202 2062 regem
1222 2030 1342 2062 Angliae‚
1363 2038 1452 2061 regem
1474 2029 1609 2059 Franciae,
1631 2029 1724 2052 ducem
1745 2026 1914 2058 Burgundiae
1935 2025 2041 2048 nuntios
2061 2024 2142 2048 mittit

906 2084 986 2107 super
999 2075 1200 2099 conservatione
1213 2075 1417 2107 privilegiorum
1433 2078 1457 2098 et
1473 2074 1608 2097 beneficiis
1621 2086 2140 2097 .....................

875 2134 1040 2157 Universitas
1054 2134 1157 2157 solatur
1171 2134 1372 2157 Bellovacenses
1388 2133 1420 2156 de
1435 2136 1519 2156 morte
1530 2131 1666 2156 Eustachii
1679 2131 1710 2154 de
1722 2130 1805 2154 Atrio.
1823 2128 1963 2160 Supplicat
1972 2127 2010 2151 eis
2026 2130 2055 2150 ut
2069 2135 2140 2158 mag.

905 2179 998 2202 Petrus
1017 2178 1151 2209 Cauchon⁷
1168 2186 1245 2210 quem
1260 2178 1383 2201 maximis
1397 2177 1522 2201 laudibus
1540 2176 1652 2206 extollit,
1668 2175 1725 2199 sedi
1739 2173 1922 2198 Bellovacensi
1936 2171 2115 2204 praeficiatur.
2133 2190 2139 2196 .

874 2237 1041 2260 Universitas
1058 2245 1148 2260 severe
1166 2237 1286 2268 increpat
1300 2236 1438 2259 officialem
1456 2235 1551 2265 Paris.,
1568 2234 1612 2266 qui
1632 2242 1681 2265 per
1697 2233 1824 2256 tredecim
1839 2239 1943 2255 menses
1960 2238 2041 2254 unum
2058 2237 2071 2253 e
2085 2228 2140 2252 suis

905 2281 1053 2312 suppositis
1070 2281 1096 2304 in
1114 2281 1267 2304 carceribus
1285 2281 1398 2304 detinuit
1404 2297 1570 2304 .......
1581 2303 1583 2306 ,
1590 2290 2139 2302 ......................

875 2339 996 2370 Magistri
1011 2342 1133 2370 regentes
1147 2339 1282 2362 facultatis
1298 2338 1445 2362 medicinae
1460 2346 1502 2361 an.
1520 2337 1656 2360 1420-1421
1669 2348 2139 2360 ...................

875 2398 934 2421 Fac.
951 2397 1098 2420 medicinae
1119 2398 1250 2428 magistro
1272 2397 1355 2420 Adam
1375 2396 1498 2420 Dunremi
1517 2395 1688 2427 prosequenti
1705 2393 1846 2426 quemdam
1861 2392 2046 2415 cahusatorem
2060 2390 2140 2413 villae

906 2442 1042 2466 Remensis
1058 2451 1086 2465 se
1100 2442 1223 2474 adjungit
1226 2452 2139 2466 ....................................

873 2501 933 2524 Joh.
943 2501 1034 2527 Bari-e,
1046 2500 1156 2523 absente
1170 2500 1339 2529 cancellario,
1351 2508 1366 2523 a
1377 2499 1514 2531 magistris
1527 2498 1681 2529 regentibus
1694 2504 1792 2528 parvas
1804 2495 1908 2519 scholas
1921 2494 2070 2517 litterarum
2081 2500 2141 2516 sua-

906 2554 965 2568 rum
983 2545 1173 2568 exhibitionem
1193 2545 1311 2576 exigens,
1330 2553 1419 2568 coram
1438 2544 1556 2575 capitulo
1571 2543 1656 2567 Paris.
1673 2542 1770 2565 citatur
1772 2554 2139 2565 ...............

874 2603 1035 2627 Deliberatio
1051 2603 1166 2626 nationis
1180 2603 1334 2627 Gallicanae
1349 2603 1381 2626 de
1396 2603 1475 2626 modo
1489 2601 1605 2633 ponendi
1620 2600 1739 2624 ordinem
1754 2599 1781 2622 in
1796 2597 1937 2622 collatione
1951 2595 2140 2620 beneficiorum

905 2648 1081 2679 spectantium
1099 2648 1133 2671 ad
1149 2648 1351 2679 dispositionem
1371 2646 1560 2671 Universitatis
1564 2662 1673 2670 .....
1677 2651 1680 2654 ·
1694 2656 2140 2668 ..................

874 2706 987 2729 Martino
1000 2707 1020 2729 V
1035 2706 1206 2737 supplicatio,
1223 2709 1252 2729 ut
1266 2709 1319 2729 tres
1335 2705 1463 2729 licentiati
1477 2705 1504 2728 in
1519 2704 1599 2728 theol.
1612 2703 1676 2728 Ord.
1689 2702 1783 2726 Praed.
1798 2702 1964 2724 doctoratum
1982 2698 2009 2722 in
2023 2697 2140 2729 capitulo

904 2751 1013 2774 Metensi
1027 2751 1159 2782 recipiant
1171 2759 2140 2775 ......................................

874 2809 985 2832 Martino
1007 2810 1028 2832 V
1048 2809 1160 2832 Carolus
1180 2809 1323 2840 delphinus
1344 2808 1490 2840 supplicat,
1507 2810 1537 2830 ut
1551 2806 1720 2831 Theobaldus
1741 2805 1772 2828 de
1794 2804 1871 2831 Luce,
1893 2802 1950 2834 ejus
1970 2799 2139 2829 secretarius,

904 2853 967 2876 alibi
984 2862 1064 2885 quam
1076 2853 1162 2878 Paris.
1178 2854 1345 2877 doctoratum
1360 2853 1457 2878 decret.
1473 2851 1585 2883 recipiat
1589 2859 2138 2875 ......................

2187 521 2234 544 375

2187 667 2233 690 376

2186 768 2233 791 376

2187 871 2233 894 376

2187 928 2232 951 377

2187 985 2232 1008 377

2187 1043 2233 1066 378

2187 1101 2233 1124 379

2187 1203 2233 1226 379

2186 1305 2232 1328 380

2186 1452 2232 1475 380

2186 1510 2232 1533 380

2186 1612 2231 1636 381

2186 1715 2233 1738 383

2185 1862 2235 1898 384.ν

2185 1964 2231 1988 384

2185 2067 2232 2090 385

2180 2170 2231 2196 ,387

2180 2273 2231 2296 ‚389

2185 2330 2232 2353 390

2185 2433 2229 2456 ³91

2184 2534 2229 2558 391

2185 2638 2229 2662 391

2185 2741 2231 2764 392

2184 2843 2230 2866 393
