2502 3418
416 351 481 382 460
988 362 1309 384 CHARTULARIUM
1343 361 1537 383 UNIVERS.
1573 361 1704 384 PARis.
2181 348 2282 384 [1426

415 435 600 477 nentibus,
628 436 679 468 sic
706 436 803 480 quod
825 437 904 469 dies
926 437 1004 469 sine
1026 437 1099 469 illis
1121 448 1193 469 non
1216 442 1335 481 potest
1356 435 1507 468 comode
1529 435 1697 481 transigi,
1721 448 1794 468 non
1815 435 1986 468 videntur
2012 435 2056 467 de
2077 434 2173 467 facili
2199 447 2283 480 pro-

415 501 533 535 hiberi
555 503 612 535 die
634 503 816 536 dominico
839 510 874 536 et
894 504 974 536 aliis
1000 504 1103 536 sestis
1130 502 1371 544 solemnibus,
1395 502 1479 535 dum
1509 509 1627 535 tamen
1654 515 1719 547 per
1745 502 1813 535 hoc
1841 514 1915 535 non
1943 514 1982 535 se
2011 501 2246 535 substrahant
2265 514 2283 535 a

415 569 548 602 divinis
569 570 696 602 officiis
719 582 783 603 scu
805 583 823 603 a
843 570 943 603 cultu
965 570 1087 603 divino
1109 570 1210 603 horis
1231 569 1481 602 determinatis
1502 569 1546 601 ab
1573 569 1727 603 ecclesia
1753 569 1954 602 secundum
1977 569 2281 602 consuetudinem

414 636 497 670 loci.
516 638 627 678 Patet,
651 637 733 682 quia
749 637 800 669 ibi
822 644 970 670 excusat
990 636 1225 670 neccessitas.

503 703 831 746 [Quatnordecima
858 704 1073 749 propositio.
1102 703 1137 736 Si
1164 709 1330 736 occurrat
1353 702 1520 748 aliqualis
1547 703 1769 737 neccessitas
1798 702 1936 748 aliquid
1966 702 2143 748 operandi
2172 701 2283 747 parti-

415 770 585 803 culariter
611 771 647 802 in
673 771 731 803 (lie
758 771 940 803 dominico
971 777 1031 803 aut
1059 769 1139 803 aliis
1172 770 1275 803 festis
1307 769 1548 811 solemnibus,
1571 782 1644 803 non
1673 770 1838 815 quelibet
1864 769 2092 815 particularis
2125 781 2280 814 persona

415 844 535 882 potest
559 838 643 870 dare
670 838 850 870 licentiam
879 838 1067 883 operandi,
1095 838 1159 870 sed
1185 837 1295 870 debet
1318 837 1443 869 haberi
1469 849 1642 870 recursus
1668 838 1711 870 ad
1738 837 1979 882 superiorem,
2006 837 2180 870 videlicet
2204 836 2280 881 epi-

415 916 564 949 scopum
592 904 663 937 loci
690 905 719 937 si
741 905 892 937 comode
919 911 1044 949 posset
1072 904 1178 945 adiri,
1200 904 1256 937 vel
1285 904 1329 936 ad
1349 903 1505 948 aliquem
1527 904 1721 937 habentem
1738 904 2035 949 jurisdictionem
2059 903 2279 937 ordinariam

413 971 470 1004 vel
492 971 706 1016 delegatam.
730 973 885 1004 Patet....

501 1038 761 1081 [Quindecima
782 1038 997 1083 propositio.
1020 1039 1088 1070 Per
1109 1038 1309 1071 doctrinam
1330 1038 1539 1083 generalem
1561 1050 1634 1071 non
1650 1044 1771 1084 potest
1787 1038 2010 1072 sufficienter
2028 1037 2277 1079 determinari,

412 1117 475 1149 pro
497 1111 627 1149 quanta
648 1105 886 1138 neccessitate
907 1105 1013 1138 liceat
1029 1105 1159 1138 diebus
1181 1105 1375 1138 dominicis
1397 1112 1433 1138 et
1453 1105 1534 1138 aliis
1554 1105 1659 1139 festis
1676 1105 1861 1151 precipuis
1884 1105 2040 1151 operari,
2064 1104 2131 1138 sed
2152 1105 2189 1138 in
2211 1104 2279 1138 hoc

413 1172 673 1204 recurrendum
692 1179 747 1205 est
767 1172 810 1205 ad
827 1172 1016 1205 arbitrium
1034 1171 1120 1204 boni
1138 1172 1217 1205 viri.
1237 1173 1348 1213 Patet7
1368 1172 1450 1217 quia
1467 1172 1503 1205 in
1522 1172 1721 1205 moralibus
1738 1185 1810 1205 non
1828 1178 1947 1218 potest
1963 1172 2049 1218 poni
2066 1184 2137 1205 una
2154 1171 2279 1217 regula

413 1239 595 1284 generalis
628 1251 693 1284 pro
729 1239 899 1272 omnibus
937 1239 1082 1272 casibus
1118 1239 1161 1271 de
1200 1251 1294 1273 novo
1330 1239 1618 1285 emergentibus,
1649 1246 1781 1273 attenta
1816 1239 1988 1273 varietate
2023 1250 2277 1284 personarum,

412 1306 600 1338 modorum
623 1306 768 1351 agendi,
792 1305 967 1347 locorum,
994 1313 1211 1351 temporum⁷
1233 1306 1449 1339 auxiliorum
1472 1313 1507 1339 et
1532 1306 1803 1351 particularium
1829 1318 2018 1339 causarum
2045 1317 2111 1339 seu
2137 1304 2276 1339 finium.

499 1373 734 1414 [Siexdeeima
751 1374 966 1418 propositio.
991 1374 1026 1406 Si
1048 1373 1130 1418 quis
1153 1386 1195 1406 ex
1215 1373 1410 1407 devotione
1431 1380 1492 1407 aut
1507 1374 1714 1418 juramento
1739 1373 1839 1406 licito
1864 1373 1922 1407 vel
1949 1373 2005 1418 pia
2032 1372 2277 1418 promissione

408 1453 426 1473 a
448 1447 603 1473 mercato
622 1453 741 1473 rerum
763 1441 958 1482 venalium,
981 1441 1060 1474 sine
1081 1440 1215 1486 quibus
1233 1441 1312 1474 dies
1330 1441 1482 1486 transigi
1503 1447 1636 1486 potest,
1658 1441 1843 1474 abstinere
1859 1440 2017 1474 voluerit
2032 1441 2069 1473 in
2089 1440 2148 1473 die
2165 1439 2276 1473 domi-

409 1509 489 1541 nico
511 1515 546 1541 et
566 1508 646 1540 aliis
666 1509 770 1541 sestis
788 1508 1028 1550 solemnibus,
1047 1520 1120 1541 non
1142 1508 1251 1541 debet
1271 1508 1441 1553 compelli
1462 1508 1505 1541 ad
1522 1509 1730 1554 oppositum
1752 1508 1795 1541 ab
1811 1508 1932 1553 aliquo
1950 1507 2093 1541 mortali
2109 1507 2277 1552 qualiter-

408 1587 562 1620 cumque
578 1575 875 1620 jurisdictionem
896 1575 1065 1608 habente.
1089 1576 1244 1608 patet...

496 1643 822 1688 [D]ecimaseptima
853 1643 1068 1688 propositio.
1105 1642 1205 1676 Sicut
1234 1642 1441 1676 observatio
1472 1643 1634 1688 precepti
1663 1643 1707 1675 de
1738 1642 2024 1675 sanctificatione
2063 1640 2203 1675 sabbati
2242 1646 2278 1673 et

405 1709 557 1743 aliorum
583 1717 839 1755 preceptorum
866 1710 1031 1755 decalogi
1063 1717 1117 1743 est
1143 1709 1351 1743 christianis
1377 1711 1682 1751 fructuosissima⁷
1714 1710 1761 1743 ita
1788 1717 1822 1743 et
1851 1709 2098 1755 transgressio
2125 1708 2272 1741 illorum

406 1784 660 1822 preceptorum
681 1784 737 1810 est
757 1778 847 1822 ipsis
869 1777 1240 1822 periculosissima....

498 1871 566 1894 Bibl.
583 1875 636 1894 nat.
653 1871 749 1904 Paris„
768 1880 817 1894 ms.
833 1872 880 1895 lat.
895 1872 980 1901 14:379,
997 1872 1043 1895 sol.
1059 1872 1097 1895 72.
1112 1885 1143 1890 —
1161 1871 1347 1901 ΕἈΚΟΕΝΤΜΞ,
1368 1872 1436 1896 Coll.
1451 1872 1526 1902 jud„
1544 1873 1576 1901 12,
1593 1881 1619 1903 p.
1633 1872 1688 1895 223.
1702 1885 1732 1889 ——
1746 1871 1820 1895 Certe
1833 1871 2019 1894 documentum
2035 1870 2068 1894 ad
2084 1879 2126 1894 an.
2141 1870 2202 1893 1426
2216 1878 2276 1901 per-

404 1915 477 1940 tinet.
494 1917 523 1939 In
536 1916 595 1941 Lib.
611 1917 707 1940 bedelli
718 1918 772 1946 sac.
787 1916 869 1940 theol.
883 1918 942 1946 (mS.
954 1917 1000 1940 lat.
1014 1917 1084 1946 5494)
1096 1916 1182 1948 primo
1196 1917 1228 1939 ad
1243 1916 1335 1940 Octob.
1351 1917 1365 1939 [ι
1378 1917 1497 1948 ejusdem
1512 1916 1610 1940 mentio
1626 1917 1667 1945 fit;
1685 1916 1804 1940 bedellus
1819 1916 1929 1939 tradidit
1943 1924 2013 1947 mag.
2027 1915 2120 1946 Egidio
2134 1914 2276 1939 Carrelarii

405 1970 417 1981 ι(
431 1969 479 1991 pro
493 1961 576 1992 copiis
593 1961 800 1992 supplicacionis
816 1964 841 1984 et
856 1961 1030 1984 articulorum
1043 1961 1165 1984 datorum
1182 1961 1261 1985 matri
1278 1970 1333 1984 mee
1348 1962 1514 1993 tangentium
1529 1961 1742 1992 trangressiones
1758 1961 1888 1984 dominice
1903 1964 1929 1984 et
1951 1961 2077 1983 festorum
2094 1959 2200 1983 traditis
2214 1959 2275 1991 plu-

404 2005 478 2028 ribus
492 2005 611 2036 collegiis
625 2009 650 2028 et.
665 2005 810 2036 magistris,
826 2014 955 2028 summum
973 2006 996 2037 vj
1011 2006 1060 2028 sol.
1075 2007 1139 2029 Item
1154 2014 1203 2037 pro
1219 2006 1302 2037 copiis
1319 2007 1350 2029 de
1366 2006 1457 2029 cadem
1473 2006 1582 2029 materia
1599 2014 1669 2037 mag.
1682 2005 1842 2030 Gauff1·ido»
1857 2007 1893 2037 (p.
1907 2006 1955 2035 70).
1971 2005 2009 2028 Ad
2024 2013 2066 2028 an.
2081 2005 2151 2032 1427,
2163 2005 2223 2028 Jan.
2234 2004 2272 2032 23,

405 2050 524 2073 solvebat
537 2058 586 2081 pro
602 2050 735 2081 deputatis
753 2050 885 2073 facultatis
902 2050 933 2073 dc
951 2051 1041 2073 eodem
1058 2051 1161 2081 negotio
1176 2051 1191 2082 ij
1209 2051 1258 2074 sol.
1272 2050 1310 2082 iiij
1324 2051 1384 2074 den.
1398 2059 1446 2082 pro
1461 2059 1538 2082 pane,
1556 2050 1616 2073 vino
1637 2054 1662 2074 et
1674 2050 1765 2081 lignis.
1783 2050 1937 2073 Pruesentes
1954 2051 2060 2073 fuerunt
2074 2049 2099 2072 J.
2116 2049 2147 2072 de
2163 2048 2272 2078 Bevilla,

405 2094 435 2118 G.
450 2094 595 2122 Bouticoul,
611 2095 794 2126 Pulcripatris,
809 2095 961 2120 Cam-clarii.
977 2095 1047 2126 Piry,
1062 2095 1141 2118 Fabri
1153 2095 1248 2125 (ibid.).
1264 2096 1359 2119 Postea
1372 2095 1479 2126 saepius
1495 2095 1527 2118 de
1542 2095 1617 2118 novis
1632 2104 1643 2118 «
1656 2095 1739 2126 copiis
1753 2103 1764 2118 )
1778 2094 1961 2124 articulorum,
1977 2102 2043 2126 quae
2058 2094 2153 2117 iterum
2167 2093 2274 2116 iterum-

404 2148 453 2170 que
470 2139 575 2169 fiebant,
592 2139 689 2170 agitur.
705 2139 822 2163 Celebris
839 2143 900 2163 tunc
913 2140 1040 2170 temporis
1054 2140 1105 2162 ista
1118 2140 1237 2171 quaestio
1254 2140 1311 2169 suit,
1326 2143 1352 2163 et
1367 2140 1495 2163 Henricus
1511 2140 1543 2163 de
1556 2140 1714 2164 Gorinchem
1728 2140 1805 2163 etiam
1820 2139 1849 2162 18
1864 2139 2061 2171 propositiones
2078 2148 2090 2162 «
2103 2139 2135 2161 de
2150 2138 2275 2161 observa-

402 2183 473 2206 tione
487 2186 614 2207 scstorum
630 2193 639 2207 »
657 2184 749 2207 statuit
771 2184 850 2213 (Bibl.
867 2184 1001 2213 Mazurin.,
1025 2193 1074 2208 ms.
1095 2186 1150 2214 943,
1175 2185 1220 2208 sol..
1244 2186 1310 2214 295),
1331 2193 1398 2216 quoe
1418 2188 1506 2208 tamen
1522 2184 1588 2208 nihil
1604 2193 1741 2208 commune
1763 2184 1862 2207 habent
1883 2192 1942 2207 cum
1962 2182 2191 2215 propositionibus
2208 2182 2274 2206 Uni-

404 2229 547 2254 versitatis.

497 2308 520 2334 1.
538 2309 714 2333 ΒἋΗΒΕΝΉυὲ
730 2317 736 2333 z
755 2309 844 2333 «civis
859 2318 881 2333 ι),
896 2323 923 2328 -
937 2310 962 2334 2.
981 2310 1132 2333 omittimus
1149 2310 1175 2333 in
1191 2310 1362 2341 sequentibus
1378 2310 1558 2342 probationes,
1575 2318 1640 2342 quas
1664 2309 1762 2333 videsis
1782 2309 1853 2341 apud
1876 2308 2061 2333 D'ARGENTalssz.
2076 2322 2108 2327 —
2122 2308 2145 2333 3.
2166 2309 2271 2333 Decret.

406 2355 533 2384 Greyorit‘
547 2354 599 2383 IX,
614 2355 642 2381 ll.
657 2357 680 2384 9,
697 2355 720 2378 1.
735 2369 764 2372 —
777 2355 802 2379 4.
822 2355 903 2378 Hodie
918 2355 945 2377 in
960 2355 1065 2379 Decrec.
1079 2362 1088 2378 :
1106 2363 1117 2378 α
1134 2355 1298 2378 decernimus
1313 2364 1336 2379 »-

405 2518 548 2555 2284.
572 2528 712 2562 Magister
732 2528 876 2554 lohannes
900 2529 993 2563 Acuti,
1017 2528 1112 2563 legens
1135 2528 1171 2554 de
1195 2537 1277 2554 mane
1301 2529 1329 2554 in
1351 2528 1496 2563 facultate
1518 2528 1635 2563 decret„
1660 2528 1768 2554 electus
1791 2531 1817 2553 et
1841 2529 2027 2562 confirmatus
2052 2526 2081 2551 in
2104 2525 2268 2561 episcopum

496 2577 650 2611 T1·ccens.¹‚
662 2578 776 2611 gratias
793 2578 853 2612 agit
865 2578 1005 2611 facultati
1018 2578 1053 2603 de
1067 2578 1118 2603 illa
1133 2578 1243 2603 lectura
1258 2582 1285 2603 et
1299 2577 1334 2603 de
1345 2578 1523 2614 promotione
1538 2578 1579 2603 ad
1594 2578 1801 2614 episcopatum,
1815 2586 1830 2603 ‹
1844 2577 1993 2603 occasione
2006 2576 2087 2611 cujus
2101 2574 2229 2601 lectur-ae
2243 2577 2270 2599 et

491 2635 545 2651 non
562 2626 624 2651 alia
639 2636 727 2652 causa
743 2629 841 2661 suerat
856 2626 962 2652 electus
978 2636 1003 2652 ».
1029 2628 1090 2652 Non
1109 2631 1209 2663 posset
1232 2626 1352 2653 ulterius
1368 2627 1471 2663 legere!
1490 2636 1505 2653 α(
1519 2627 1588 2663 quia
1605 2627 1640 2653 de
1657 2627 1705 2653 die
1723 2627 1752 2653 in
1767 2626 1842 2652 diem
1857 2625 2031 2662 expectabat
2046 2623 2142 2650 bullas
2157 2632 2228 2649 suas
2242 2632 2265 2649 ».

494 2676 646 2710 Quousque
660 2675 737 2701 alius
753 2675 839 2710 legat,
856 2675 976 2702 libenter
987 2685 1041 2712 per
1055 2677 1089 2703 20
1104 2676 1166 2702 dies
1181 2676 1276 2702 adhuc
1292 2676 1375 2711 leget.
1392 2676 1528 2702 [facultas
1542 2686 1604 2702 eum
1619 2680 1734 2711 gratum
1748 2675 1862 2701 hahuit.

1581 2767 1655 2796 1426,
1672 2765 1788 2792 octobris
1800 2766 1844 2795 26,
1862 2764 1978 2791 Parisiis.

495 2799 601 2822 Memor.
619 2801 668 2822 sac.
684 2800 790 2828 decret„
806 2800 824 2828 1,
843 2800 887 2823 sol.
904 2801 942 2823 32.

496 2882 519 2906 1.
536 2883 632 2905 Eodem
655 2892 731 2911 anno,
752 2885 818 2914 Aug.
838 2885 875 2913 23,
892 2892 906 2906 a
922 2893 992 2915 papa
1013 2885 1197 2908 confirmatum
1220 2885 1307 2914 (Arch.
1325 2886 1390 2914 Vat.‚
1414 2886 1468 2914 xu,
1487 2886 1538 2915 121,
1562 2894 1589 2917 p.
1608 2887 1673 2916 205).
1696 2885 1822 2914 Quamvis
1843 2885 1892 2908 hoc
1915 2885 2079 2915 compertum
2106 2881 2266 2909 habuerunt,

404 2926 519 2948 nondum
533 2930 618 2949 tamen
635 2927 722 2950 bullae
737 2928 906 2951 advenerunt.
