2502 3418
283 326 379 364 1441]
627 339 672 362 AB
707 339 811 361 ANNo
846 338 1130 361 MCCCLxxxxw
1165 338 1294 366 USQUE
1330 338 1376 360 ,11)
1411 338 1548 360 1111111111
1583 339 1787 360 1100011111.
2076 330 2139 361 619

282 483 427 520 2550.
454 492 597 518 Ger-ardus
614 491 749 525 Macheli,
768 492 918 528 episcopus
936 491 1096 516 Castrensis
1117 494 1143 516 et
1163 493 1310 524 consessor
1330 490 1414 524 regis,
1438 490 1593 515 eslim-tans
1610 489 1766 515 Jolzannem
1786 489 1914 524 Chuffart
1934 490 1973 515 ad
1993 490 2140 515 cancella-

370 542 444 567 riam
459 541 554 567 Paris.
572 541 785 576 resignandam,
803 540 938 575 Egidt'um
954 540 1077 566 Carlerii
1090 543 1190 573 monet,
1205 544 1235 565 ue
1248 548 1318 565 onus
1334 539 1530 565 cancellariae
1545 539 1699 574 suscipiat.

1439 656 1506 685 1441,
1520 655 1729 684 danii-novemb..
1744 656 1857 681 Parisiis,

377 773 625 799 Habundantioris
640 773 778 806 sapientie
793 774 821 799 et
837 773 1008 806 exemplaris
1022 772 1138 798 virtutis
1153 772 1223 801 viro.
1239 772 1377 805 magistro
1390 772 1490 805 Egidio
1506 772 1622 797 Carlerii
1636 779 1713 797 sacre
1728 771 1873 804 theologie
1887 771 2048 804 professori.

715 822 825 848 decano
838 822 1046 851 Cameracensi,
1062 822 1142 847 fratri
1155 823 1183 847 01
1197 821 1291 847 amico
1303 821 1485 854 germanitus
1499 821 1712 854 amplectendo.

372 925 487 969 Urget
511 924 668 956 animum
691 936 809 956 meum
841 930 873 956 et
902 935 975 956 non
1004 935 1129 968 parum
1154 923 1324 956 sollicitat
1353 923 1443 956 hanc
1471 922 1648 967 pagellam
1680 922 1815 955 dictare
1843 921 1942 954 zelus
1968 928 2004 954 et
2037 922 2144 954 ardor

283 991 430 1032 amoris,
448 1002 553 1035 quem
572 990 688 1023 debeo
711 1002 812 1023 sacre
832 990 991 1023 facultati
1011 990 1210 1035 theologie,
1232 1002 1314 1034 ymo
1336 990 1427 1022 alme
1453 990 1605 1034 parenti,
1631 1001 1700 1034 (1110
1723 1000 1791 1021 nos
1812 988 1937 1021 ambos
1963 989 2091 1033 genuit
2112 995 2146 1020 01

283 1057 370 1090 aluit
390 1058 427 1090 in
448 1058 529 1090 sinu
552 1069 631 1099 suo,
655 1057 776 1090 studio
799 1057 940 1090 scilicet
960 1057 1171 1090 Parisiensi.
1194 1057 1331 1098 Nostis,
1354 1057 1600 1089 amantissime
1625 1057 1747 1097 srater,
1771 1068 1875 1100 quam
1897 1056 2143 1088 necessarium

283 1124 330 1157 sit
346 1124 500 1157 officium
523 1124 737 1157 cancellarie
754 1124 985 1164 Parisiensis,
1004 1136 1074 1169 que
1100 1131 1212 1157 totum
1236 1124 1379 1168 pondus
1408 1123 1539 1168 ginasii
1561 1123 1743 1156 scolastici
1776 1135 1886 1167 super
1909 1135 1948 1155 se
1973 1123 2082 1167 gerit,
2113 1129 2148 1154 01

283 1191 472 1235 potissime
489 1198 671 1224 certamen
692 1191 784 1224 illud
806 1191 1090 1224 sacratissimum
1117 1190 1315 1236 theologici
1331 1191 1528 1235 Lexaminis,
1551 1190 1594 1223 ad
1623 1190 1720 1235 quod
1747 1190 1936 1222 serendum
1964 1196 1999 1222 et
2025 1189 2146 1222 debite

283 1258 545 1291 excercendum
568 1258 913 1291 excercitatissimus
934 1258 1119 1303 theologie
1142 1259 1329 1303 professor
1349 1258 1408 1291 vix
1424 1258 1619 1290 sufficeret.
1642 1257 1746 1290 Unde
1768 1256 1831 1289 hac
1853 1256 2146 1289 consideratione

282 1332 469 1370 permotus
497 1337 740 1370 sepenumero
761 1325 973 1359 adhortatus
997 1337 1076 1358 sum
1099 1325 1311 1370 magistrum
1333 1324 1531 1357 Johannem
1556 1324 1729 1365 Chuss'art,
1757 1331 1877 1357 vestre
1898 1324 2035 1356 caritati
2060 1324 2147 1356 ami-

283 1392 482 1434 cissimum,
513 1399 550 1425 ut
576 1393 753 1437 prefatum
777 1393 933 1426 01110111111
963 1392 1178 1426 cancellarie
1207 1393 1304 1437 quod
1334 1399 1484 1437 occupat
1515 1392 1551 1424 in
1577 1404 1704 1424 manus
1734 1398 1873 1424 vestras
1905 1399 1965 1424 aut
1998 1391 2147 1423 alterius

283 1459 504 1504 professoris
530 1460 746 1505 resignaret.
770 1460 839 1503 Qui
861 1460 1007 1505 quidem
1032 1460 1220 1505 respondit
1251 1471 1291 1492 se
1313 1459 1473 1504 elegisse
1494 1471 1686 1504 personam
1712 1465 1866 1492 vestram
1897 1458 1940 1491 ad
1962 1465 2029 1491 tam
2049 1458 2146 1502 pium

283 1533 319 1560 et
338 1527 584 1560 necessarium
620 1539 712 1572 opus
747 1527 1024 1560 excercendum.
1065 1527 1222 1560 Laudavi
1255 1527 1411 1559 animum
1444 1527 1544 1571 ejus,
1574 1538 1698 1559 verum
1726 1525 1942 1570 pernimimn
1964 1525 2080 1558 tardat
2111 1525 2148 1557 id

284 1594 435 1639 excequi
456 1601 492 1627 et
511 1606 622 1639 opere
642 1594 841 1639 adimplere
865 1601 934 1627 tam
963 1594 1208 1627 desideratum
1231 1605 1375 1626 munus.
1399 1594 1476 1636 Qua
1497 1594 1533 1625 in
1563 1605 1602 1625 re
1623 1605 1688 1638 per
1710 1604 1867 1625 amorem
1895 1599 1930 1625 et
1956 1592 2146 1633 honorem,

284 1673 390 1706 quem
411 1661 587 1694 debemus
610 1662 712 1694 matri
733 1662 915 1694 communi
937 1668 1075 1703 nostre,
1097 1662 1264 1694 festinate
1285 1668 1320 1693 et
1340 1660 1452 1693 nolite
1483 1660 1623 1693 tardare
1651 1660 1827 1693 sarcinam
1849 1660 1951 1692 istam
1980 1666 2046 1692 tam
2072 1659 2148 1692 lau-

284 1728 454 1769 dabilem,
477 1735 545 1761 tam
564 1729 798 1770 fructuosam,
821 1735 964 1774 tamque
986 1735 1226 1774 opportunam
1248 1734 1283 1761 et
1312 1728 1575 1760 neccessariam
1604 1739 1715 1771 5111101
1744 1727 1916 1759 humeros
1940 1733 2082 1759 vestros
2104 1727 2147 1759 ad

283 1795 320 1828 id
341 1795 495 1829 idoneos
516 1802 551 1829 et
566 1802 669 1842 aptos
686 1796 834 1829 inferre.
857 1797 931 1828 Hoc
949 1796 1006 1841 pia
1026 1802 1140 1829 mater
1160 1796 1238 1841 ipsa
1254 1796 1338 1840 jure
1359 1795 1484 1828 matris
1506 1795 1590 1827 totis
1611 1795 1706 1827 votis
1732 1794 1949 1839 expostulat,
1975 1793 2042 1826 hoc
2068 1805 2147 1826 nec-

284 1863 435 1895 cessitas
457 1863 570 1908 exigit
590 1869 625 1896 et
645 1863 803 1896 officium
830 1863 922 1896 illud
947 1875 1178 1908 summopere
1206 1863 1402 1903 desiderat,
1429 1874 1511 1906 ymo
1538 1861 1752 1906 languorem
1783 1862 1915 1906 patitur
1941 1873 2005 1906 pro
2033 1861 2148 1893 tarda-

283 1929 381 1962 tione
403 1930 578 1963 desiderii
595 1930 664 1963 sui.
682 1931 835 1972 Parcite,
855 1931 976 1971 frater,
995 1930 1072 1963 zelo
1090 1930 1151 1975 qui
1168 1942 1224 1962 me
1245 1929 1437 1974 urgentius
1458 1929 1631 1970 stimulat,
1649 1929 1714 1961 sed
1735 1935 1770 1961 et
1790 1929 1918 1961 caritas
1935 1927 2071 1961 Christi
2091 1938 2145 1959 1110

284 1996 483 2042 compellit,
501 1997 538 2030 in
555 2009 626 2042 quo
642 1997 773 2039 valete,
792 1998 862 2030 mei
880 2009 1024 2042 semper
1040 2009 1179 2030 memor
1190 1997 1227 2030 in
1241 1996 1468 2030 orationibus
1484 2003 1518 2029 et
1538 1996 1709 2041 suspiriis
1729 1996 1862 2029 vestris
1878 1996 1921 2028 ad
1939 1995 2145 2028 Dominum.

283 2064 424 2105 [Actum
445 2064 632 2105 Parisius.]

377 2175 446 2198 Bibl.
464 2178 516 2198 nat.
533 2175 628 2206 Paris„
645 2184 694 2199 ms.
711 2176 757 2199 lat.
776 2177 847 2206 8577,
869 2176 913 2199 sol.
936 2177 973 2199 14.
995 2176 1144 2205 LAusoms,
1164 2176 1243 2206 Reyii
1258 2176 1407 2200 Navarrae
1424 2176 1572 2206 Gymnasii
1589 2175 1650 2200 hist.
1673 2176 1762 2205 (1677),
1785 2184 1811 2206 p.
1835 2177 1887 2204 536,
1911 2175 1960 2198 sub
1976 2175 2148 2206 inscriptione

285 2219 352 2242 salsa
367 2228 374 2243 :
390 2229 404 2241 α
462 2220 537 2243 fratri
559 2220 700 2244 Guillelmo
715 2220 882 2244 Brissonio...
895 2229 918 2244 )).
934 2221 1031 2244 Eodem
1056 2224 1174 2253 tempore
1199 2221 1333 2244 Germ-dus
1354 2220 1463 2251 scripsit
1483 2220 1596 2243 Mai-tino
1619 2220 1760 2250 Berruerii,
1782 2228 1808 2242 se
1829 2219 1987 2242 sollicitasse
2002 2219 2148 2242 Johannem

285 2264 404 2287 Chuss'art
423 2265 456 2287 ad
476 2265 673 2295 resignandum.
696 2274 707 2288 1(
728 2265 835 2288 Utinam
855 2266 933 2288 finem
953 2266 1027 2288 daret
1045 2269 1090 2289 aut
1111 2266 1137 2288 in
1156 2267 1272 2288 favorem
1288 2274 1400 2297 persone
1415 2269 1511 2294 vestre,
1528 2269 1572 2288 aut
1587 2274 1657 2296 mag.
1675 2264 1760 2295 Egidii
1778 2264 1898 2293 Carlcrii,
1913 2273 1961 2295 pro
1978 2273 2037 2295 quo,
2056 2267 2082 2286 ut
2102 2264 2147 2292 ait,

284 2312 411 2341 reservat,
428 2309 469 2332 cui
483 2309 532 2332 buc
547 2309 757 2333 consideratione
772 2314 907 2341 permotus
921 2310 1116 2341 presentialiter
1132 2310 1219 2333 scribo
1237 2319 1247 2333 1>
1265 2311 1320 2340 (sol.
1336 2311 1382 2340 ¹15).
1400 2311 1468 2333 111100
1486 2310 1597 2340 epistola
1614 2309 1766 2340 subscripta
1782 2312 1821 2331 est
1837 2318 1847 2331 «
1866 2311 1956 2332 Actum
1972 2309 2100 2332 Pal-isius*
2125 2317 2147 2335 »,

284 2354 447 2385 proindeque
462 2354 541 2377 etiam
558 2362 639 2385 supra
652 2354 721 2377 edita
736 2355 846 2378 Parisiis
863 2355 963 2386 scriptu
978 2358 1026 2378 est.
1046 2356 1188 2386 Postquam
1201 2355 1339 2386 epistolam
1355 2355 1464 2385 Eugenii
1484 2355 1516 2377 lv
1531 2363 1572 2378 an.
1593 2355 1663 2383 1442,
1681 2354 1815 2376 Februarii
1835 2355 1847 2376 7
1864 2353 1927 2382 (vid.
1944 2358 1972 2376 n0
1990 2355 2067 2382 2557),
2084 2362 2147 2385 prae

285 2399 406 2421 manibus
422 2399 561 2428 habuerat,
576 2399 694 2430 speravit
709 2408 720 2422 ((
736 2400 804 2430 quod
817 2400 939 2423 dominus
956 2403 1044 2423 noster
1058 2400 1186 2423 scriberet
1199 2400 1296 2423 tenenti
1308 2400 1503 2425 cancellariam.
1521 2402 1548 2421 ut
1564 2402 1706 2430 spontanee
1722 2398 1870 2429 resignaret
1885 2398 1909 2421 in
1927 2407 2019 2421 manus
2035 2398 2146 2429 alicujus

255 2463 261 2468 ,
284 2443 400 2474 theologi
417 2452 428 2466 ›>
443 2444 498 2472 (sol.
515 2443 575 2473 36¹²),
591 2444 636 2467 sed
650 2452 696 2467 nec
711 2444 852 2475 episcopus
866 2445 990 2469 Meldens.
1009 2445 1041 2468 de
1056 2445 1104 2467 hoc
1120 2445 1220 2476 aliquid
1232 2453 1246 2467 a
1260 2453 1329 2476 papa
1342 2444 1440 2475 recepit
1457 2444 1511 2473 (sol.
1526 2445 1574 2473 38).
1590 2444 1681 2466 Postea
1694 2444 1779 2466 adhuc
1795 2443 1928 2466 Gen-ardus
1945 2452 2018 2474 spem
2033 2443 2145 2471 fovebat,

284 2488 431 2511 Johannem
445 2488 564 2511 Chuss'nrt
577 2488 783 2519 resignaturum‚
797 2489 959 2521 proindeque
975 2489 1098 2520 Egidium
1115 2489 1225 2513 Carlerii
1243 2489 1389 2518 admonuit,
1407 2497 1437 2512 ne
1453 2492 1587 2512 recusaret
1604 2488 1720 2511 laborem
1737 2489 1791 2517 (sol.
1807 2489 1855 2517 51).
1869 2489 1918 2511 Sed
1934 2497 1975 2511 an.
1995 2489 2055 2511 1445
2072 2496 2148 2519 expe-

284 2532 379 2556 rientia
395 2536 499 2556 coactus
515 2533 648 2557 Get-ardus
664 2534 776 2556 Martino
790 2534 892 2557 Bruerii
906 2534 1014 2565 scripsit
1029 2542 1035 2558 :
1049 2543 1060 2557 «
1073 2534 1162 2557 'simeo
1178 2543 1208 2557 110
1226 2536 1324 2557 frustra
1337 2534 1463 2557 laboretis
1479 2533 1549 2564 apud
1562 2542 1621 2556 eum
1637 2533 1793 2563 (Johannem
1804 2533 1941 2562 Chuss'art),
1958 2541 2148 2564 quemcumque

286 2578 308 2600 01
324 2578 419 2601 oll'erat
433 2578 536 2601 devotio
553 2581 648 2607 vesu-n,
665 2578 726 2609 quia
747 2580 836 2601 forsan
853 2579 998 2610 primatum
1016 2579 1092 2602 illum
1112 2582 1183 2602 amat
1198 2587 1209 2601 1)
1226 2579 1280 2608 (sol.
1300 2580 1349 2608 611).
1365 2580 1423 2601 311111
1442 2587 1484 2601 un.
1501 2579 1570 2608 1423,
1586 2578 1690 2609 quando
1710 2581 1818 2600 conatus
1838 2581 1877 2601 est
1897 2578 1953 2600 fieri
1974 2578 2147 2601 cancellarius

286 2622 415 2645 lsabellae
431 2622 534 2651 viduae,
551 2623 672 2654 quumvis
690 2623 797 2646 minime
811 2631 859 2654 pro
872 2627 948 2655 parte
968 2624 1096 2647 isabellae
1116 2623 1289 2653 dimicaverit,
1306 2623 1476 2647 ambitionem
1496 2632 1571 2646 suam
1588 2623 1745 2646 ostentabat.
1767 2624 1875 2654 Semper
1895 2633 1908 2644 «
1925 2623 2020 2646 altiora
2035 2632 2048 2644 »
2069 2632 2147 2654 quac-

286 2667 369 2690 rebat.
387 2667 445 2690 Vid.
459 2667 528 2690 infra
543 2671 571 2690 110
586 2668 656 2691 2597.

380 2765 404 2789 1.
418 2765 484 2788 Dum
498 2774 542 2788 rex
555 2774 569 2788 a
585 2773 673 2788 mense
685 2765 756 2788 3111111
774 2774 862 2789 coram
876 2766 1013 2789 Pontisnra
1027 2766 1167 2797 pugnavit,
1178 2766 1311 2789 Gerardus
1327 2765 1438 2788 Maeheti
1454 2769 1506 2788 tam
1517 2766 1588 2796 apud
1604 2766 1630 2789 S.
1643 2765 1806 2796 Dionysium,
1821 2774 1898 2797 quam
1910 2765 2018 2789 Parisiis
2031 2770 2147 2789 moratus

286 2813 336 2840 est,
351 2813 376 2833 et
389 2811 475 2833 solum
491 2813 530 2833 ter
543 2810 625 2833 aciem
639 2810 710 2842 regis
726 2810 853 2840 visitavit,
870 2814 898 2834 ut
913 2811 1006 2834 iterato
1022 2811 1126 2834 scribit.
