2502 3418
400 313 464 347 546
981 323 1301 347 cnam-nmmum
1338 324 1528 346 umvans.
1565 323 1695 346 PARIS.
2171 310 2271 347 [1432

401 398 657 431 Belvacensem
690 398 734 431 de
769 398 979 442 hujusmodi
1008 398 1129 431 officio
1157 399 1429 432 conservatorie
1460 410 1608 431 suorum
1642 397 1932 443 privilegiorum,
1965 409 2045 430 cum
2073 394 2267 442 gratiarum

401 464 619 505 actionibus,
644 471 678 497 et
699 464 859 510 benigne
881 466 1044 510 suscepit
1064 465 1376 498 renunciationem
1400 466 1492 510 ejus.
1518 466 1561 498 Et
1581 466 1683 509 juxta
1705 470 1910 509 requestam
1933 463 2049 509 ipsius
2071 464 2167 496 dom.
2195 464 2271 509 epi—

402 532 502 577 scopi
535 531 783 573 Belvacensis,
814 532 935 576 posuit
964 532 1044 565 loco
1072 533 1166 576 ejus,
1187 532 1346 564 instituit
1375 538 1410 565 et
1433 532 1595 576 suscepit
1620 532 1657 564 in
1682 543 1787 564 suum
1810 537 2102 564 conservatorem
2128 531 2270 575 privile-

401 599 546 644 giorum
564 610 712 631 suorum
731 598 1013 643 apostolicorum
1028 598 1203 643 prefatum
1222 610 1297 631 rev.
1312 598 1348 630 in
1363 598 1510 631 Christo
1528 605 1663 643 patrem
1678 605 1712 630 et
1726 598 1926 638 dominum,
1945 597 2042 629 dom.
2058 597 2269 642 episcopum

403 665 647 705 Meldensem3
689 665 765 710 quil
785 665 902 710 ipsum
944 665 1101 698 officium
1146 665 1358 710 acceptavit,
1391 665 1609 709 juramentis
1651 664 1770 698 solitis
1809 665 1845 697 in
1882 664 1987 709 plena
2026 663 2270 697 Universitate

403 733 578 778 prestitis.

495 831 571 861 Bul..⁷
586 831 617 860 V,
633 831 749 860 [ΩΟ-422,
765 838 777 853 c
789 830 860 853 Libr.
877 838 983 861 procur.
999 833 1052 853 nat.
1067 829 1227 854 Gallicanae.

494 916 519 940 1.
539 916 575 939 Ad
592 916 641 938 hoc
654 915 708 946 jam
724 915 749 938 in
765 915 898 946 principio
915 915 975 938 anni
992 915 1104 938 multum
1119 914 1252 938 loboravit
1267 915 1410 937 cardinalis
1427 915 1452 938 S.
1470 914 1562 938 Crucis
1577 914 1701 938 Nicolnus
1717 914 1748 938 de
1760 914 1922 945 Albergatis,
1935 915 2038 945 legatus
2054 922 2148 946 papae,
2166 918 2191 938 et.
2205 914 2272 938 civi-

403 964 467 983 tates
482 961 705 984 Autissiodorens.
719 960 759 982 vel
775 959 929 982 Nivernens.
946 968 994 990 pro
1010 959 1182 982 conventione
1197 959 1319 982 habenda
1334 959 1482 990 proposuit,
1499 967 1564 990 quus
1583 962 1668 982 tamen
1684 959 1736 981 dux
1748 958 1905 982 Bedt'ordiae
1918 959 1993 984 Febr.
2011 960 2040 982 25
2059 967 2108 981 non
2125 959 2273 990 acceptavit

403 1005 489 1033 (An-ch.
505 1008 568 1032 nat.v
586 1005 631 1027 X‘a
650 1005 720 1034 1481,
740 1004 785 1027 sol.
802 1005 850 1033 52).
874 1017 900 1021 -
921 1004 944 1029 2.
960 1004 1075 1027 Johanni
1098 1003 1179 1027 Buiri.
1200 1003 1258 1026 Vid.
1279 1008 1308 1026 11⁰
1327 1005 1397 1027 2268.
1418 1017 1448 1021 —
1467 1003 1492 1028 3.
1510 1003 1651 1026 Max-tinum
1668 1003 1776 1027 Berech.
1788 1017 1819 1020 —
1833 1003 1858 1028 4.
1879 1003 1917 1027 Ab
1933 1003 1982 1026 hac
1997 1006 2153 1034 tempestate
2172 1003 2272 1026 nomini

402 1059 412 1071 a
427 1049 586 1080 Anglicanac
603 1057 613 1072 »
630 1049 785 1079 plerumque
801 1056 894 1071 nomen
912 1056 922 1071 α
937 1048 1106 1071 Alemanniae
1128 1056 1138 1071 »
1160 1048 1381 1071 substituebatur.
1401 1048 1458 1071 Vid.
1479 1048 1510 1071 de
1530 1048 1578 1070 hoc
1598 1049 1717 1072 Λυσίαν.
1734 1048 1766 1071 lt.
1781 1061 1811 1065 ——
1826 1047 1850 1073 5.
1868 1048 1987 1071 Nntionis
2003 1047 2138 1071 Franciue.
2155 1048 2192 1071 Ad
2208 1047 2272 1071 haec

402 1094 453 1117 vid.
472 1093 608 1119 Clzartul..
628 1093 671 1121 ΙΙΙ,
686 1093 711 1115 in
729 1092 825 1122 Indice,
842 1101 867 1124 p.
885 1093 949 1117 774³.
962 1106 991 1110 —
1003 1092 1025 1118 6.
1041 1093 1072 1116 {d
1086 1092 1193 1116 minime
1210 1092 1344 1123 singulare
1357 1092 1530 1124 judicandum
1546 1095 1593 1120 est,
1611 1100 1671 1115 nam
1687 1095 1747 1115 ante
1762 1092 1917 1124 episcopum
1934 1092 2087 1116 Belvacens.
2102 1095 2272 1116 conservator

402 1138 450 1161 suit,
462 1138 603 1169 episcopus
620 1137 808 1160 Silvanectens.
827 1137 889 1167 (vid.
906 1141 935 1160 n⁰
956 1137 1040 1168 2159);
1055 1137 1166 1168 proinde
1182 1138 1268 1160 solum
1284 1137 1410 1160 Meldens.
1427 1137 1564 1168 eligendus
1580 1136 1707 1161 restabat.

400 1304 543 1341 2419.
574 1313 748 1338 [Ιηὶνοι-εἰίαε
765 1313 860 1338 Paris.
878 1312 989 1347 legatos
1005 1322 1072 1339 suos
1088 1313 1128 1339 ad
1147 1313 1245 1339 ducem
1267 1313 1453 1348 Burgundiae
1469 1314 1572 1339 missos
1593 1314 1654 1339 suis
1675 1313 1845 1349 suppositis,
1868 1314 2071 1349 cujuscumque
2090 1317 2186 1339 status
2201 1313 2268 1348 sint,

487 1361 673 1388 commendat.

1550 1399 1622 1427 1432.
1637 1406 1726 1425 mense
1743 1398 1852 1428 Octobri,
1868 1399 1984 1425 Parisiis.

489 1487 620 1519 Rector
663 1493 696 1519 et
728 1486 955 1519 Universitas
986 1486 1097 1519 studii
1135 1486 1354 1519 Parisiensis
1384 1487 1567 1519 universis
1600 1486 1803 1531 suppositis
1848 1486 1985 1519 nostris
2019 1487 2270 1531 cujuscunque

399 1553 546 1597 gradus,
576 1560 691 1586 status
712 1565 751 1586 ac
782 1553 1047 1598 preeminentie
1075 1553 1242 1594 existant,
1273 1553 1423 1586 salutem
1454 1554 1490 1586 in
1519 1553 1674 1586 Domino
1703 1553 1975 1598 sempiternam.
2004 1553 2093 1586 Cum
2124 1559 2272 1598 propter

399 1627 515 1653 certas
541 1627 573 1653 et
597 1620 776 1665 speciales
805 1632 931 1653 causas
952 1632 1082 1665 graves
1105 1627 1137 1653 et
1159 1620 1303 1661 arduas,
1328 1621 1534 1653 universam
1562 1620 1670 1665 hujus
1708 1620 1858 1653 Francie
1880 1620 1984 1665 regni
2007 1626 2271 1653 concernentes

400 1687 564 1728 salutem,
579 1694 725 1720 nostros
741 1687 783 1720 ad
795 1699 949 1732 presens
966 1687 1193 1720 destinemus
1207 1694 1370 1720 oratores
1386 1687 1608 1720 solennesT.
1621 1687 1676 1720 T.¹
1694 1687 1789 1732 apud
1804 1687 2024 1732 presentiam
2043 1686 2269 1731 magnificam

401 1754 699 1787 excellentissimi
722 1754 899 1799 principis
921 1754 1057 1786 domini
1087 1754 1191 1786 ducis
1214 1754 1440 1799 Burgundie,
1465 1754 1527 1786 ubi
1548 1754 1591 1787 ad
1613 1755 1767 1786 fructum
1791 1753 1949 1787 validum
1972 1754 2008 1786 in
2036 1760 2104 1786 tam
2135 1752 2270 1786 celebri

401 1821 546 1854 materia
569 1820 867 1865 consequendum
898 1820 1004 1853 nobis
1026 1821 1155 1853 merito
1176 1821 1294 1854 visum
1321 1821 1429 1854 suerit
1452 1821 1636 1866 expedire⁷
1666 1833 1730 1866 per
1757 1832 1823 1854 vos
1845 1827 1879 1853 et
1904 1827 2063 1854 vestrum
2088 1819 2268 1865 singulos,

402 1895 507 1932 prout
536 1888 713 1920 dictorum
744 1894 925 1920 oratorum
955 1887 1128 1920 discretio
1153 1887 1333 1932 judicabit
1365 1888 1465 1933 ipsos
1500 1894 1647 1921 nostros
1675 1894 1839 1920 oratores
1868 1887 2000 1920 vestris
2029 1887 2196 1920 conciliis
2230 1899 2269 1920 ac

400 1955 620 1988 assistentiis
641 1954 797 1987 ubilibet
817 1955 1016 1996 confoveri,
1039 1961 1074 1987 et
1095 1955 1286 1999 presertim
1311 1955 1394 1987 dum
1417 1955 1460 1987 ad
1478 1955 1595 1999 ipsius
1617 1955 1794 1999 principis
1817 1961 1852 1987 et
1873 1955 1929 1987 sui
1951 1954 2097 1987 consilii
2120 1965 2270 1999 presen—

402 2022 482 2054 tiam
511 2021 792 2055 Universitatem
828 2028 987 2054 nostram
1016 2028 1270 2066 representare
1299 2033 1391 2066 opus
1424 2022 1505 2054 erit.
1536 2022 1676 2054 Idcirco
1710 2021 1816 2054 vobis
1853 2027 1888 2054 et
1915 2028 2075 2054 vestrum
2112 2020 2270 2066 singulis

401 2088 611 2121 mandamus
633 2095 668 2121 et
688 2088 756 2121 sub
778 2088 900 2121 debito
923 2088 1365 2133 precipimusjuramenti,
1384 2095 1562 2133 quatenus
1584 2094 1690 2133 prout
1711 2088 1780 2133 ipsi
1798 2094 1961 2120 oratores
1976 2099 2042 2120 vos
2059 2094 2092 2120 et
2109 2094 2268 2120 vestrum

402 2155 601 2200 quemlibet
621 2167 742 2188 secum
766 2155 895 2188 adesse
921 2154 1169 2200 postulabunt,
1200 2155 1337 2188 eisdem
1366 2155 1567 2188 honorifice
1595 2155 1775 2188 assistatis
1804 2166 1869 2199 pro
1898 2161 1932 2187 et
1961 2154 2106 2187 nominc
2130 2160 2268 2194 nostro⁷

402 2229 435 2255 et
457 2223 572 2255 nostri
597 2222 903 2267 contemplatione
938 2222 1076 2255 eisdem
1103 2222 1310 2263 concilium,
1338 2222 1509 2255 auxilinm
1538 2229 1572 2254 et
1597 2222 1769 2262 savorem7
1792 2233 1858 2255 vos
1880 2228 1914 2254 et
1934 2228 2094 2254 vestrum
2117 2220 2271 2266 quilibet

403 2289 584 2334 prebeatis
611 2289 774 2330 indilate‚
803 2289 880 2322 suis
909 2289 1108 2321 eorundem
1135 2288 1434 2321 ambassiatorum
1465 2288 1635 2334 precibus
1658 2295 1692 2322 et
1712 2289 1892 2321 mandatis
1914 2288 2131 2321 obedientes
2157 2287 2270 2320 veluti

403 2355 508 2388 nobis
530 2357 566 2388 in
587 2355 651 2389 hac
680 2362 792 2400 parte.
822 2355 964 2398 Quibus
992 2355 1097 2388 etiam
1127 2355 1264 2388 nostris
1293 2355 1498 2388 oratoribus
1526 2355 1750 2400 presentium
1782 2367 1845 2400 per
1872 2362 2034 2388 tenorem
2063 2366 2128 2388 vos
2154 2361 2187 2387 et
2213 2366 2269 2387 ve-

355 2446 363 2454 .
403 2429 514 2455 strum
538 2422 735 2467 quemlibet
755 2422 908 2455 vocandi
925 2429 960 2455 et
981 2434 1044 2467 per
1060 2429 1221 2455 vestrum
1239 2422 1282 2455 ad
1300 2434 1366 2455 nos
1381 2423 1571 2467 prestitum
1585 2423 1831 2467 juramentum
1852 2422 1895 2455 ad
1913 2422 2090 2467 premissa
2112 2420 2269 2466 compel-

404 2489 500 2522 lendi
523 2489 663 2534 plenam
687 2489 921 2522 concedimus
942 2489 1159 2522 facultatem.
1183 2490 1223 2521 ln
1245 2501 1397 2534 quorum
1421 2489 1680 2530 testimonium,
1705 2493 1772 2522 etc.

494 2587 609 2611 Minuta
620 2587 735 2610 chartac.
750 2586 775 2609 in
791 2587 867 2610 Arch.
886 2587 962 2610 Univ.
980 2587 1074 2616 Paris.9
1090 2587 1164 2610 theon
1182 2587 1201 2612 Ι,
1218 2588 1267 2610 ΑΛ.
1280 2595 1345 2611 a.—
1361 2587 1436 2615 Bm„
1452 2587 1481 2615 V,
1498 2587 1553 2609 421.

495 2671 518 2696 1.
534 2672 618 2702 Supra
635 2672 664 2695 T.
679 2672 718 2700 T.,
735 2671 752 2694 i.
767 2679 788 2694 e.
805 2681 818 2692 α
835 2671 899 2694 talcs
916 2681 938 2701 »‚
953 2671 1117 2694 interlineas
1131 2670 1250 2694 additum
1263 2674 1319 2693 cst:
1338 2679 1348 2693 «
1368 2671 1540 2694 reverendum
1560 2670 1587 2693 in
1608 2670 1712 2694 Christo
1730 2674 1832 2702 patrem
1845 2670 1992 2693 Johunnem
2005 2668 2097 2701 [Boiri]
2114 2668 2267 2700 episcopum

403 2716 568 2743 Meldcnsem,
583 2724 655 2738 sari-c
670 2716 801 2747 theologie
815 2717 1002 2747 professorem,
1017 2719 1042 2739 et
1056 2725 1126 2747 mag.
1143 2716 1278 2739 Nicolaum
1292 2716 1323 2739 de
1336 2716 1492 2747 Quoquerel,
1507 2724 1576 2747 mag.
1593 2715 1619 2738 in
1631 2715 1733 2738 artibus
1748 2719 1773 2738 ct
1786 2715 1812 2738 in
1826 2715 1896 2738 dictu
1912 2714 2044 2745 theologia
2058 2713 2245 2736 bucculnrium.
2256 2721 2268 2735 »

524 2924 563 2946 69.
