2502 3418
262 326 358 363 1448]
605 340 652 361 ΑΒ
687 340 792 362 ΑΝΝο
827 330 1115 362 Mcc'chxxxlv
1144 339 1276 368 USQUE
1311 340 1359 361 An
1394 340 1531 361 ANNUM
1566 340 1772 362 mccccmi.
2054 332 2118 364 685

258 413 489 447 facultatibus
515 426 580 447 seu
607 414 855 447 Universitati.
884 414 1021 447 Placuit
1045 414 1203 447 facultati
1230 426 1293 458 pro
1317 414 1527 458 provisione
1556 414 1716 459 ipsorum
1742 415 1837 458 quod
1865 415 1974 448 bursa
1999 423 2120 448 currat

259 487 413 525 quatuor
429 481 630 514 solidorum
653 493 722 526 que
744 493 859 526 nuper
880 481 1060 522 currebat,
1079 488 1113 514 et
1134 481 1230 526 quod
1253 487 1419 525 receptor
1439 482 1582 513 futurus
1603 487 1742 513 mutuet
1763 482 1962 525 pecuniam.
1982 482 2119 515 Placuit

258 548 364 581 etiam
391 548 488 592 quod
513 548 556 581 ab
585 547 767 581 officiariis
795 548 1051 581 Universitatis
1077 547 1137 581 fiat
1161 547 1308 592 aliquod
1339 554 1514 588 mutuum,
1541 554 1576 580 et
1604 548 1719 580 visum
1753 554 1808 580 est
1834 548 1989 581 facultati
2021 550 2116 593 quod

258 615 345 648 dicti
365 615 436 648 duo
462 615 637 648 nominati
659 614 880 656 sufficerent,
903 621 938 648 et
962 615 1005 647 ad
1031 615 1113 660 plus
1138 622 1212 648 tres
1233 614 1290 648 vel
1312 621 1478 659 quatuor,
1501 614 1546 647 de
1574 614 1737 659 qualibet
1761 615 1927 647 facultate
1953 627 2060 656 unus,
2085 623 2119 648 et

257 681 334 715 vult
361 682 458 726 quod
485 682 656 715 recedant
683 682 754 714 duo
781 682 897 726 primo
924 682 1036 726 parati
1062 682 1180 715 statim
1208 681 1305 727 quod
1331 682 1500 714 dominus
1530 681 1721 714 Remeusis
1742 682 1883 714 venerit
1908 682 1951 714 ad
1979 676 2122 726 regem.v

256 748 474 781 Placuerunt
493 748 652 781 facultati
674 749 947 788 instructiones,
971 749 1036 782 sed
1054 761 1125 781 non
1148 749 1282 794 placuit
1302 748 1399 793 quod
1416 748 1476 781 fiat
1494 760 1605 793 super
1626 748 1856 781 licentiandis
1877 748 2023 793 aliquod
2040 761 2117 781 mu-

257 821 356 848 tuum
437 816 480 848 Et
500 814 642 848 tandem
724 815 951 849 Universitas
973 815 1154 848 conclusit
1173 816 1286 860 ipsam
1308 815 1559 848 ambassiatam
1580 815 1658 847 sore
1679 815 1716 847 in
1737 821 1906 860 promptu
1927 815 2118 860 expedien-

256 882 348 915 dam.
373 883 416 915 Et
436 882 668 915 concorditer
688 882 862 915 nominati
887 883 1035 915 fuerunt
1055 895 1120 927 pro
1149 882 1333 928 theologia
1359 894 1452 927 mag.
1476 882 1573 915 Guil.
1602 882 1756 923 Bouille,
1782 894 1847 927 pro
1870 882 2027 915 decretis
2049 894 2117 927 ego

255 951 384 982 Petrus
406 950 584 995 Maugier,
611 961 676 996 pro
700 950 879 982 medicina
905 961 998 995 mag.
1027 949 1125 983 Guil.
1149 950 1193 982 de
1219 950 1380 991 Camera,
1404 962 1468 994 pro
1499 949 1637 982 artibus
1665 961 1758 994 mag.
1781 949 1861 982 Joh.
1886 951 2052 982 Boucart.
2077 950 2120 982 Et

254 1016 468 1061 placuerunt
488 1016 768 1058 Instructiones‚
790 1023 825 1049 et
841 1016 939 1061 quod
960 1016 1046 1049 dicti
1068 1023 1221 1061 quatuor
1237 1016 1529 1058 ambassiatores,
1552 1017 1629 1049 sive
1649 1023 1724 1049 tres
1746 1016 1923 1061 ipsorum,
1946 1016 2022 1049 sive
2044 1016 2115 1048 duo

252 1083 297 1116 de
318 1083 510 1116 altioribus
530 1083 763 1116 facultatibus
779 1084 851 1128 jam
874 1083 1048 1116 nominati
1070 1084 1183 1128 parati
1204 1084 1277 1117 sint
1292 1090 1327 1116 et
1342 1083 1496 1116 habeant
1513 1083 1656 1128 plenam
1673 1090 1887 1128 potestatem
1908 1083 2115 1128 complendi

251 1157 420 1184 contenta
441 1162 587 1183 suarum
609 1150 908 1184 Instructionum.

344 1249 451 1273 Memor.
469 1250 518 1273 sac.
537 1249 642 1279 decret„
657 1250 677 1279 1,
692 1250 737 1274 fol.
751 1250 806 1273 256.
817 1262 847 1268 —
862 1249 1038 1280 Ambassiata,
1052 1250 1084 1273 de
1099 1257 1151 1281 qua
1163 1249 1241 1281 etiam
1256 1249 1283 1272 in
1296 1251 1422 1279 Auctar„
1439 1249 1471 1278 11,
1485 1258 1511 1280 p.
1528 1250 1582 1279 748,
1596 1250 1634 1278 25,
1651 1250 1683 1272 ad
1697 1249 1788 1274 Octob.
1808 1250 1845 1279 28,
1860 1248 2013 1273 mittebatur
2028 1258 2041 1270 ιι
2062 1257 2112 1280 pro

250 1294 345 1318 unione
355 1294 429 1326 pacis
443 1294 553 1318 ecclesie
567 1305 590 1318 u.

249 1408 393 1445 2639.
416 1417 560 1444 Iohannes
585 1418 620 1444 de
642 1418 755 1452 Medon,
780 1418 935 1444 monachus
965 1419 1064 1444 Sancti
1092 1418 1211 1453 Bertini,
1243 1419 1273 1444 Ο.
1307 1420 1334 1444 S.
1359 1419 1401 1450 B.‚
1425 1417 1531 1444 electus
1558 1417 1651 1443 abbas
1674 1427 1692 1443 a
1714 1421 1846 1443 conventu
1877 1417 2053 1450 monaster-ii,
2076 1426 2109 1442 ac

340 1467 506 1493 Guillelmus
522 1467 667 1502 Fillastre,
685 1468 836 1504 episcopus
853 1467 1035 1501 Verdnnens.,
1050 1467 1176 1503 ejusdem
1193 1467 1360 1493 monasterii
1375 1467 1467 1493 abbas
1484 1467 1744 1493 commendatarius
1763 1476 1781 1492 a
1797 1466 1915 1492 Nicolao
1934 1468 2012 1494 Van.
2030 1467 2107 1500 1447,

339 1516 436 1543 Octob.
451 1517 494 1550 13,
512 1517 686 1547 nominatus„
703 1516 738 1542 de
754 1516 876 1542 abbatia
895 1516 1061 1551 litigabant.
1079 1517 1162 1542 Prior
1177 1516 1214 1542 ab
1235 1516 1423 1542 Universitate
1443 1516 1556 1542 litteras
1573 1516 1825 1542 commendaticias
1841 1515 1881 1541 ad
1897 1525 2005 1551 papam
2024 1519 2050 1541 et
2071 1515 2111 1540 ad

335 1565 563 1592 ambassiatores
578 1565 661 1591 ducis
676 1565 863 1600 Burgundiae
877 1566 992 1602 recepit,
1009 1566 1083 1592 alter
1095 1575 1114 1592 a
1130 1566 1200 1592 duce
1213 1566 1399 1600 Bar-gandia&
1413 1569 1440 1591 et
1453 1574 1472 1591 a
1484 1574 1567 1601 papa
1578 1565 1670 1599 fultus
1685 1565 1835 1591 abbatiam
1849 1565 1979 1591 obtinuit.

1530 1655 1607 1685 1448,
1621 1655 1819 1681 Aulio-Octobr&

339 1745 370 1770 H.
388 1753 422 1769 nn
438 1745 571 1775 LAPLANE‚
589 1745 638 1770 Les
651 1745 729 1770 abbefs
741 1746 774 1769 de
788 1744 987 1769 Saint-Bertin
998 1745 1088 1774 (1854),
1104 1745 1123 1774 Ι,
1137 1752 1162 1775 p.
1177 1745 1222 1767 390
1238 1752 1278 1775 sq.
1294 1745 1422 1772 Auctar.,
1434 1744 1465 1773 11,
1480 1752 1506 1775 p.
1522 1744 1574 1772 743,
1594 1744 1624 1766 2ss
1637 1745 1662 1766 et
1677 1746 1729 1766 not.
1746 1743 1767 1765 3.

250 1907 395 1945 2640.
419 1919 451 1943 In
465 1916 606 1952 colloquio
625 1917 721 1943 Octob.
739 1918 752 1943 1
770 1917 894 1942 Parisiis
911 1917 1043 1942 inchoato
1064 1916 1291 1942 ambassiatores
1309 1915 1390 1941 dacis
1410 1914 1595 1949 Burgandiae
1615 1914 1748 1949 querelas
1769 1914 1849 1939 ducis
1866 1913 2104 1949 praesentabant,

340 1967 414 1993 inter
429 1975 501 2002 quas
517 1977 530 1991 «
545 1967 595 1992 des
609 1966 756 1993 vexations
771 1974 829 2000 que
843 1967 908 1992 font
926 1974 982 1992 aux
999 1964 1113 2000 subgie's
1134 1966 1169 1992 de
1192 1965 1398 1998 monseigneur
1416 1964 1473 1990 duc
1492 1965 1527 1990 dc
1549 1964 1721 1997 Bourgogue
1741 1963 1884 1997 plusieurs
1908 1963 1959 1996 qui
1980 1970 2007 1989 se
2026 1962 2108 1989 dient

337 2016 497 2042 estudiants
512 2023 548 2042 en
564 2014 743 2042 l’Universite
757 2016 793 2042 de
808 2015 885 2041 Paris
899 2015 984 2041 soubs
998 2016 1104 2041 umbre
1118 2015 1154 2041 de
1169 2017 1317 2048 transpors
1332 2014 1509 2040 srauduleux
1525 2023 1549 2038 n.
1568 2012 1696 2038 Novemb.
1715 2013 1749 2038 19
1764 2021 1929 2048 responsum
1946 2016 1996 2044 est,
2016 2023 2029 2035 «
2046 2012 2106 2038 Ad-

337 2063 394 2091 vise
408 2073 424 2091 a
439 2063 497 2091 este
509 2073 567 2099 que
581 2065 608 2091 le
622 2073 674 2098 roy
689 2073 707 2098 y
724 2072 882 2099 pom-verra
896 2073 933 2090 au
949 2065 1016 2091 bien
1030 2064 1065 2091 de
1080 2066 1146 2090 tout
1159 2072 1210 2090 son
1225 2071 1364 2097 royaume
1380 2073 1405 2089 ›>.
1469 2063 1492 2089 A
1507 2062 1583 2088 Paris
1646 2062 1672 2088 le
1686 2062 1733 2087 xix
1741 2062 1810 2095 j0ur
1825 2062 1861 2088 de
1876 2061 2035 2087 Novembre
2050 2061 2106 2086 l'au

337 2114 464 2141 MCCCC
473 2114 592 2141 XLVIII.
608 2115 639 2140 E.
656 2114 829 2140 Cimviimim.
847 2114 872 2140 J.
889 2114 975 2140 Gnos.

1311 2148 1382 2178 1448,
1400 2147 1483 2174 Octob.
1502 2147 1640 2173 l-Moremb.
1657 2148 1692 2176 79,
1708 2147 1821 2172 Parisiis.

342 2238 411 2262 Bibl.
425 2242 478 2262 nat.
491 2238 585 2268 Puris„
598 2239 664 2263 Coll.
676 2239 707 2262 de
717 2240 895 2269 Bouryoyne,
912 2241 929 2261 t.
941 2239 978 2267 95,
989 2246 1015 2269 p.
1028 2237 1097 2261 1056.
1109 2237 1165 2261 Vid.
1178 2237 1211 2260 ad
1222 2237 1285 2260 haec
1297 2244 1330 2260 nn
1341 2237 1514 2264 Bmucouwr,
1527 2236 1598 2260 Hist.
1611 2237 1644 2259 de
1657 2236 1771 2260 Char-tes
1789 2234 1850 2263 VII,
1863 2238 1880 2258 t.
1894 2235 1934 2263 lv,
1948 2243 1973 2265 p.
1987 2235 2031 2257 375
2048 2242 2106 2266 sqq.

249 2406 374 2444 2641
386 2436 394 2444 .
418 2416 552 2451 Magistri
568 2419 696 2450 regentes
710 2415 864 2450 facultatis
879 2415 1039 2442 medicinae
1055 2424 1103 2441 an.
1121 2416 1246 2441 1448-49.

246 2479 250 2483 .
1485 2457 1558 2486 1448,
1572 2455 1694 2484 Moremb„
1710 2455 1823 2482 Parisiis.

338 2513 548 2558 Sequuntur
568 2512 713 2545 nomina
735 2512 938 2557 regentium
962 2512 1068 2545 istius
1090 2512 1173 2544 anni
1197 2523 1204 2543 t

335 2611 468 2644 Magister
481 2611 620 2638 Henricus
635 2611 789 2637 Thibout'.
1176 2614 1180 2626 ¹
1280 2609 1411 2642 Magister
1424 2609 1597 2635 Guillelmus
1612 2608 1647 2634 de
1662 2608 1791 2633 Camera,

388 2677 422 2679 —
477 2661 624 2687 Johannes
637 2661 809 2694 Lengrenas.
1333 2673 1365 2677 —
1422 2658 1566 2684 Dionisius
1581 2657 1708 2690 Nugues.

479 2709 620 2735 Robertus
636 2709 764 2735 Poteviu.
1423 2707 1523 2733 Petrus
1537 2707 1635 2733 Pilate.

1421 2756 1567 2782 Johannes
1582 2756 1677 2781 Viiszt.

1420 2805 1564 2831 Gerardus
1578 2805 1680 2837 'surgis
1689 2804 1709 2829 ‘-’.

1420 2854 1581 2880 Ludovicus
1595 2853 1719 2886 Toupin.

1418 2903 1565 2929 Johannes
1577 2902 1726 2928 Johannis.
1837 2901 1858 2936 [1
1866 2901 1891 2935 Δ]

476 2758 620 2784 Johannes
635 2758 753 2785 Tisaine.

478 2808 579 2833 Petrus
593 2808 628 2833 de
643 2807 804 2833 Chasciaco.

477 2857 678 2889 Inguerandus
693 2857 728 2882 de
744 2857 867 2882 Pal-enti.

477 2905 652 2931 Guiuelmus
666 2906 702 2932 de
715 2906 804 2939 Algia.

387 2724 423 2924 11111

1330 2723 1366 2922 11111
