2502 3418
284 321 380 357 1452]
632 333 678 355 AB
713 333 818 356 imno
853 332 1139 356 MCCCLxxxxw
1173 332 1305 361 osona
1340 334 1384 355 AD
1422 334 1562 356 ANNUM
1597 335 1801 358 mccccmi.
2082 327 2146 361 713

282 458 426 496 2690.
504 462 731 494 ΒΕΕΟΒΜΑΤΙΟ
757 462 1031 494 UNIVERSITATIS
1057 461 1278 492 PARISIENSIS
1305 471 1407 492 FACTA
1432 472 1497 493 PER
1522 472 1742 494 cAnntNALEM
1768 474 1929 495 Li-:GATUM

898 532 1138 565 GUILLELMUM
1165 542 1206 563 DE
1234 532 1531 564 Esrouwvmw.

370 630 573 657 Reformandae
597 631 794 657 Universitatis
818 630 1014 657 necessitatem
1038 630 1163 665 ejusdem
1190 630 1320 656 doctores
1345 629 1458 664 saepius
1484 630 1517 655 ab
1543 638 1586 656 an.
1610 631 1677 656 1434
1700 633 1886 665 agnoverunt,
1914 634 1942 657 ut
1964 640 1978 657 e
2003 632 2041 658 nis
2061 634 2145 666 2142,

280 680 358 713 2449,
375 681 454 713 2588,
473 681 553 713 2630,
571 681 651 712 2681,
668 681 737 706 2685
755 680 852 714 liquet,
871 679 972 706 nedum
990 679 1024 706 de
1042 679 1241 706 reformatione
1257 679 1444 714 Collegiorum
1466 679 1522 714 jam
1544 687 1559 705 a
1581 679 1707 713 pluribus
1730 679 1810 705 annis
1834 680 1943 714 incepta
1958 681 2043 707 verba
2064 681 2146 708 facia-

279 738 349 755 mus.
368 729 481 755 Abusus
499 729 610 764 plurimi
631 729 659 755 in
679 729 894 756 Universitatem
913 729 1093 763 irrepserant,
1114 737 1231 763 quorum
1246 728 1340 754 variae
1361 728 1471 754 fuerunt
1493 736 1594 754 causae
1612 737 1617 755 :
1638 728 1699 763 ipsa
1718 729 1912 755 Universitatis
1931 732 2066 763 vetustas,
2088 733 2144 756 tum

279 778 434 805 Schismate
450 778 562 813 vigente
575 778 715 812 etiamque
731 786 763 805 eo
780 778 928 810 exstincto,
944 786 1010 804 cura
1024 786 1115 804 rerum
1131 777 1304 812 publicarum
1322 777 1350 803 in
1365 777 1456 804 locum
1473 777 1607 804 scientiae
1621 778 1677 813 jam
1697 786 1770 804 saec.
1789 787 1832 804 xiv
1850 778 1961 804 fluentis
1980 779 2144 811 substituta3

279 826 349 853 adde
367 826 499 853 continua
521 835 536 853 a
552 826 645 853 medio
666 835 741 853 saec.
761 835 806 853 xiv
819 827 902 860 bella,
921 827 1087 860 divisiones,
1105 826 1279 860 obsidiones,
1301 826 1544 862 depraedationes,
1565 826 1775 861 oppressiones,
1797 827 1990 858 mortalitates,
2008 830 2035 854 et
2054 829 2147 854 onmia

278 875 379 902 damna
397 872 467 902 inde
478 876 634 910 sequentia.
654 876 769 902 Talibus
785 876 866 902 malis
886 876 949 911 quis
968 876 1101 902 resistere
1118 875 1278 910 potuisset?
1298 875 1362 902 Ideo
1384 875 1556 902 Universitas
1573 875 1653 910 quasi
1668 876 1840 909 vacuefacta,
1858 876 1982 911 Collegia
1997 877 2145 903 maximam

278 927 384 960 partem
402 925 559 958 destructa,
578 925 725 960 privilegia
745 925 811 951 olim
833 925 866 952 ad
886 925 1087 960 protegendam
1105 925 1321 951 Universitatem
1342 933 1476 951 concessa
1499 925 1532 951 ab
1553 924 1656 951 exteris
1679 925 1801 960 asperni,
1823 925 1964 952 intestinis
1988 934 2054 952 vero
2077 926 2146 952 nihil

278 974 332 1000 nisi
353 982 429 1001 arma
448 974 482 1000 ad
502 974 689 1009 effugiendam
710 974 837 1009 cujusvis
858 974 970 1009 generis
997 973 1190 1000 auctoritatem
1211 973 1312 1000 idonea
1333 973 1402 1000 ficri.
1429 973 1580 1008 Privilegio
1604 974 1733 1000 cessandi
1759 983 1775 1001 a
1801 974 1979 1001 sermonibus
2000 977 2027 1001 et
2048 975 2147 1001 lectio—

277 1023 371 1056 nibus,
388 1023 473 1058 quod,
490 1023 562 1050 sicut
577 1024 660 1050 etiam
679 1026 905 1050 conservatorem
921 1023 1143 1058 privilegiorum,
1161 1031 1205 1049 an.
1229 1024 1296 1049 1460
1309 1023 1446 1049 vocabant
1463 1033 1476 1046 «
1494 1023 1622 1050 baculum
1638 1023 1814 1049 defensivum
1835 1023 2031 1050 Universitatis
2048 1035 2072 1057 »,
2094 1024 2146 1051 lioc

277 1072 374 1098 ultimo
397 1072 532 1099 decennio
548 1073 629 1107 quasi
645 1073 786 1105 continue,
804 1073 888 1099 inimo
905 1072 949 1098 bis
963 1072 991 1098 in
1007 1080 1079 1099 anno
1095 1080 1144 1107 per
1160 1071 1253 1107 plures
1267 1080 1380 1098 menses
1396 1072 1439 1098 usi
1456 1074 1543 1098 erant.
1557 1072 1705 1107 Magistros
1720 1080 1784 1099 vero
1801 1072 1984 1105 clarissimos,
1998 1073 2082 1099 immo
2096 1081 2146 1100 eos

278 1121 361 1148 etiam
380 1121 426 1156 qui
442 1121 565 1148 nondum
586 1121 713 1148 ultimum
734 1121 850 1157 gradum
872 1121 994 1148 assecuti
1015 1124 1103 1154 erant,
1120 1121 1200 1155 quasi
1217 1123 1350 1156 perpetuo
1368 1123 1519 1155 occupatos
1537 1121 1666 1147 videmus
1687 1121 1715 1147 in
1735 1121 1934 1156 legationibus,
1951 1122 1995 1148 vel
2017 1122 2051 1148 ad
2074 1123 2147 1148 Con-

276 1170 350 1203 cilia,
367 1170 410 1197 vel
431 1170 465 1197 ad
480 1170 622 1206 principes
634 1170 679 1197 vel
695 1170 749 1197 alio
766 1170 880 1197 missos.
899 1170 1004 1205 Nempe
1020 1170 1147 1197 doctrina
1162 1169 1196 1196 ad
1214 1169 1330 1197 alterum
1346 1170 1438 1196 locum
1457 1170 1568 1196 redacta
1584 1172 1651 1200 erat,
1673 1170 1781 1197 cunctis
1798 1181 1811 1194 «
1831 1171 1865 1197 ad
1883 1171 1981 1198 altiora
1997 1183 2022 1204 n,
2045 1174 2071 1198 at
2090 1180 2146 1198 non

276 1219 310 1246 ad
326 1219 495 1246 charismata
510 1219 636 1252 meliora,
654 1220 842 1246 tendentibus.
855 1219 978 1246 Arbitrio
995 1227 1045 1245 suo
1060 1219 1139 1254 quasi
1154 1219 1235 1245 unice
1249 1221 1276 1245 ct
1291 1227 1336 1245 res
1353 1221 1379 1245 et
1395 1219 1502 1245 animos
1517 1219 1687 1246 direxerunt.
1705 1219 1860 1254 Disciplina
1873 1220 1971 1254 laxior,
1986 1220 2147 1247 obedientia

277 1276 343 1304 erga
366 1268 526 1303 superiores
545 1269 646 1302 minor,
663 1271 827 1295 statutorum
844 1271 989 1303 respectus
1007 1268 1127 1301 tenuior,
1148 1269 1220 1294 sicut
1236 1271 1262 1294 et
1280 1268 1420 1302 pontificis
1438 1268 1589 1303 legumque
1605 1268 1858 1295 ecclesiasticarum
1877 1270 2034 1296 reverentia
2054 1269 2146 1296 Schis-

276 1319 348 1343 mate
367 1317 494 1350 durante,
512 1320 594 1352 atque
614 1317 697 1344 etiam
713 1320 775 1352 post
794 1317 930 1350 Schisma,
946 1317 1054 1352 dilapsa
1072 1320 1124 1343 est.
1142 1318 1219 1343 Tune
1237 1317 1371 1343 arbitratu
1392 1325 1443 1343 suo
1464 1317 1637 1351 [Iniversitas
1654 1317 1747 1343 onmia
1762 1318 1876 1352 regebat
1892 1318 2025 1353 legesque
2043 1322 2146 1345 temere

276 1366 447 1401 imponebat,
467 1375 539 1393 nunc
560 1366 671 1402 singula
687 1367 748 1401 ejus
769 1366 903 1399 membra,
921 1367 989 1401 jugo
1006 1366 1120 1401 antiquo
1140 1366 1224 1392 nimis
1242 1366 1320 1401 gravi
1336 1368 1472 1401 reputato,
1490 1366 1569 1392 libita
1590 1366 1643 1392 sibi
1661 1366 1809 1399 faciebant,
1827 1368 1991 1401 praesertim
2012 1376 2074 1394 cum
2090 1376 2145 1394 non

275 1415 361 1442 multa
377 1415 480 1451 scripta
496 1418 598 1442 statuta
613 1418 725 1451 praesto
742 1418 847 1442 essent.
864 1416 958 1450 ltaque
975 1423 1073 1442 omnes
1090 1415 1313 1441 immunitatibus
1329 1417 1356 1441 et
1372 1415 1497 1450 plerique
1514 1415 1648 1441 abusibus
1665 1415 1874 1451 privilegiorum
1892 1416 2031 1443 vivebant.

366 1465 537 1491 Statutorum
553 1464 736 1492 celeberrima
752 1467 830 1491 erant
850 1467 953 1491 statuta
969 1464 1002 1491 ab
1018 1464 1128 1491 Urbano
1145 1465 1166 1490 V
1182 1472 1231 1490 seu
1251 1464 1441 1491 cardinalibus
1461 1463 1585 1490 Joliannc
1604 1466 1631 1490 et
1649 1464 1768 1499 Aegidio
1783 1473 1827 1491 an.
1846 1466 1914 1491 1366
1936 1465 2056 1498 condita,
2075 1474 2145 1500 quae

277 1515 359 1540 etiarn
376 1514 547 1540 Reformatio
561 1514 710 1549 praecipue
726 1513 850 1548 respicit.
866 1514 954 1549 Hujus
970 1513 1188 1540 Reformationis
1202 1521 1250 1539 rex
1264 1513 1389 1546 Carolus,
1405 1516 1434 1540 ut
1449 1521 1547 1539 omncs
1561 1513 1662 1546 sciunt,
1675 1513 1837 1548 principalis
1854 1517 1950 1540 auctor
1965 1514 2026 1541 fuit.
2043 1516 2078 1541 At
2091 1523 2145 1541 non

277 1563 368 1589 solum
388 1571 432 1589 an.
451 1564 529 1596 1452,
546 1565 576 1589 ut
590 1563 726 1590 hactenus
746 1565 905 1595 senserunt,
925 1562 975 1589 sed
993 1563 1049 1597 jam
1071 1570 1114 1589 an.
1135 1563 1201 1589 1448
1220 1562 1294 1589 idem
1312 1562 1346 1589 de
1367 1562 1544 1589 reformanda
1563 1562 1749 1589 Universitate
1770 1563 1903 1597 cogitavit
1919 1563 1984 1597 (vid.
2002 1570 2032 1589 n⁰
2053 1564 2143 1599 2630).

277 1613 315 1638 Ea
331 1614 496 1647 tempestate
514 1621 562 1639 rex
577 1612 709 1639 Franciae
725 1614 755 1638 ut
769 1613 896 1646 superior
916 1612 1113 1638 Universitatis
1130 1611 1360 1638 considerabatur
1374 1611 1442 1646 (vid.
1461 1615 1490 1637 n⁰
1506 1613 1585 1643 2692,
1605 1612 1684 1645 not.).
1702 1611 1791 1638 Etiam
1811 1612 1945 1638 hactenus
1966 1613 2146 1640 erediderunt

276 1669 411 1696 personas
435 1661 506 1688 infra
526 1670 551 1696 p.
575 1663 624 1688 733
645 1661 812 1694 nominatas,
835 1661 854 1687 i.
876 1670 900 1688 e.
925 1661 1062 1696 imprimis
1088 1661 1299 1687 commissarios
1324 1661 1418 1695 regios
1443 1663 1470 1687 et
1494 1660 1688 1687 cancellarium
1716 1661 1815 1694 Paris„
1840 1661 1915 1687 solas
1942 1661 2006 1688 huic
2032 1670 2144 1697 operam
2179 1650 2185 1656 ”

275 1710 404 1743 dedisse;
422 1710 472 1737 sed
487 1710 591 1737 scimus
608 1710 642 1737 ad
656 1710 842 1745 peragendam
862 1710 1098 1736 lteforu'iationem
1113 1718 1127 1736 a
1146 1710 1269 1744 qualibet
1288 1710 1483 1736 Universitatis
1507 1709 1636 1736 facultate
1653 1718 1683 1736 ac
1702 1710 1813 1736 natione
1831 1710 1893 1736 Maii
1912 1712 1942 1737 18
1959 1711 2063 1737 electos
2078 1720 2142 1738 esse

275 1759 434 1794 deputatos,
456 1762 483 1786 et
501 1759 613 1794 quidem
634 1768 667 1786 ex
688 1759 862 1795 injunctione
882 1759 967 1794 regis,
989 1762 1018 1785 ut
1043 1767 1176 1794 expresse
1196 1759 1297 1785 dicitur
1318 1759 1345 1785 in
1367 1760 1501 1785 Auctario
1522 1759 1553 1792 ll,
1573 1768 1598 1794 p.
1619 1760 1680 1792 886,
1701 1760 1742 1791 18,
1762 1760 1791 1785 31
1813 1767 1874 1793 sqq.
1900 1760 1966 1785 Cum
1987 1760 2063 1786 natio
2083 1760 2146 1787 Ale-

275 1808 414 1842 manniae,
431 1809 554 1835 omnium
574 1808 749 1842 tenuissima,
767 1810 885 1843 quatuor
903 1808 1051 1843 deputatos
1073 1808 1189 1843 elegerit
1203 1808 1242 1843 (v.
1261 1808 1350 1841 ibid),
1367 1808 1515 1834 consilium
1534 1808 1727 1842 deputatorum
1746 1808 1830 1834 totius
1846 1808 2041 1835 Universitatis
2064 1809 2144 1835 mini-

274 1866 349 1884 mum
372 1859 405 1884 28
427 1858 560 1884 membris
582 1858 716 1884 constitit.
740 1857 803 1884 Maii
824 1859 857 1883 26
882 1857 1095 1884 reformatorum
1118 1857 1196 1883 labor
1217 1857 1250 1883 ad
1271 1857 1353 1883 finem
1372 1857 1512 1889 tendebat,
1537 1859 1563 1883 et
1584 1857 1757 1883 Universitas
1780 1868 1792 1880 «
1815 1857 1936 1883 dominis
1958 1858 2097 1893 deputatis
2118 1861 2145 1885 et

274 1906 404 1932 omnibus
420 1906 466 1941 qui
485 1915 515 1933 se
537 1906 564 1932 in
581 1906 653 1933 facto
674 1906 883 1933 reformationis
905 1908 1112 1941 occupaverunt
1127 1917 1140 1930 n
1158 1906 1262 1941 gratias
1284 1906 1355 1941 egit3
1373 1906 1460 1932 voluit
1480 1908 1582 1938 tamen,
1600 1906 1672 1932 sicut
1687 1906 1743 1941 jam
1763 1906 1884 1932 Januarii
1901 1907 1930 1932 31
1951 1907 1991 1940 (no
2007 1907 2098 1941 2685),
2115 1910 2144 1933 ut

274 1955 423 1982 cardinalis
444 1955 554 1990 legatus
574 1955 602 1982 in
622 1955 763 1990 aliquibus
784 1955 895 1990 punctis
916 1957 1082 1982 statutorum
1104 1955 1280 1990 antiquorum
1301 1955 1478 1990 dispensaret
1499 1956 1638 1987 (Alternia,
1658 1963 1683 1989 p.
1706 1956 1767 1988 886,
1784 1956 1896 1987 40-887,
1920 1956 1971 1989 13).
1990 1956 2060 1987 Quia
2080 1958 2144 1983 tunc

275 2012 376 2039 corpus
394 2004 612 2031 Reformationis
626 2005 683 2040 jam
697 2005 851 2039 perfectum
863 2007 931 2037 erat,
943 2004 1012 2031 haec
1026 2007 1127 2039 puncta
1140 2004 1299 2031 desiderata
1313 2004 1339 2030 in
1353 2004 1406 2030 fine
1421 2004 1500 2039 quasi
1518 2004 1687 2038 appendices
1701 2004 1883 2038 ponebantur.
1899 2004 1961 2030 Maii
1978 2006 2011 2030 28
2028 2005 2144 2031 Univer-

275 2053 344 2079 sitas
365 2056 534 2089 congregata
554 2065 567 2078 «
590 2054 623 2080 ad
644 2054 810 2080 audiendam
828 2054 1055 2080 reformationem
1077 2054 1176 2080 factam
1198 2062 1246 2088 per
1264 2059 1372 2080 revmum
1393 2053 1468 2079 dom.
1489 2053 1609 2088 legatum
1631 2064 1655 2085 »,
1682 2053 1727 2087 qui
1748 2053 1956 2088 propositiones
1977 2054 2143 2080 commissa-

274 2102 379 2128 riorum
395 2105 422 2129 et
437 2102 633 2129 Universitatis
649 2102 814 2129 sanciendas
831 2105 935 2129 tantum
952 2102 1058 2135 babuit,
1080 2103 1184 2137 gratias
1201 2102 1257 2137 egit
1272 2102 1405 2129 cardinali
1426 2102 1529 2137 legato,
1548 2101 1751 2128 conunissariis
1770 2112 1783 2125 (ι
1798 2102 1955 2136 ceterisque
1972 2102 2101 2128 omnibus
2117 2105 2143 2129 et

274 2150 394 2186 singulis
414 2151 555 2187 magistris
573 2154 600 2178 et
617 2152 790 2185 doctoribus,
807 2151 854 2187 qui
871 2160 901 2178 se
917 2152 945 2178 in
966 2152 1020 2178 ista
1035 2151 1234 2178 reformatione
1251 2153 1458 2186 occupaverunt
1477 2162 1489 2175 υ
1511 2151 1602 2186 (ibid,
1621 2159 1646 2185 p.
1666 2152 1728 2183 887,
1749 2152 1846 2185 19-28).
1868 2150 1929 2177 Non
1945 2159 2054 2184 omnes,
2072 2151 2143 2178 inter

275 2208 345 2234 quos
358 2202 459 2232 rector,
476 2200 675 2227 reformatione
690 2203 802 2236 peracta
817 2201 940 2227 contenti
959 2203 1046 2233 erant,
1064 2203 1093 2227 ut
1109 2203 1222 2235 apparet
1238 2209 1271 2227 ex
1288 2201 1416 2233 Auccar„
1433 2208 1458 2235 p.
1477 2202 1537 2233 889,
1555 2202 1583 2226 11
1607 2208 1668 2234 sqq.

363 2249 437 2276 Haec
452 2249 623 2276 Reformatio
640 2250 667 2276 in
687 2249 767 2276 libris
787 2250 948 2277 facultatum
968 2252 994 2276 et
1012 2250 1154 2276 nationum
1172 2249 1304 2284 inscripta
1320 2250 1371 2275 fuit
1390 2249 1455 2279 (vid.
1474 2249 1546 2275 infra
1566 2249 1593 2274 in
1616 2248 1668 2275 fine
1688 2248 1859 2281 facultatum,
1876 2251 1903 2275 et
1919 2249 1977 2275 Lib.
1994 2251 2141 2283 receptoris

274 2302 333 2325 nat.
350 2298 540 2332 Alamanniae,
556 2299 639 2326 Arch.
657 2301 712 2325 nat.
731 2299 832 2332 Paris,
853 2299 873 2325 11
890 2300 970 2332 2587,
987 2299 1035 2325 sol.
1052 2300 1099 2331 75;
1119 2299 1176 2326 Lib.
1192 2307 1304 2333 procur.
1323 2302 1383 2325 nat.
1400 2298 1509 2331 Gallie,
1527 2298 1575 2324 fol.
1595 2299 1664 2332 156).
1683 2298 1751 2324 Tres
1767 2306 1801 2324 ex
1817 2297 1939 2332 antiquis
1955 2298 2044 2324 msstis
2059 2298 2140 2325 nobis

274 2347 432 2375 conservati
456 2350 529 2381 sunt,
554 2348 707 2374 secundum
731 2357 800 2383 quos
820 2350 924 2374 textum
945 2348 972 2374 in
993 2348 1082 2375 lucem
1104 2348 1281 2383 proferimus.

364 2397 470 2423 Statuta
489 2405 522 2424 ex
541 2397 592 2424 liae
608 2397 816 2424 Reformatione
834 2397 898 2423 data
916 2397 999 2424 etiam
1016 2397 1128 2424 saecuto
1151 2396 1277 2431 sequenti
1299 2396 1361 2431 plus
1382 2396 1509 2422 minusve
1526 2395 1683 2431 viguerunt.
1699 2396 1793 2430 Itaque
1810 2395 1844 2421 ad
1859 2395 1930 2422 hanc
1946 2398 2051 2422 tantum
2068 2398 2138 2422 tem-

274 2448 410 2480 pestatem
426 2454 496 2481 opus
510 2448 636 2472 nostrum
653 2446 803 2473 extendere
820 2454 876 2472 non
895 2446 1110 2481 inopportunum
1127 2446 1296 2481 putavimus

1533 2516 1605 2545 1452,
1621 2516 1690 2542 dunis
1705 2517 1722 2545 1,
1739 2516 1852 2541 Parisiis.

1014 2589 1165 2627 Incipit,
1187 2588 1402 2627 Prologus.

363 2681 591 2715 Guillermus
612 2681 849 2714 miseratione
871 2682 992 2714 divina
1020 2681 1115 2714 tituli
1144 2682 1178 2714 S.
1202 2681 1347 2714 Martini
1375 2681 1411 2712 in
1439 2679 1626 2712 Montibus
1652 2685 1881 2712 sacrosancte
1903 2680 2062 2712 Romane
2084 2692 2141 2713 ec-

273 2748 385 2781 clesie
408 2747 599 2793 presbyter
615 2748 822 2789 cardinalis,
842 2748 886 2781 de
908 2747 1148 2781 Estoutevilla
1168 2747 1369 2792 vulgariter
1389 2753 1632 2791 nuncupatus,
1651 2746 1688 2778 in
1710 2757 1823 2790 regno
1846 2746 1995 2778 Franeie
2018 2746 2140 2792 singu-

273 2814 392 2860 lisque
414 2815 613 2848 Galliarum
636 2815 836 2860 provinciis
857 2815 1069 2859 Apostoliee
1091 2815 1191 2847 sedis
1212 2814 1368 2859 legatus.
1392 2815 1549 2858 Majores
1572 2813 1702 2854 nostri,
1725 2812 1855 2844 summi
1883 2812 1935 2844 illi
1957 2813 2141 2858 priscique

273 2881 498 2927 philosophi,
521 2882 707 2915 maximam
732 2881 886 2915 edendis
908 2881 1260 2926 conscribendisque
1282 2880 1428 2925 legibus
1450 2892 1596 2925 operam
1618 2891 1656 2912 ac
1680 2879 1840 2912 studium
1862 2879 2138 2924 impenderunt2

398 2944 460 2960 ΗΜ
478 2941 575 2964 Chart.
598 2941 677 2965 Univ.
694 2941 790 2965 Paris.
809 2941 850 2964 lV.
1847 2937 1849 2939 ·
1940 2938 1943 2941 ⁴
1985 2940 2015 2961 90
