2502 3418
400 327 466 360 378
979 338 1298 360 CHARTULARIUM
1330 337 1522 360 UNIVERS.
1559 338 1689 360 rmus.
2167 324 2267 364 [1420

401 412 646 445 commender.
678 413 884 457 Pourquoy,
907 419 1031 445 nostre
1057 419 1132 445 tres
1161 412 1314 445 redoute
1341 418 1377 445 et
1402 412 1596 446 souverain
1617 412 1804 457 seignour,
1831 423 1926 445 nous
1950 424 2042 446 vous
2072 413 2266 458 supplions

400 478 487 523 qu’il
506 491 597 512 vous
619 479 731 524 plaise
752 482 770 512 a
791 479 844 512 les
866 479 1030 512 recevoir
1049 479 1312 524 benignement
1337 485 1372 512 et
1398 481 1416 512 a
1437 479 1520 512 eulx
1539 478 1760 512 feablement
1779 479 2057 524 communiquer
2077 490 2143 513 vo's
2169 479 2265 513 bons

400 545 557 590 plaisirs,
587 552 622 579 et
653 558 697 578 en
728 552 831 579 outre
863 546 1050 590 adjouster
1077 546 1137 591 foy
1163 548 1182 579 ἐι
1210 552 1288 578 tout
1317 557 1356 578 ce
1383 545 1471 590 qu'il
1495 557 1586 579 vous
1614 551 1837 590 exposeront
1866 545 1910 578 de
1937 553 2063 579 nostre
2093 547 2263 592 partie....

403 613 562 646 Escrit...

491 710 606 734 Minuta
619 710 735 734 chartac.
749 710 775 733 in
788 710 866 733 Arch.
879 713 932 733 nat.
945 709 1029 737 Paris,
1040 710 1064 732 M
1075 709 1127 738 65¹¹,
1141 713 1170 732 11⁰
1179 710 1209 732 99
1221 709 1294 738 (olim
1306 710 1335 733 Α.
1350 710 1371 732 3.
1384 709 1462 740 eece).
1476 709 1552 738 Bur„
1563 709 1594 739 V,¹
1604 717 1632 740 p.
1645 710 1700 733 3¹23.
1710 709 1837 740 ——Supra
1851 717 1903 732 non
1919 709 1963 741 agi
1973 709 2078 733 videtur
2090 711 2122 734 de
2137 713 2266 734 conventu

401 754 523 778 Trecensi
543 754 604 778 Maii
623 755 661 783 21,
677 755 782 786 quando
802 755 860 778 scil.
885 754 1012 778 Henrieus
1035 754 1053 777 V
1073 762 1118 777 rex
1134 754 1246 785 Angliae
1267 757 1418 783 tractatum,
1438 762 1490 785 quo
1511 762 1623 785 regnum
1646 753 1772 777 Franciae
1791 753 1817 776 in
1837 757 1995 785 potestatem
2014 762 2090 778 suam
2109 755 2189 785 venit,
2204 755 2267 779 sub-

399 798 507 830 scripsit
527 799 656 830 (quamvis
676 802 737 822 tunc
759 799 837 822 etiam
857 799 920 822 illuc
941 798 1147 822 ambassiatores
1167 798 1352 828 mitterentur),
1369 799 1414 822 sed
1435 798 1466 821 de
1486 801 1615 822 conventu
1631 798 1755 822 Trecensi
1776 798 1802 821 in
1818 798 1869 822 fine
1887 798 1975 822 Martii
1989 802 2015 823 et
2030 799 2163 832 principio
2180 800 2265 832 April.

399 843 540 873 celebrato,
559 852 609 875 quo
625 844 656 867 de
675 843 721 867 illo
736 846 849 867 tractatu
867 843 980 866 ineundo
1000 843 1088 866 Trecis
1109 843 1299 866 disserebatur.
1320 842 1404 874 April.
1423 843 1452 866 29
1469 843 1539 866 enim
1558 843 1765 866 ambassiatores
1782 843 1854 874 regis
1869 843 1994 868 Franciae
2012 852 2060 875 per
2079 853 2150 876 mag.
2165 844 2226 869 Joh.
2241 845 2267 870 le

399 888 472 911 Clerc
488 888 513 911 in
529 896 632 911 camera
645 888 803 919 parlamenti
817 896 905 911 coram
918 887 1012 910 comite
1025 888 1051 912 S.
1067 887 1151 916 Pauli,
1165 890 1266 910 rectore
1282 890 1307 910 et
1322 887 1454 918 deputatis
1468 887 1655 911 Universitatis
1671 887 1755 911 Paris.
1770 890 1796 911 et
1810 896 1907 919 magna
1921 888 2091 913 multitudine
2103 889 2266 913 consiliario-

398 940 456 955 rum
472 935 497 955 et
519 932 615 955 civium
637 932 720 955 Puris.
743 935 933 955 enarraverunt
954 939 1020 963 quae
1042 932 1111 954 circa
1130 931 1179 954 hoc
1201 931 1335 962 negotium
1354 934 1416 963 post
1437 931 1579 955 adventum
1598 931 1673 955 ducis
1695 931 1813 963 Philippi
1833 932 2002 964 Burgundiae
2021 933 2048 956 in
2063 933 2127 957 villa
2142 934 2266 958 Trecensi

399 976 495 1006 (Martii
510 977 548 1006 21)
564 977 632 999 sacta
648 976 753 1005 suerint,
768 986 781 998 α
793 984 824 999 en
839 976 953 1007 laquelle
970 976 1032 999 ville
1045 976 1069 999 le
1083 984 1131 1007 roy
1143 975 1215 999 avoit
1230 976 1325 999 mande
1340 979 1365 999 et
1383 975 1430 999 fait
1445 974 1592 999 assembler
1606 975 1741 1007 plusieurs
1758 976 1866 1005 barons,
1883 976 1986 1006 nobles,
1999 978 2098 1009 prelas,
2112 978 2265 1002 conseillers

397 1025 423 1044 et
435 1021 534 1044 aultres
549 1029 693 1052 personnes
709 1020 837 1050 notables,
853 1029 1013 1052 procureurs
1029 1028 1062 1043 ou
1080 1020 1286 1044 ambassadeurs
1302 1020 1347 1044 des
1360 1022 1559 1044 communautes
1575 1024 1600 1044 et
1614 1020 1713 1044 bonnes
1731 1021 1807 1044 villes
1823 1021 1855 1045 de
1870 1029 1917 1045 son
1933 1030 2058 1053 royaume
2071 1030 2092 1046 ι.
2109 1023 2138 1046 In
2153 1031 2266 1054 quorum

397 1065 547 1097 praesentia
562 1064 658 1096 (pergit
673 1065 707 1088 Le
729 1065 811 1094 Clerc)
828 1065 880 1088 dux
895 1065 1064 1096 Burgundiae
1085 1073 1133 1096 per
1155 1073 1231 1088 suum
1251 1065 1438 1088 cancellarium
1454 1065 1609 1096 episcopum
1631 1066 1791 1090 Tornacens.
1812 1066 1941 1097 exposuit,
1958 1066 2021 1098 quid
2041 1067 2265 1091 consentientibus

397 1109 555 1133 consiliariis
567 1109 637 1140 regis
651 1109 763 1140 aliisque
774 1109 900 1133 hactenus
915 1109 1005 1133 fecerit
1015 1112 1041 1133 et
1055 1109 1210 1133 tractaverit
1225 1117 1284 1132 cum
1297 1117 1359 1140 rege
1374 1109 1484 1141 Angliae
1498 1110 1531 1133 ad
1547 1118 1639 1141 pacem
1651 1113 1676 1133 et
1691 1110 1844 1134 societatem
1859 1111 1972 1134 duorum
1984 1119 2127 1143 regnorum
2138 1112 2266 1136 Franciae

397 1158 421 1177 et
439 1154 548 1185 Angliae
570 1153 706 1182 ineundas,
722 1157 751 1177 ut
771 1154 848 1177 malis
865 1154 960 1177 suturis
981 1154 1142 1178 obviaretur.
1163 1154 1237 1177 Hunc
1257 1157 1409 1184 tractatum,
1426 1154 1499 1183 dixit,
1518 1154 1575 1186 regi
1591 1155 1732 1186 proposuit
1747 1158 1775 1178 ut
1795 1155 1818 1178 is
1837 1156 2008 1187 approbaret.
2028 1156 2082 1180 Hac
2101 1156 2266 1188 expositione

397 1198 469 1221 finita
486 1198 532 1227 (nit
547 1199 580 1222 Le
600 1198 692 1230 Clerc),
710 1206 763 1225 rex,
779 1199 879 1229 regina,
899 1199 1011 1222 barones
1027 1199 1125 1230 aliique
1140 1202 1202 1222 tunc
1218 1198 1307 1222 Trecis
1327 1199 1482 1230 congregati
1500 1202 1699 1230 consenserunt,
1717 1203 1745 1223 ut
1764 1200 1876 1231 quilibet
1891 1200 2059 1224 subditorum
2074 1205 2144 1225 esset
2161 1202 2264 1226 solutus

397 1243 522 1266 fidelitate
537 1242 665 1274 praestita
680 1250 744 1274 erga
759 1242 842 1266 filium
858 1243 1001 1273 (Carolum)
1016 1243 1098 1274 regis,
1113 1252 1124 1266 a
1141 1243 1185 1274 qui
1200 1251 1228 1266 se
1243 1243 1282 1266 dit
1296 1243 1414 1275 dauphin
1428 1251 1440 1266 1)
1457 1243 1533 1275 eique
1548 1243 1730 1272 adhaerentes,
1747 1244 1983 1277 approbaruntque
2001 1248 2128 1277 tanquam
2143 1254 2262 1270 necessa-

396 1287 463 1310 rium
479 1290 619 1310 tractatum
635 1287 709 1310 ducis
723 1295 782 1310 cum
797 1295 859 1318 rege
870 1288 988 1319 Angliae‚
1003 1288 1134 1319 adjunctis
1147 1288 1306 1319 quibusdam
1319 1288 1559 1312 modificationibus
1567 1289 1586 1317 ὅ,
1601 1288 1635 1312 ad
1645 1296 1711 1320 quas
1726 1297 1772 1312 rex
1785 1289 1896 1321 Angliae
1911 1289 1991 1313 etiam
2003 1290 2163 1314 consentiret
2176 1290 2263 1320 (Arch.

396 1335 458 1360 nat.⁷
476 1332 522 1355 Χῖ·
537 1332 606 1361 1480,
623 1332 668 1355 fol.
685 1331 814 1360 213b-214;
831 1331 970 1361 Faunum,
986 1332 1059 1357 Hisz.
1078 1334 1111 1356 de
1127 1333 1155 1356 la
1170 1332 1235 1356 ville
1250 1334 1282 1357 de
1298 1333 1392 1362 Paris,
1409 1333 1451 1362 lv,
1466 1341 1493 1364 p.
1510 1334 1555 1356 582
1573 1335 1635 1365 sq.).
1652 1333 1714 1357 Maii
1729 1334 1759 1357 20
1775 1342 1820 1357 rex
1836 1334 1947 1366 Angliae
1964 1335 2061 1358 Trecas
2076 1335 2186 1359 intravit
2199 1334 2263 1365 (vid.

394 1377 523 1406 Auctar.‚
540 1376 573 1405 11,
588 1385 615 1407 p.
632 1377 686 1405 273,
702 1379 755 1399 not.
780 1377 813 1406 1).
830 1376 973 1408 Philippus
993 1377 1046 1400 dux
1069 1377 1240 1408 Burgundiae
1260 1377 1382 1402 Decemb.
1404 1378 1418 1400 2
1439 1377 1562 1401 Atrebate
1582 1381 1607 1401 et
1625 1378 1747 1402 Decemh.
1771 1379 1800 1402 25
1823 1386 1865 1402 an.
1882 1379 1943 1402 1419
1965 1379 2104 1411 Rotomagi
2125 1387 2185 1403 cum
2199 1387 2262 1411 rege

395 1421 504 1452 Angliae
523 1421 554 1444 de
574 1421 653 1444 rebus
671 1421 704 1444 ab
722 1421 781 1452 ipso
802 1424 895 1452 postea
909 1421 936 1444 in
954 1425 1084 1445 conventu
1103 1422 1227 1445 Trecensi
1241 1421 1388 1453 propositis
1407 1425 1570 1446 tractaverat
1588 1422 1651 1452 (vid.
1670 1422 1843 1451 ΒεΑυοουιιτ,
1861 1423 1932 1448 Hist.
1949 1425 1983 1448 de
2001 1424 2115 1449 Gharles
2131 1423 2192 1452 VII.
2205 1427 2225 1448 t.
2239 1425 2260 1453 1,

395 1474 421 1496 p.
436 1466 503 1494 323);
515 1465 652 1488 Februarii
666 1466 727 1488 1420
742 1465 841 1488 curiam
859 1466 1030 1497 parlamenti,
1042 1474 1146 1498 semper
1160 1466 1345 1498 praesentibus
1358 1470 1459 1490 rectore
1471 1470 1496 1490 et
1509 1467 1642 1498 deputatis
1657 1467 1855 1497 ninives-sitatis,
1866 1468 1898 1491 de
1910 1468 1951 1491 his
1966 1468 2158 1492 informaverat
2172 1469 2260 1499 (Aren.

394 1513 459 1539 nat„
475 1510 529 1538 X¹⁸,
546 1510 615 1539 1480,
632 1510 676 1534 fol.
693 1511 758 1540 205).

486 1595 510 1618 1.
527 1594 577 1618 Seu
600 1594 727 1617 Thomam
742 1594 871 1624 Monachi,
896 1595 986 1626 presb.
1001 1595 1137 1619 Constant.
1160 1596 1253 1624 dioec„
1274 1596 1319 1628 qui
1340 1604 1382 1620 nn.
1400 1597 1470 1626 1419,
1491 1596 1557 1620 Nov.
1574 1597 1611 1626 15,
1628 1596 1714 1620 adhuc
1730 1586 1763 1620 'ut
1783 1596 1856 1621 hacc.
1871 1598 2000 1621 formatus
2014 1597 2041 1621 in
2055 1597 2136 1621 theol.
2152 1597 2263 1622 affertur

394 1639 497 1670 (Suppl.
518 1639 594 1663 Mart.
608 1639 636 1667 V,
654 1640 748 1668 n0130‚
766 1640 811 1663 fol.
825 1640 874 1671 76).
890 1640 948 1664 Vid.
965 1640 997 1663 de
1011 1640 1058 1664 illo
1076 1649 1157 1672 supra
1172 1649 1200 1672 p.
1217 1641 1270 1670 107,
1286 1644 1340 1665 not.
1354 1642 1376 1665 3.
1392 1655 1423 1659 -
1436 1640 1460 1666 2.
1477 1641 1506 1664 Id
1522 1642 1637 1665 refertur
1652 1641 1685 1665 ad
1699 1641 1847 1665 Johannem
1862 1642 2002 1666 Manchon.
2019 1656 2050 1660 —
2066 1642 2092 1668 3.
2109 1643 2160 1667 Seu
2176 1651 2188 1667 α
2201 1643 2262 1668 Pul-

395 1683 537 1715 chripatris
552 1692 573 1707 ».
590 1684 648 1708 Vid.
664 1684 695 1707 de
708 1684 753 1707 illo
766 1693 792 1716 p.
810 1685 848 1714 89,
865 1688 918 1708 not.
935 1685 973 1708 15.
986 1699 1013 1702 —
1028 1684 1054 1710 4.
1071 1685 1168 1716 Utique
1179 1686 1228 1709 hoc
1242 1686 1324 1717 April.
1340 1687 1354 1708 9
1367 1686 1462 1710 evenit.
1479 1686 1518 1710 Cs.
1535 1687 1639 1714 erzn,
1654 1686 1786 1715 Foedera,
1803 1687 1845 1716 IV,
1862 1690 1938 1719 parte
1949 1688 1984 1716 3·,
1999 1696 2027 1719 p.
2041 1688 2095 1712 164.

394 1864 539 1902 2156.
562 1875 717 1900 Licentiati
732 1875 760 1901 in
775 1875 919 1909 facultate
932 1875 1120 1903 decretorum.

1534 1929 1608 1959 1420,
1625 1930 1805 1962 Martio-April.
1820 1930 1845 1960 3,
1860 1930 1974 1956 Parisiis.

484 2015 670 2058 Inceptum
692 2015 759 2047 suit
780 2027 928 2048 examen
949 2015 1101 2049 licencie
1123 2028 1216 2049 anno
1234 2017 1379 2049 Domini
1400 2017 1595 2050 millesimo
1612 2017 1773 2051 CCCC¹¹¹⁰
1783 2018 1896 2060 X1X⁰,
1914 2018 1951 2050 in
1972 2029 2098 2051 mense
2119 2017 2257 2050 Marcii.

396 2080 567 2125 Sequitur
592 2081 681 2114 ordo
707 2081 993 2115 bachalariorum
1021 2083 1263 2116 admissorum
1292 2083 1336 2116 ad
1366 2083 1554 2117 licenciam
1580 2096 1674 2117 anno
1699 2084 1878 2130 predicto,
1903 2084 1983 2119 Joh.
2006 2084 2159 2118 Guarini
2185 2083 2259 2117 exi-

394 2153 510 2180 stente
532 2147 668 2180 decano
687 2159 694 2180 τ

481 2245 628 2272 Johannes
643 2246 808 2277 Chevroti‘,
1108 2249 1162 2274 sub
1176 2249 1298 2276 domino
1339 2250 1473 2277 Johanne
1488 2250 1632 2285 Vipardi2.

483 2295 581 2321 Frater
595 2295 777 2322 Theobaldus
792 2296 908 2326 Olearii,

482 2343 580 2370 Frater
596 2343 697 2370 Simon
711 2345 845 2375 Chesnel‚

482 2392 629 2419 Johannes
643 2393 764 2423 Amicii,

481 2441 612 2467 Nicolaus
628 2442 715 2472 Paris,

482 2490 580 2516 Frater
595 2490 661 2516 Joh.
676 2491 819 2524 Reynerii.

483 2538 615 2565 Clemens
630 2539 733 2569 Amici,

483 2587 628 2614 Johannes
643 2589 764 2618 Perrini,

481 2636 627 2662 ,lohannes
643 2637 737 2667 Blasii,

482 2684 628 2711 Johannes
643 2686 788 2716 Courtini,

482 2734 579 2759 Frater
595 2735 695 2761 Petrus
711 2735 959 2766 Guilhehaudelii,

482 2782 654 2808 Laurentius
669 2784 704 2810 de
717 2784 836 2814 Busco⁴,

483 2830 629 2857 {lubertus
643 2832 678 2858 de
694 2833 834 2863 Prenode‚

481 2879 627 2906 Johannes
642 2880 826 2912 Columbelli‚

515 2928 554 2950 48.

1339 2299 1404 2325 Joh.
1420 2300 1455 2326 de
1470 2300 1611 2335 Crepone.

1339 2348 1404 2375 Joh.
1422 2349 1544 2376 Guarin.

1338 2398 1441 2425 abbate
1457 2398 1483 2425 S.
1499 2398 1624 2433 Crispini
1641 2398 1836 2425 suessionem.

1338 2446 1434 2479 priore
1448 2447 1484 2473 de
1499 2446 1666 2473 Pontibus³.

1338 2495 1442 2522 abbate
1458 2496 1484 2522 S.
1501 2496 1627 2530 Crispini
1645 2495 1839 2522 Suessionens.

1338 2544 1404 2571 Joh.
1421 2545 1542 2571 Guarin.

1338 2593 1403 2619 Joh.
1421 2594 1456 2620 de
1471 2593 1614 2627 Crepone.

1337 2642 1441 2668 abbate
1457 2642 1484 2669 S.
1501 2642 1627 2675 Crispini
1642 2642 1837 2668 Suessionens.

1337 2692 1403 2718 Joh.
1421 2691 1549 2726 Vipardi.

1337 2741 1433 2775 priore
1447 2741 1483 2767 de
1499 2741 1649 2767 Pontibus.

1337 2790 1403 2817 Joh.
1417 2790 1453 2817 de
1468 2790 1610 2823 Crepone.

1337 2839 1402 2866 Joh.
1420 2839 1548 2873 Vipardi.

1337 2887 1403 2914 Joh.
1421 2887 1542 2914 Guarin.
1813 2886 1868 2918 [ιά]

1183 2363 1222 2905 ΙΙΙΙΙΙΙΙίΙΙΙ

2487 819 2502 854 .ἶὲ

2491 858 2494 859 ⁷
2498 855 2502 863 f

2496 871 2502 880 f.

2486 960 2488 963 ⁵
2498 973 2502 982 Ι

2492 998 2502 1013 ’ἡ

2476 1015 2502 1065 εξ
