2502 3418
312 316 408 351 1452]
654 329 700 350 ΑΒ
734 329 839 350 ΑΝΝΟ
875 328 1162 351 MCCCLxxxxw
1199 330 1329 357 USQUE
1365 330 1412 351 AD
1446 331 1585 352 ANNUM
1620 331 1824 354 mccccmi.
2106 325 2171 357 709

395 403 576 445 Quantum
599 403 642 436 ad
664 403 819 447 primum
846 403 1047 448 propositis
1074 415 1138 447 per
1162 404 1339 448 prefatum
1367 404 1553 436 dominum
1581 405 1835 438 cancellarium
1862 407 1973 440 variis
1998 407 2171 441 inconve-

305 470 507 511 nientibus,
529 469 718 511 abusibus,
741 470 975 515 improperiis
997 476 1032 503 et
1058 470 1364 512 deformitatibus,
1387 471 1521 515 quibus
1537 472 1611 515 jam
1638 472 1732 505 dicte
1758 473 1937 506 facultatis
1963 473 2081 507 honor
2106 487 2169 507 seu

295 537 394 570 sama
415 537 573 570 ubilibet
593 537 898 582 quamplurimum
921 537 1150 582 denigratum
1175 544 1247 570 tum
1270 538 1390 582 quoad
1412 538 1613 571 doctrinam
1635 545 1671 571 et
1691 539 1846 572 docendi
1868 541 2014 573 modum
2036 541 2072 573 in
2089 542 2169 575 vico

304 604 494 637 Straminis
523 616 565 637 ex
592 603 754 637 inhercia
785 610 819 637 et
846 604 1079 649 negligencia
1109 604 1387 649 magistrorum3
1418 611 1491 638 tum
1526 605 1645 650 quoad
1678 606 1907 651 disciplinam
1937 608 2109 640 moralem
2137 615 2171 641 et

302 669 481 703 bonorum
508 682 648 703 morum
676 677 711 704 et
736 670 891 703 honeste
916 671 1208 704 conversationis
1234 672 1539 717 compositionem
1565 684 1608 705 ex
1635 673 1883 717 predictorum
1911 674 2167 718 magistrorum

301 737 507 782 perniciosa
533 737 840 779 dissimulatione,
869 738 1175 782 quemadmodum
1202 745 1345 772 constat
1370 739 1414 772 de
1440 739 1770 784 superfluitatibus,
1792 740 2026 782 vanitatibus,
2050 741 2170 774 disso-

300 804 509 837 lucionihus
531 811 564 837 et
587 804 801 838 excessibus
824 805 1031 839 commissis
1053 806 1089 838 in
1111 805 1357 839 celebratione
1379 807 1618 852 quorumdam
1644 807 1833 840 festorum.
1859 809 1903 840 Et
1927 815 2099 853 quantum
2125 809 2168 842 ad

299 871 407 904 istum
430 871 597 905 ultimum
623 872 815 905 articulum
836 873 1043 906 veneranda
1061 873 1157 906 natio
1181 874 1330 907 Francie
1352 880 1490 906 mature
1515 881 1551 907 et
1575 874 1741 907 absolute
1767 874 1962 917 conclusit,
1985 875 2082 920 quod
2106 876 2168 908 de-

299 945 421 972 cetero
443 939 526 972 talia
546 940 638 972 festa
660 939 739 972 fieri
761 951 834 972 non
856 940 1156 984 permitterentur
1177 953 1256 973 cum
1279 941 1399 974 mimis
1421 953 1485 974 seu
1508 941 1763 975 instrumentis
1785 942 1880 983 altis,
1904 954 1984 975 cum
2011 943 2167 988 tappetis

291 1012 334 1039 vet
354 1006 529 1040 brevibus
550 1018 615 1039 seu
633 1006 826 1051 quibusvis
844 1007 1037 1040 dissolutis
1053 1007 1252 1049 habitibus,
1271 1008 1428 1040 animum
1447 1008 1641 1041 scolarium
1659 1009 1947 1042 distrahentibus
1965 1022 1983 1042 a
2000 1011 2164 1055 prosectu

298 1080 334 1107 et
354 1073 616 1107 inducentibus
633 1074 676 1107 ad
696 1073 894 1107 lasciviam.
919 1074 1094 1107 Similiter
1111 1081 1146 1107 et
1166 1075 1234 1107 alie
1256 1075 1423 1108 nationes
1445 1076 1540 1108 idem
1563 1076 1838 1118 concluserunt,
1855 1076 2021 1110 volentes
2038 1078 2166 1110 unani-

297 1141 405 1174 miter
422 1141 519 1186 quod
536 1141 602 1174 hec
623 1141 813 1174 conclusio
835 1141 979 1174 redacta
1000 1141 1069 1174 sub
1087 1141 1210 1187 sigillo
1229 1142 1367 1174 domini
1385 1143 1538 1175 rectoris
1555 1155 1620 1188 per
1636 1155 1747 1176 unum
1764 1144 1822 1177 vel
1839 1144 1932 1177 duos
1950 1156 1993 1177 ex
2008 1144 2164 1178 bedellis

296 1208 340 1241 ad
365 1208 532 1253 singulas
561 1208 690 1241 domos
716 1215 750 1241 et
777 1208 957 1253 Collegia,
980 1209 1016 1241 in
1044 1208 1178 1253 quibus
1207 1215 1377 1242 tenentur
1399 1210 1617 1255 pedagogia,
1640 1210 1684 1243 de
1713 1218 1885 1255 precepto
1915 1211 2001 1244 dicti
2027 1212 2163 1244 domini

295 1275 450 1308 rectoris
470 1282 552 1308 ante
572 1275 743 1308 instantia
763 1276 854 1308 festa
881 1275 1080 1320 diligenter
1106 1276 1370 1309 transmittatur
1396 1277 1660 1321 principalibus
1685 1278 1859 1311 dictarum
1885 1278 2075 1311 domorum
2098 1291 2160 1312 seu

295 1342 546 1388 Collegiorum
568 1343 769 1388 magistris,
792 1342 962 1376 omnibus
989 1343 1067 1376 suis
1091 1343 1297 1376 scolaribus
1322 1344 1360 1376 in
1385 1343 1465 1376 aula
1486 1351 1636 1389 propter
1658 1344 1727 1377 hoc
1752 1345 1795 1378 ad
1819 1345 1964 1390 pulsum
1991 1358 2161 1392 campane

291 1410 430 1444 vocatis
451 1410 488 1443 in
510 1410 702 1455 presencia
724 1410 904 1443 dictorum
927 1410 1156 1443 bedellorum
1179 1422 1244 1456 per
1265 1411 1382 1444 dictos
1404 1411 1627 1456 principales
1648 1412 1845 1457 magistros
1871 1413 2074 1447 districtius
2100 1427 2160 1459 pu-

291 1477 472 1519 blicanda,
491 1490 536 1511 ne
558 1477 626 1511 sub
648 1484 816 1523 pretextu
837 1478 1064 1523 ignorancie,
1083 1485 1166 1520 etc.,
1186 1478 1456 1523 subjungentes
1472 1491 1600 1524 penam
1619 1480 1834 1524 privationis
1851 1480 2108 1525 magistrorum
2126 1488 2161 1514 et

291 1545 548 1578 retardationis
565 1557 715 1578 suorum
731 1545 924 1578 scolarium
941 1557 1254 1590 quorumcumque
1271 1546 1522 1591 pertinacium,
1538 1546 1730 1579 rebellium
1746 1559 1810 1580 seu
1828 1554 2155 1593 transgressorum.

380 1613 560 1656 Quantum
583 1625 669 1646 vero
691 1613 734 1645 ad
756 1612 864 1646 alium
882 1613 1073 1646 articulum
1097 1620 1132 1646 et
1152 1613 1296 1646 totalem
1318 1614 1618 1647 resormacionem
1635 1614 1814 1648 facultatis
1837 1615 2018 1649 conclusit
2038 1617 2154 1658 nacio,

286 1680 387 1725 quod
408 1680 582 1713 darentur
602 1679 783 1713 notabiles
804 1680 978 1725 deputati,
1004 1680 1076 1713 duo
1100 1680 1159 1714 vel
1181 1687 1266 1723 tres,
1290 1681 1351 1726 qui
1371 1693 1451 1714 cum
1478 1681 1625 1714 domino
1651 1689 1807 1724 rectore,
1831 1683 1989 1716 dominis
2015 1684 2156 1717 cancel-

288 1748 390 1781 lariis
412 1754 447 1781 et
467 1747 768 1793 procuratoribus
794 1748 1003 1782 advisarent
1023 1755 1057 1781 ct
1077 1748 1287 1781 invenirent
1311 1748 1458 1781 modum
1479 1749 1613 1794 optime
1636 1750 1924 1792 resormacionis,
1948 1757 1983 1784 et
2003 1751 2034 1784 si
2056 1758 2156 1784 esset

288 1827 381 1860 opus
401 1822 618 1849 vocarentur
644 1815 688 1848 de
715 1815 970 1860 superioribus
995 1815 1228 1848 facultatibus
1254 1816 1297 1848 ad
1322 1816 1603 1858 consulendum,
1626 1823 1661 1849 et
1688 1817 1785 1861 quod
1812 1817 1953 1850 articuli
1980 1818 2064 1851 lecti
2090 1831 2154 1863 per

287 1882 474 1915 dominum
501 1882 756 1915 cancellarium
779 1882 1013 1927 copiarentur
1033 1889 1068 1915 et
1089 1883 1444 1916 communicarentur
1465 1883 1571 1916 dictis
1594 1884 1775 1929 deputatis
1799 1885 1841 1917 ad
1868 1885 2074 1918 addendum
2097 1886 2153 1919 vel

286 1950 579 1990 diminuendum,
601 1956 669 1982 etc.
692 1949 884 1983 Conclusit
904 1956 1083 1995 preterea,
1101 1950 1199 1995 quod
1220 1950 1364 1983 futurus
1387 1957 1507 1983 rector
1521 1952 1663 1995 juraret
1682 1951 1750 1984 ista
1771 1952 1961 1997 proscqui3
1985 1953 2153 1986 similiter

286 2024 321 2050 et
340 2024 567 2062 procurator.
591 2018 634 2050 Et
654 2017 700 2050 ita
722 2017 899 2050 conclusi.
1577 2020 1607 2051 J.
1635 2030 1676 2050 m:
1705 2020 1972 2052 MAn'rlGNuco.

378 2116 454 2139 Arch.
471 2116 592 2140 Univers.
610 2115 704 2145 Paris„
721 2116 780 2140 Lib.
794 2122 911 2147 procur.
927 2120 987 2140 nat.
1004 2116 1114 2145 Gallie„
1128 2116 1172 2139 sol.
1190 2116 1248 2139 tlsstb
1260 2125 1300 2147 sq.
1314 2130 1344 2134 —
1358 2116 1433 2143 Bu..
1448 2117 1476 2145 Y,
1493 2118 1547 2140 560.
1560 2130 1586 2134 —
1602 2117 1637 2140 De
1653 2117 1701 2140 hoc
1721 2117 1799 2140 etiam
1816 2117 1841 2140 in
1862 2120 1990 2147 Auccar„
2006 2119 2038 2147 11,
2052 2128 2079 2150 p.
2095 2120 2149 2148 867,

284 2160 313 2183 36
329 2168 387 2192 sqq.

376 2245 400 2270 1.
417 2245 559 2274 Robertum
575 2245 693 2269 Ciboule.

284 2367 428 2405 2682.
451 2377 607 2404 Licentiati
620 2378 648 2403 in
663 2377 808 2412 facultate
824 2377 996 2412 theologiae.

1486 2421 1560 2451 1452,
1575 2422 1692 2448 ‹lanuarii
1704 2423 1729 2451 4,
1745 2422 1859 2448 Parisiis.

372 2509 444 2542 Mag.
461 2509 526 2535 Joh.
544 2509 699 2539 Monnetv,
717 2517 821 2536 canon.
839 2510 924 2536 Paris.
1318 2510 1392 2535 Frat.
1408 2510 1525 2544 Egidius
1538 2511 1663 2543 Dumy‘l
1681 2511 1762 2537 Pred.

388 2573 421 2577 —
458 2558 524 2584 Joh.
540 2559 658 2585 Lullier.
1317 2559 1388 2592 Mag.
1407 2559 1573 2585 Anthonius
1587 2559 1733 2592 Gignier7.

386 2620 421 2623 ——
458 2606 584 2632 Thomas
598 2606 756 2633 Trousselss.
1316 2608 1390 2634 Frat.
1406 2609 1623 2641 Ingucrrendus
1639 2609 1787 2642 Synarffl&
1807 2610 1888 2636 l'rcd.

387 2669 420 2674 --
458 2655 577 2688 Egidius
592 2656 711 2690 Marye³.
1316 2658 1388 2690 Mag.
1406 2658 1471 2683 Joh.
1490 2658 1595 2683 Militis.

369 2704 445 2730 Frat.
460 2704 526 2730 Joh.
542 2705 582 2730 Ex
597 2705 694 2736 Curia,
713 2706 793 2732 Pred.
1334 2721 1366 2724 —
1403 2707 1467 2732 Joh.
1486 2707 1521 2733 de
1537 2708 1756 2741 Fauconneyoss,
1771 2708 1903 2735 Cluniae.

369 2753 442 2786 Mag.
460 2754 627 2780 Anthonius
640 2754 737 2788 Ursy·⁴.
1332 2771 1365 2774 -
1403 2756 1623 2782 Clarambaldus
1636 2757 1779 2790 Chalopin
1791 2757 1822 2787 ¹⁰,
1839 2758 1969 2784 Cluniae.

369 2802 444 2828 Frat.
460 2803 526 2828 Joh.
543 2803 579 2830 de
593 2804 696 2834 Nuce³‚
714 2805 837 2831 Carmel.
1314 2805 1389 2830 Frat.
1404 2805 1470 2831 Joh.
1488 2806 1712 2832 Bartholomci¹'
1730 2806 1773 2841 [Ο.
1793 2807 1884 2841 Μίιι.].
1996 2807 2050 2843 [14]

372 2890 441 2915 Bibl.
458 2894 511 2914 nat.
528 2891 623 2922 Puris.,
639 2900 686 2915 ms.
703 2892 749 2916 lut.
766 2894 846 2923 56570‚
863 2894 907 2917 sol.
924 2895 948 2923 9,
962 2902 974 2916 c
990 2902 1041 2925 quo
1057 2895 1139 2922 56572,
1157 2894 1201 2916 sol.
1219 2893 1269 2917 2lb.
