<?xml version="1.0" encoding="UTF-8"?>
<!DOCTYPE html PUBLIC "-//W3C//DTD XHTML 1.0 Transitional//EN"
    "http://www.w3.org/TR/xhtml1/DTD/xhtml1-transitional.dtd">
<html xmlns="http://www.w3.org/1999/xhtml" xml:lang="en" lang="en">
 <head>
  <title>
</title>
<meta http-equiv="Content-Type" content="text/html;charset=utf-8" />
  <meta name='ocr-system' content='tesseract 3.04.00' />
  <meta name='ocr-capabilities' content='ocr_page ocr_carea ocr_par ocr_line ocrx_word'/>
</head>
<body>
  <div class='ocr_page' id='page_1' title='image "./chartulariumuniv04univuoft_0438.png"; bbox 0 0 2502 3418; ppageno 0'>
   <div class='ocr_carea' id='block_1_1' title="bbox 369 328 2231 369">
    <p class='ocr_par' dir='ltr' id='par_1_1' title="bbox 369 328 2231 369">
     <span class='ocr_line' id='line_1_1' title="bbox 369 328 2231 369; baseline -0.002 -3"><span class='ocrx_word' id='word_1_1' title='bbox 369 337 432 369; x_wconf 74' lang='lat'>:394</span> <span class='ocrx_word' id='word_1_2' title='bbox 950 345 1267 367; x_wconf 65' lang='lat' dir='ltr'>cnmz&#39;rcLAan</span> <span class='ocrx_word' id='word_1_3' title='bbox 1303 343 1492 365; x_wconf 70' lang='lat' dir='ltr'>univssns.</span> <span class='ocrx_word' id='word_1_4' title='bbox 1530 343 1658 364; x_wconf 69' lang='lat' dir='ltr'>rAnls.</span> <span class='ocrx_word' id='word_1_5' title='bbox 2134 328 2231 364; x_wconf 75' lang='lat'>[1421</span> 
     </span>
    </p>
   </div>
   <div class='ocr_carea' id='block_1_2' title="bbox 462 414 2232 452">
    <p class='ocr_par' dir='ltr' id='par_1_2' title="bbox 462 414 2232 452">
     <span class='ocr_line' id='line_1_2' title="bbox 462 414 2232 452; baseline -0.003 -8"><span class='ocrx_word' id='word_1_6' title='bbox 462 421 486 445; x_wconf 83' lang='grc'>1.</span> <span class='ocrx_word' id='word_1_7' title='bbox 504 422 551 444; x_wconf 88' lang='lat' dir='ltr'>Ms.</span> <span class='ocrx_word' id='word_1_8' title='bbox 569 429 574 443; x_wconf 89' lang='grc'>·.</span> <span class='ocrx_word' id='word_1_9' title='bbox 590 430 600 442; x_wconf 74' lang='grc' dir='ltr'>(ι</span> <span class='ocrx_word' id='word_1_10' title='bbox 619 421 748 452; x_wconf 79' lang='lat' dir='ltr'>Roqueria</span> <span class='ocrx_word' id='word_1_11' title='bbox 763 429 784 443; x_wconf 71' lang='lat' dir='ltr'>n.</span> <span class='ocrx_word' id='word_1_12' title='bbox 802 420 972 451; x_wconf 84' lang='lat' dir='ltr'>Significatur</span> <span class='ocrx_word' id='word_1_13' title='bbox 989 429 999 441; x_wconf 75' lang='grc' dir='ltr'>ι(</span> <span class='ocrx_word' id='word_1_14' title='bbox 1017 419 1118 443; x_wconf 72' lang='lat' dir='ltr'>Rotierc</span> <span class='ocrx_word' id='word_1_15' title='bbox 1133 428 1143 441; x_wconf 79' lang='grc' dir='ltr'>υ</span> <span class='ocrx_word' id='word_1_16' title='bbox 1161 419 1261 448; x_wconf 68' lang='grc' dir='ltr'>(Ᾱιὼθ).</span> <span class='ocrx_word' id='word_1_17' title='bbox 1276 431 1302 435; x_wconf 88' lang='grc'><strong>-</strong></span> <span class='ocrx_word' id='word_1_18' title='bbox 1316 418 1340 442; x_wconf 87' lang='grc'>2.</span> <span class='ocrx_word' id='word_1_19' title='bbox 1357 418 1407 440; x_wconf 82' lang='lat' dir='ltr'>Seu</span> <span class='ocrx_word' id='word_1_20' title='bbox 1421 425 1431 439; x_wconf 72' lang='lat' dir='ltr'>tt</span> <span class='ocrx_word' id='word_1_21' title='bbox 1449 417 1521 440; x_wconf 78' lang='lat' dir='ltr'>Catel</span> <span class='ocrx_word' id='word_1_22' title='bbox 1538 425 1548 438; x_wconf 72' lang='lat' dir='ltr'>n</span> <span class='ocrx_word' id='word_1_23' title='bbox 1562 426 1593 436; x_wconf 66' lang='grc' dir='ltr'>Ξ</span> <span class='ocrx_word' id='word_1_24' title='bbox 1608 425 1619 438; x_wconf 77' lang='lat'>&lt;⁴</span> <span class='ocrx_word' id='word_1_25' title='bbox 1636 417 1708 448; x_wconf 55' lang='lat' dir='ltr'>(jalel</span> <span class='ocrx_word' id='word_1_26' title='bbox 1721 425 1742 438; x_wconf 71' lang='grc' dir='ltr'>υ.</span> <span class='ocrx_word' id='word_1_27' title='bbox 1757 429 1787 432; x_wconf 93' lang='grc'><strong>-</strong></span> <span class='ocrx_word' id='word_1_28' title='bbox 1802 414 1826 439; x_wconf 83' lang='grc'>3.</span> <span class='ocrx_word' id='word_1_29' title='bbox 1841 416 1891 438; x_wconf 89' lang='lat' dir='ltr'>Seu</span> <span class='ocrx_word' id='word_1_30' title='bbox 1906 424 1917 436; x_wconf 73' lang='grc' dir='ltr'>(ι</span> <span class='ocrx_word' id='word_1_31' title='bbox 1934 415 2022 438; x_wconf 75' lang='lat' dir='ltr'>Adelie</span> <span class='ocrx_word' id='word_1_32' title='bbox 2039 423 2061 437; x_wconf 60' lang='grc' dir='ltr'>ν).</span> <span class='ocrx_word' id='word_1_33' title='bbox 2076 428 2107 432; x_wconf 89' lang='lat'>-—</span> <span class='ocrx_word' id='word_1_34' title='bbox 2121 414 2145 439; x_wconf 64' lang='grc'>4,</span> <span class='ocrx_word' id='word_1_35' title='bbox 2163 415 2210 438; x_wconf 84' lang='lat' dir='ltr'>Ms.</span> <span class='ocrx_word' id='word_1_36' title='bbox 2226 422 2232 437; x_wconf 75' lang='lat'>2</span> 
     </span>
    </p>
   </div>
   <div class='ocr_carea' id='block_1_3' title="bbox 369 464 1090 495">
    <p class='ocr_par' dir='ltr' id='par_1_3' title="bbox 369 464 1090 495">
     <span class='ocr_line' id='line_1_3' title="bbox 369 464 1090 495; baseline -0.001 -7"><span class='ocrx_word' id='word_1_37' title='bbox 369 475 378 487; x_wconf 57' lang='lat' dir='ltr'>-st</span> <span class='ocrx_word' id='word_1_38' title='bbox 396 466 542 488; x_wconf 69' lang='lat' dir='ltr'>⁴Iohannem</span> <span class='ocrx_word' id='word_1_39' title='bbox 556 474 579 489; x_wconf 88' lang='lat'>».</span> <span class='ocrx_word' id='word_1_40' title='bbox 594 466 644 488; x_wconf 81' lang='lat' dir='ltr'>Sed</span> <span class='ocrx_word' id='word_1_41' title='bbox 660 465 713 489; x_wconf 77' lang='lat' dir='ltr'>vid.</span> <span class='ocrx_word' id='word_1_42' title='bbox 730 465 799 488; x_wconf 76' lang='lat' dir='ltr'>intra</span> <span class='ocrx_word' id='word_1_43' title='bbox 816 473 857 488; x_wconf 88' lang='lat' dir='ltr'>an.</span> <span class='ocrx_word' id='word_1_44' title='bbox 875 466 943 491; x_wconf 65' lang='lat'>1427,</span> <span class='ocrx_word' id='word_1_45' title='bbox 957 464 1090 495; x_wconf 78' lang='lat' dir='ltr'><strong>Septemb.</strong></span> 
     </span>
    </p>
   </div>
   <div class='ocr_carea' id='block_1_4' title="bbox 370 633 2235 677">
    <p class='ocr_par' dir='ltr' id='par_1_4' title="bbox 370 633 2235 677">
     <span class='ocr_line' id='line_1_4' title="bbox 370 633 2235 677; baseline -0.005 -8"><span class='ocrx_word' id='word_1_46' title='bbox 370 633 515 669; x_wconf 83' lang='grc'><strong><em>2177.</em></strong></span> <span class='ocrx_word' id='word_1_47' title='bbox 540 643 631 668; x_wconf 75' lang='lat' dir='ltr'>Novus</span> <span class='ocrx_word' id='word_1_48' title='bbox 651 641 836 677; x_wconf 74' lang='lat' dir='ltr'>praepositus</span> <span class='ocrx_word' id='word_1_49' title='bbox 857 641 963 673; x_wconf 73' lang='lat' dir='ltr'>Paris.,</span> <span class='ocrx_word' id='word_1_50' title='bbox 983 642 1086 666; x_wconf 72' lang='lat' dir='ltr'>Petrus</span> <span class='ocrx_word' id='word_1_51' title='bbox 1108 640 1143 665; x_wconf 75' lang='lat' dir='ltr'>dc</span> <span class='ocrx_word' id='word_1_52' title='bbox 1166 639 1305 673; x_wconf 61' lang='lat' dir='ltr'>Blarigny,</span> <span class='ocrx_word' id='word_1_53' title='bbox 1323 639 1406 672; x_wconf 74' lang='lat' dir='ltr'>jurae</span> <span class='ocrx_word' id='word_1_54' title='bbox 1427 633 1522 663; x_wconf 67' lang='lat' dir='ltr'>corizm</span> <span class='ocrx_word' id='word_1_55' title='bbox 1550 636 1738 662; x_wconf 75' lang='lat' dir='ltr'>Universitate</span> <span class='ocrx_word' id='word_1_56' title='bbox 1754 637 1922 671; x_wconf 81' lang='lat' dir='ltr'>juramenta</span> <span class='ocrx_word' id='word_1_57' title='bbox 1942 635 2049 661; x_wconf 75' lang='lat' dir='ltr'>noviter·</span> <span class='ocrx_word' id='word_1_58' title='bbox 2068 638 2200 661; x_wconf 76' lang='lat' dir='ltr'>extracta</span> <span class='ocrx_word' id='word_1_59' title='bbox 2221 643 2235 660; x_wconf 84' lang='lat' dir='ltr'>e</span> 
     </span>
    </p>
   </div>
   <div class='ocr_carea' id='block_1_5' title="bbox 456 685 1621 727">
    <p class='ocr_par' dir='ltr' id='par_1_5' title="bbox 456 685 1621 727">
     <span class='ocr_line' id='line_1_5' title="bbox 456 685 1621 727; baseline -0.005 -11"><span class='ocrx_word' id='word_1_60' title='bbox 456 691 614 727; x_wconf 70' lang='lat' dir='ltr'>privilegiis</span> <span class='ocrx_word' id='word_1_61' title='bbox 634 690 831 716; x_wconf 70' lang='lat' dir='ltr'>Universitalis</span> <span class='ocrx_word' id='word_1_62' title='bbox 844 699 898 726; x_wconf 81' lang='lat' dir='ltr'>per</span> <span class='ocrx_word' id='word_1_63' title='bbox 907 693 1123 725; x_wconf 80' lang='lat' dir='ltr'>procuratorem</span> <span class='ocrx_word' id='word_1_64' title='bbox 1140 692 1199 714; x_wconf 81' lang='lat' dir='ltr'>nat.</span> <span class='ocrx_word' id='word_1_65' title='bbox 1221 687 1320 713; x_wconf 75' lang='lat' dir='ltr'>Gallie.</span> <span class='ocrx_word' id='word_1_66' title='bbox 1337 688 1451 713; x_wconf 80' lang='lat' dir='ltr'>Petrum</span> <span class='ocrx_word' id='word_1_67' title='bbox 1469 685 1621 720; x_wconf 79' lang='lat' dir='ltr'>Maugerii.</span> 
     </span>
    </p>
   </div>
   <div class='ocr_carea' id='block_1_6' title="bbox 463 773 1948 845">
    <p class='ocr_par' dir='ltr' id='par_1_6' title="bbox 463 773 1948 845">
     <span class='ocr_line' id='line_1_6' title="bbox 1619 773 1948 804; baseline -0.006 -4"><span class='ocrx_word' id='word_1_68' title='bbox 1619 774 1686 804; x_wconf 81' lang='grc'><strong><em>1421,</em></strong></span> <span class='ocrx_word' id='word_1_69' title='bbox 1701 774 1761 800; x_wconf 73' lang='lat' dir='ltr'>Maii</span> <span class='ocrx_word' id='word_1_70' title='bbox 1774 775 1818 803; x_wconf 82' lang='lat'>30,</span> <span class='ocrx_word' id='word_1_71' title='bbox 1834 773 1948 799; x_wconf 73' lang='lat' dir='ltr'>Parisiis.</span> 
     </span>
     <span class='ocr_line' id='line_1_7' title="bbox 463 813 1012 845; baseline -0.007 -6"><span class='ocrx_word' id='word_1_72' title='bbox 463 816 537 845; x_wconf 57' lang='lat' dir='ltr'>BUL„</span> <span class='ocrx_word' id='word_1_73' title='bbox 552 815 580 842; x_wconf 84' lang='lat' dir='ltr'>V,</span> <span class='ocrx_word' id='word_1_74' title='bbox 597 815 650 840; x_wconf 73' lang='lat'>348,</span> <span class='ocrx_word' id='word_1_75' title='bbox 668 822 680 836; x_wconf 83' lang='lat' dir='ltr'>e</span> <span class='ocrx_word' id='word_1_76' title='bbox 696 814 752 837; x_wconf 87' lang='lat' dir='ltr'><strong>Lib.</strong></span> <span class='ocrx_word' id='word_1_77' title='bbox 764 822 836 844; x_wconf 82' lang='lat' dir='ltr'>proc..</span> <span class='ocrx_word' id='word_1_78' title='bbox 848 817 901 836; x_wconf 81' lang='lat' dir='ltr'>nat.</span> <span class='ocrx_word' id='word_1_79' title='bbox 918 813 1012 837; x_wconf 82' lang='lat' dir='ltr'>Gallie.</span> 
     </span>
    </p>
   </div>
   <div class='ocr_carea' id='block_1_7' title="bbox 370 969 2237 1011">
    <p class='ocr_par' dir='ltr' id='par_1_7' title="bbox 370 969 2237 1011">
     <span class='ocr_line' id='line_1_8' title="bbox 370 969 2237 1011; baseline -0.005 -6"><span class='ocrx_word' id='word_1_80' title='bbox 370 969 514 1006; x_wconf 81' lang='grc'><strong><em>2178.</em></strong></span> <span class='ocrx_word' id='word_1_81' title='bbox 538 978 680 1003; x_wconf 84' lang='lat' dir='ltr'>Mandata</span> <span class='ocrx_word' id='word_1_82' title='bbox 710 976 908 1003; x_wconf 64' lang='lat' dir='ltr'>Universitatis</span> <span class='ocrx_word' id='word_1_83' title='bbox 931 977 1026 1002; x_wconf 83' lang='lat' dir='ltr'>Paris.</span> <span class='ocrx_word' id='word_1_84' title='bbox 1049 984 1100 1011; x_wconf 81' lang='lat' dir='ltr'>pro</span> <span class='ocrx_word' id='word_1_85' title='bbox 1122 975 1184 1001; x_wconf 83' lang='lat' dir='ltr'>suis</span> <span class='ocrx_word' id='word_1_86' title='bbox 1209 974 1313 1009; x_wconf 77' lang='lat' dir='ltr'>legatis</span> <span class='ocrx_word' id='word_1_87' title='bbox 1336 971 1524 1008; x_wconf 73' lang='lat' dir='ltr'>Itotomdgum</span> <span class='ocrx_word' id='word_1_88' title='bbox 1549 973 1589 998; x_wconf 86' lang='lat' dir='ltr'>ad</span> <span class='ocrx_word' id='word_1_89' title='bbox 1611 973 1763 998; x_wconf 79' lang='lat' dir='ltr'>Henricum</span> <span class='ocrx_word' id='word_1_90' title='bbox 1786 981 1878 1007; x_wconf 75' lang='lat' dir='ltr'>regem</span> <span class='ocrx_word' id='word_1_91' title='bbox 1906 972 2070 1006; x_wconf 81' lang='lat' dir='ltr'>Anglorum,</span> <span class='ocrx_word' id='word_1_92' title='bbox 2095 975 2237 1006; x_wconf 77' lang='lat' dir='ltr'>regentem</span> 
     </span>
    </p>
   </div>
   <div class='ocr_carea' id='block_1_8' title="bbox 460 1024 1952 1087">
    <p class='ocr_par' dir='ltr' id='par_1_8' title="bbox 460 1024 1952 1087">
     <span class='ocr_line' id='line_1_9' title="bbox 460 1024 1261 1061; baseline -0.005 -8"><span class='ocrx_word' id='word_1_93' title='bbox 460 1028 618 1061; x_wconf 67' lang='lat' dir='ltr'>Franciam,</span> <span class='ocrx_word' id='word_1_94' title='bbox 637 1026 742 1052; x_wconf 80' lang='lat' dir='ltr'>missis.</span> <span class='ocrx_word' id='word_1_95' title='bbox 758 1027 798 1051; x_wconf 89' lang='lat' dir='ltr'>De</span> <span class='ocrx_word' id='word_1_96' title='bbox 813 1026 951 1060; x_wconf 78' lang='lat' dir='ltr'>magistro</span> <span class='ocrx_word' id='word_1_97' title='bbox 968 1025 1084 1059; x_wconf 80' lang='lat' dir='ltr'><em>linguae</em></span> <span class='ocrx_word' id='word_1_98' title='bbox 1098 1024 1261 1050; x_wconf 81' lang='lat' dir='ltr'><strong><em>hebraicae.</em></strong></span> 
     </span>
     <span class='ocr_line' id='line_1_10' title="bbox 1656 1058 1952 1087; baseline 0 -4"><span class='ocrx_word' id='word_1_99' title='bbox 1656 1058 1725 1087; x_wconf 78' lang='lat'>7421,</span> <span class='ocrx_word' id='word_1_100' title='bbox 1741 1059 1822 1087; x_wconf 72' lang='lat' dir='ltr'>dunin,</span> <span class='ocrx_word' id='word_1_101' title='bbox 1838 1058 1952 1084; x_wconf 73' lang='lat' dir='ltr'>Parisiis.</span> 
     </span>
    </p>
   </div>
   <div class='ocr_carea' id='block_1_9' title="bbox 368 1144 2240 2871">
    <p class='ocr_par' dir='ltr' id='par_1_9' title="bbox 368 1144 2239 1598">
     <span class='ocr_line' id='line_1_11' title="bbox 459 1144 2238 1194; baseline -0.004 -10"><span class='ocrx_word' id='word_1_102' title='bbox 459 1153 637 1185; x_wconf 75' lang='lat' dir='ltr'>Secuntur</span> <span class='ocrx_word' id='word_1_103' title='bbox 657 1150 917 1183; x_wconf 78' lang='lat' dir='ltr'>instructiones</span> <span class='ocrx_word' id='word_1_104' title='bbox 939 1161 1028 1194; x_wconf 88' lang='lat' dir='ltr'>quas</span> <span class='ocrx_word' id='word_1_105' title='bbox 1050 1149 1213 1193; x_wconf 74' lang='lat' dir='ltr'>magistri</span> <span class='ocrx_word' id='word_1_106' title='bbox 1234 1148 1418 1181; x_wconf 87' lang='lat' dir='ltr'>Johannes</span> <span class='ocrx_word' id='word_1_107' title='bbox 1446 1146 1602 1187; x_wconf 88' lang='lat' dir='ltr'>Basseti,</span> <span class='ocrx_word' id='word_1_108' title='bbox 1628 1146 1803 1191; x_wconf 85' lang='lat' dir='ltr'>magister</span> <span class='ocrx_word' id='word_1_109' title='bbox 1830 1145 1867 1178; x_wconf 90' lang='lat' dir='ltr'>in</span> <span class='ocrx_word' id='word_1_110' title='bbox 1893 1144 2032 1178; x_wconf 87' lang='lat' dir='ltr'>artibus</span> <span class='ocrx_word' id='word_1_111' title='bbox 2061 1151 2095 1178; x_wconf 90' lang='lat' dir='ltr'>et</span> <span class='ocrx_word' id='word_1_112' title='bbox 2125 1144 2238 1178; x_wconf 90' lang='lat' dir='ltr'>licen-</span> 
     </span>
     <span class='ocr_line' id='line_1_12' title="bbox 368 1212 2237 1262; baseline -0.004 -10"><span class='ocrx_word' id='word_1_113' title='bbox 368 1220 474 1252; x_wconf 85' lang='lat' dir='ltr'>tiatus</span> <span class='ocrx_word' id='word_1_114' title='bbox 495 1219 531 1251; x_wconf 91' lang='lat' dir='ltr'>in</span> <span class='ocrx_word' id='word_1_115' title='bbox 553 1218 722 1259; x_wconf 75' lang='lat' dir='ltr'><strong>decretis,</strong></span> <span class='ocrx_word' id='word_1_116' title='bbox 745 1230 783 1250; x_wconf 89' lang='lat' dir='ltr'>ac</span> <span class='ocrx_word' id='word_1_117' title='bbox 810 1223 997 1262; x_wconf 88' lang='lat' dir='ltr'>promotor</span> <span class='ocrx_word' id='word_1_118' title='bbox 1019 1216 1274 1249; x_wconf 79' lang='lat' dir='ltr'>Universitatis</span> <span class='ocrx_word' id='word_1_119' title='bbox 1305 1214 1541 1253; x_wconf 74' lang='lat' dir='ltr'>Pax-islensis;</span> <span class='ocrx_word' id='word_1_120' title='bbox 1564 1213 1749 1247; x_wconf 88' lang='lat' dir='ltr'>Johannes</span> <span class='ocrx_word' id='word_1_121' title='bbox 1777 1213 1822 1246; x_wconf 91' lang='lat' dir='ltr'>de</span> <span class='ocrx_word' id='word_1_122' title='bbox 1852 1214 1978 1252; x_wconf 82' lang='lat' dir='ltr'>Fonte,</span> <span class='ocrx_word' id='word_1_123' title='bbox 2006 1212 2180 1257; x_wconf 87' lang='lat' dir='ltr'>magister</span> <span class='ocrx_word' id='word_1_124' title='bbox 2200 1212 2237 1244; x_wconf 93' lang='lat' dir='ltr'>in</span> 
     </span>
     <span class='ocr_line' id='line_1_13' title="bbox 370 1278 2239 1327; baseline -0.004 -8"><span class='ocrx_word' id='word_1_125' title='bbox 370 1286 507 1319; x_wconf 87' lang='lat' dir='ltr'>artibus</span> <span class='ocrx_word' id='word_1_126' title='bbox 529 1292 563 1318; x_wconf 91' lang='lat' dir='ltr'>et</span> <span class='ocrx_word' id='word_1_127' title='bbox 588 1284 815 1318; x_wconf 89' lang='lat' dir='ltr'>bachalarius</span> <span class='ocrx_word' id='word_1_128' title='bbox 841 1284 878 1316; x_wconf 86' lang='lat' dir='ltr'>in</span> <span class='ocrx_word' id='word_1_129' title='bbox 899 1283 1070 1323; x_wconf 73' lang='lat' dir='ltr'>decretis,</span> <span class='ocrx_word' id='word_1_130' title='bbox 1099 1283 1254 1315; x_wconf 88' lang='lat' dir='ltr'>ordinati</span> <span class='ocrx_word' id='word_1_131' title='bbox 1281 1282 1323 1315; x_wconf 91' lang='lat' dir='ltr'>ad</span> <span class='ocrx_word' id='word_1_132' title='bbox 1351 1281 1603 1327; x_wconf 88' lang='lat' dir='ltr'>exequendum</span> <span class='ocrx_word' id='word_1_133' title='bbox 1625 1287 1793 1313; x_wconf 89' lang='lat' dir='ltr'>contenta</span> <span class='ocrx_word' id='word_1_134' title='bbox 1814 1280 1851 1312; x_wconf 93' lang='lat' dir='ltr'>in</span> <span class='ocrx_word' id='word_1_135' title='bbox 1871 1280 1988 1324; x_wconf 92' lang='lat' dir='ltr'>primo</span> <span class='ocrx_word' id='word_1_136' title='bbox 2009 1278 2180 1319; x_wconf 79' lang='lat' dir='ltr'>articu103</span> <span class='ocrx_word' id='word_1_137' title='bbox 2204 1285 2239 1311; x_wconf 91' lang='lat' dir='ltr'>et</span> 
     </span>
     <span class='ocr_line' id='line_1_14' title="bbox 370 1345 2238 1397; baseline -0.004 -12"><span class='ocrx_word' id='word_1_138' title='bbox 370 1352 589 1386; x_wconf 90' lang='lat' dir='ltr'>Guillelmus</span> <span class='ocrx_word' id='word_1_139' title='bbox 611 1352 798 1397; x_wconf 71' lang='lat' dir='ltr'>Guignon,</span> <span class='ocrx_word' id='word_1_140' title='bbox 818 1351 992 1395; x_wconf 89' lang='lat' dir='ltr'>magister</span> <span class='ocrx_word' id='word_1_141' title='bbox 1013 1350 1049 1382; x_wconf 92' lang='lat' dir='ltr'>in</span> <span class='ocrx_word' id='word_1_142' title='bbox 1070 1349 1222 1390; x_wconf 82' lang='lat' dir='ltr'>artibus,</span> <span class='ocrx_word' id='word_1_143' title='bbox 1245 1349 1453 1382; x_wconf 79' lang='lat' dir='ltr'>licentiatus</span> <span class='ocrx_word' id='word_1_144' title='bbox 1475 1349 1511 1380; x_wconf 91' lang='lat' dir='ltr'>in</span> <span class='ocrx_word' id='word_1_145' title='bbox 1533 1347 1680 1393; x_wconf 86' lang='lat' dir='ltr'>legibus</span> <span class='ocrx_word' id='word_1_146' title='bbox 1701 1354 1734 1380; x_wconf 90' lang='lat' dir='ltr'>et</span> <span class='ocrx_word' id='word_1_147' title='bbox 1756 1346 1984 1380; x_wconf 84' lang='lat' dir='ltr'>bachalarius</span> <span class='ocrx_word' id='word_1_148' title='bbox 2004 1346 2041 1379; x_wconf 91' lang='lat' dir='ltr'>in</span> <span class='ocrx_word' id='word_1_149' title='bbox 2062 1345 2238 1386; x_wconf 90' lang='lat' dir='ltr'>decretis;</span> 
     </span>
     <span class='ocr_line' id='line_1_15' title="bbox 371 1412 2238 1463; baseline -0.004 -11"><span class='ocrx_word' id='word_1_150' title='bbox 371 1422 497 1453; x_wconf 89' lang='lat' dir='ltr'>Petrus</span> <span class='ocrx_word' id='word_1_151' title='bbox 518 1419 688 1456; x_wconf 74' lang='lat' dir='ltr'>Amioti¹,</span> <span class='ocrx_word' id='word_1_152' title='bbox 711 1419 886 1463; x_wconf 85' lang='lat' dir='ltr'>magister</span> <span class='ocrx_word' id='word_1_153' title='bbox 906 1418 942 1450; x_wconf 95' lang='lat' dir='ltr'>in</span> <span class='ocrx_word' id='word_1_154' title='bbox 964 1417 1102 1450; x_wconf 87' lang='lat' dir='ltr'>artibus</span> <span class='ocrx_word' id='word_1_155' title='bbox 1125 1424 1160 1449; x_wconf 90' lang='lat' dir='ltr'>et</span> <span class='ocrx_word' id='word_1_156' title='bbox 1180 1417 1386 1449; x_wconf 80' lang='lat' dir='ltr'>licentiatus</span> <span class='ocrx_word' id='word_1_157' title='bbox 1407 1416 1443 1448; x_wconf 93' lang='lat' dir='ltr'>in</span> <span class='ocrx_word' id='word_1_158' title='bbox 1460 1416 1544 1460; x_wconf 89' lang='lat' dir='ltr'>jure</span> <span class='ocrx_word' id='word_1_159' title='bbox 1565 1415 1754 1454; x_wconf 83' lang='lat' dir='ltr'>canonico,</span> <span class='ocrx_word' id='word_1_160' title='bbox 1772 1413 2053 1447; x_wconf 74' lang='lat' dir='ltr'>ambassiatores</span> <span class='ocrx_word' id='word_1_161' title='bbox 2075 1412 2238 1458; x_wconf 88' lang='lat' dir='ltr'>ejusdem</span> 
     </span>
     <span class='ocr_line' id='line_1_16' title="bbox 371 1479 2238 1528; baseline -0.004 -8"><span class='ocrx_word' id='word_1_162' title='bbox 371 1487 626 1521; x_wconf 86' lang='lat' dir='ltr'>Universitatis</span> <span class='ocrx_word' id='word_1_163' title='bbox 656 1486 700 1519; x_wconf 88' lang='lat' dir='ltr'>ad</span> <span class='ocrx_word' id='word_1_164' title='bbox 733 1485 1009 1518; x_wconf 87' lang='lat' dir='ltr'>serenissimum</span> <span class='ocrx_word' id='word_1_165' title='bbox 1042 1496 1080 1517; x_wconf 93' lang='lat' dir='ltr'>ac</span> <span class='ocrx_word' id='word_1_166' title='bbox 1112 1483 1455 1517; x_wconf 86' lang='lat' dir='ltr'>victoriosissimum</span> <span class='ocrx_word' id='word_1_167' title='bbox 1488 1482 1689 1528; x_wconf 83' lang='lat' dir='ltr'>principem</span> <span class='ocrx_word' id='word_1_168' title='bbox 1719 1482 1906 1514; x_wconf 91' lang='lat' dir='ltr'>dominum</span> <span class='ocrx_word' id='word_1_169' title='bbox 1940 1492 2064 1525; x_wconf 90' lang='lat' dir='ltr'>regem</span> <span class='ocrx_word' id='word_1_170' title='bbox 2091 1479 2238 1525; x_wconf 72' lang='lat' dir='ltr'>Anglie,</span> 
     </span>
     <span class='ocr_line' id='line_1_17' title="bbox 370 1549 1750 1598; baseline -0.004 -11"><span class='ocrx_word' id='word_1_171' title='bbox 370 1554 540 1587; x_wconf 86' lang='lat' dir='ltr'>heredem</span> <span class='ocrx_word' id='word_1_172' title='bbox 558 1560 591 1586; x_wconf 91' lang='lat' dir='ltr'>et</span> <span class='ocrx_word' id='word_1_173' title='bbox 613 1560 801 1598; x_wconf 84' lang='lat' dir='ltr'>regentem</span> <span class='ocrx_word' id='word_1_174' title='bbox 825 1552 928 1597; x_wconf 85' lang='lat' dir='ltr'>regni</span> <span class='ocrx_word' id='word_1_175' title='bbox 950 1552 1114 1593; x_wconf 86' lang='lat' dir='ltr'>Francie,</span> <span class='ocrx_word' id='word_1_176' title='bbox 1132 1551 1316 1591; x_wconf 79' lang='lat' dir='ltr'>destinati,</span> <span class='ocrx_word' id='word_1_177' title='bbox 1335 1550 1531 1584; x_wconf 85' lang='lat' dir='ltr'>observare</span> <span class='ocrx_word' id='word_1_178' title='bbox 1552 1549 1750 1582; x_wconf 82' lang='lat' dir='ltr'>habebunt.</span> 
     </span>
    </p>

    <p class='ocr_par' dir='ltr' id='par_1_10' title="bbox 370 1614 2240 1933">
     <span class='ocr_line' id='line_1_18' title="bbox 459 1614 2240 1665; baseline -0.004 -11"><span class='ocrx_word' id='word_1_179' title='bbox 459 1622 591 1662; x_wconf 89' lang='lat' dir='ltr'>Primo,</span> <span class='ocrx_word' id='word_1_180' title='bbox 617 1632 721 1665; x_wconf 85' lang='lat' dir='ltr'>quam</span> <span class='ocrx_word' id='word_1_181' title='bbox 749 1620 902 1664; x_wconf 90' lang='lat' dir='ltr'>primum</span> <span class='ocrx_word' id='word_1_182' title='bbox 925 1619 1092 1651; x_wconf 81' lang='lat' dir='ltr'>venerint</span> <span class='ocrx_word' id='word_1_183' title='bbox 1120 1618 1401 1663; x_wconf 85' lang='lat' dir='ltr'>Rothomagum,</span> <span class='ocrx_word' id='word_1_184' title='bbox 1423 1616 1677 1650; x_wconf 72' lang='lat' dir='ltr'>convocabunt</span> <span class='ocrx_word' id='word_1_185' title='bbox 1696 1615 1884 1661; x_wconf 90' lang='lat' dir='ltr'>supposita</span> <span class='ocrx_word' id='word_1_186' title='bbox 1906 1614 2183 1648; x_wconf 86' lang='lat' dir='ltr'>Universitatis²</span> <span class='ocrx_word' id='word_1_187' title='bbox 2205 1620 2240 1647; x_wconf 91' lang='lat' dir='ltr'>et</span> 
     </span>
     <span class='ocr_line' id='line_1_19' title="bbox 370 1681 2237 1734; baseline -0.004 -13"><span class='ocrx_word' id='word_1_188' title='bbox 370 1695 552 1734; x_wconf 82' lang='lat' dir='ltr'>exponent</span> <span class='ocrx_word' id='word_1_189' title='bbox 568 1688 621 1720; x_wconf 86' lang='lat' dir='ltr'>eis</span> <span class='ocrx_word' id='word_1_190' title='bbox 638 1698 766 1720; x_wconf 81' lang='lat' dir='ltr'>causas</span> <span class='ocrx_word' id='word_1_191' title='bbox 783 1687 839 1719; x_wconf 92' lang='lat' dir='ltr'>sui</span> <span class='ocrx_word' id='word_1_192' title='bbox 856 1686 1046 1723; x_wconf 67' lang='lat' dir='ltr'>adventus„</span> <span class='ocrx_word' id='word_1_193' title='bbox 1065 1686 1166 1730; x_wconf 89' lang='lat' dir='ltr'>ipsos</span> <span class='ocrx_word' id='word_1_194' title='bbox 1184 1685 1420 1730; x_wconf 86' lang='lat' dir='ltr'>requirendo,</span> <span class='ocrx_word' id='word_1_195' title='bbox 1438 1691 1477 1717; x_wconf 93' lang='lat' dir='ltr'>ut</span> <span class='ocrx_word' id='word_1_196' title='bbox 1497 1690 1661 1730; x_wconf 85' lang='lat' dir='ltr'>prestent</span> <span class='ocrx_word' id='word_1_197' title='bbox 1681 1683 1717 1716; x_wconf 93' lang='lat' dir='ltr'>in</span> <span class='ocrx_word' id='word_1_198' title='bbox 1739 1682 1997 1728; x_wconf 85' lang='lat' dir='ltr'>prosecutione</span> <span class='ocrx_word' id='word_1_199' title='bbox 2015 1681 2237 1727; x_wconf 85' lang='lat' dir='ltr'>tangentium</span> 
     </span>
     <span class='ocr_line' id='line_1_20' title="bbox 371 1748 2237 1795; baseline -0.004 -7"><span class='ocrx_word' id='word_1_200' title='bbox 371 1755 651 1789; x_wconf 87' lang='lat' dir='ltr'>Universitatem</span> <span class='ocrx_word' id='word_1_201' title='bbox 673 1753 866 1787; x_wconf 89' lang='lat' dir='ltr'>consilium</span> <span class='ocrx_word' id='word_1_202' title='bbox 890 1759 924 1785; x_wconf 88' lang='lat' dir='ltr'>et</span> <span class='ocrx_word' id='word_1_203' title='bbox 949 1753 1139 1785; x_wconf 83' lang='lat' dir='ltr'>amicitiam</span> <span class='ocrx_word' id='word_1_204' title='bbox 1163 1759 1198 1785; x_wconf 86' lang='lat' dir='ltr'>et</span> <span class='ocrx_word' id='word_1_205' title='bbox 1223 1753 1412 1785; x_wconf 87' lang='lat' dir='ltr'>decentem</span> <span class='ocrx_word' id='word_1_206' title='bbox 1433 1751 1682 1785; x_wconf 86' lang='lat' dir='ltr'>assistenciam</span> <span class='ocrx_word' id='word_1_207' title='bbox 1711 1762 1776 1795; x_wconf 87' lang='lat' dir='ltr'>pro</span> <span class='ocrx_word' id='word_1_208' title='bbox 1801 1749 1940 1782; x_wconf 84' lang='lat' dir='ltr'>honore</span> <span class='ocrx_word' id='word_1_209' title='bbox 1962 1748 2237 1789; x_wconf 85' lang='lat' dir='ltr'>Universitatis;</span> 
     </span>
     <span class='ocr_line' id='line_1_21' title="bbox 371 1815 2238 1865; baseline -0.004 -10"><span class='ocrx_word' id='word_1_210' title='bbox 371 1830 406 1856; x_wconf 86' lang='lat' dir='ltr'>et</span> <span class='ocrx_word' id='word_1_211' title='bbox 426 1823 469 1855; x_wconf 90' lang='lat' dir='ltr'>de</span> <span class='ocrx_word' id='word_1_212' title='bbox 491 1821 724 1855; x_wconf 91' lang='lat' dir='ltr'>convocando</span> <span class='ocrx_word' id='word_1_213' title='bbox 747 1821 857 1853; x_wconf 87' lang='lat' dir='ltr'>eciam</span> <span class='ocrx_word' id='word_1_214' title='bbox 885 1832 949 1865; x_wconf 85' lang='lat' dir='ltr'>per</span> <span class='ocrx_word' id='word_1_215' title='bbox 969 1821 1213 1864; x_wconf 87' lang='lat' dir='ltr'>juramentum</span> <span class='ocrx_word' id='word_1_216' title='bbox 1243 1819 1430 1864; x_wconf 88' lang='lat' dir='ltr'>supposita</span> <span class='ocrx_word' id='word_1_217' title='bbox 1460 1825 1583 1851; x_wconf 90' lang='lat' dir='ltr'>nostra</span> <span class='ocrx_word' id='word_1_218' title='bbox 1605 1817 1775 1862; x_wconf 88' lang='lat' dir='ltr'>quotiens</span> <span class='ocrx_word' id='word_1_219' title='bbox 1796 1823 2013 1862; x_wconf 88' lang='lat' dir='ltr'>oportunmn</span> <span class='ocrx_word' id='word_1_220' title='bbox 2041 1815 2238 1856; x_wconf 78' lang='lat' dir='ltr'>videbitur,</span> 
     </span>
     <span class='ocr_line' id='line_1_22' title="bbox 371 1887 1433 1933; baseline -0.003 -11"><span class='ocrx_word' id='word_1_221' title='bbox 371 1890 496 1922; x_wconf 85' lang='lat' dir='ltr'>damus</span> <span class='ocrx_word' id='word_1_222' title='bbox 518 1888 692 1933; x_wconf 85' lang='lat' dir='ltr'>predictis</span> <span class='ocrx_word' id='word_1_223' title='bbox 713 1887 1037 1920; x_wconf 88' lang='lat' dir='ltr'>ambassiatoribus</span> <span class='ocrx_word' id='word_1_224' title='bbox 1059 1887 1195 1920; x_wconf 89' lang='lat' dir='ltr'>nostris</span> <span class='ocrx_word' id='word_1_225' title='bbox 1215 1887 1433 1920; x_wconf 82' lang='lat' dir='ltr'>facultatem.</span> 
     </span>
    </p>

    <p class='ocr_par' dir='ltr' id='par_1_11' title="bbox 371 1949 2240 2134">
     <span class='ocr_line' id='line_1_23' title="bbox 460 1949 2240 2000; baseline -0.003 -13"><span class='ocrx_word' id='word_1_226' title='bbox 460 1958 561 1996; x_wconf 88' lang='lat' dir='ltr'>ltem,</span> <span class='ocrx_word' id='word_1_227' title='bbox 583 1967 687 2000; x_wconf 87' lang='lat' dir='ltr'>quam</span> <span class='ocrx_word' id='word_1_228' title='bbox 710 1955 863 1999; x_wconf 89' lang='lat' dir='ltr'>primum</span> <span class='ocrx_word' id='word_1_229' title='bbox 887 1961 1071 1999; x_wconf 69' lang='lat' dir='ltr'>poterunt,</span> <span class='ocrx_word' id='word_1_230' title='bbox 1093 1955 1130 1986; x_wconf 91' lang='lat' dir='ltr'>in</span> <span class='ocrx_word' id='word_1_231' title='bbox 1151 1954 1367 1987; x_wconf 86' lang='lat' dir='ltr'>decentibus</span> <span class='ocrx_word' id='word_1_232' title='bbox 1397 1953 1582 1986; x_wconf 86' lang='lat' dir='ltr'>habitibus</span> <span class='ocrx_word' id='word_1_233' title='bbox 1612 1959 1648 1985; x_wconf 89' lang='lat' dir='ltr'>et</span> <span class='ocrx_word' id='word_1_234' title='bbox 1676 1964 1837 1997; x_wconf 85' lang='lat' dir='ltr'>congrua</span> <span class='ocrx_word' id='word_1_235' title='bbox 1865 1950 2044 1991; x_wconf 81' lang='lat' dir='ltr'>comitiva,</span> <span class='ocrx_word' id='word_1_236' title='bbox 2067 1949 2240 1982; x_wconf 88' lang='lat' dir='ltr'>accedent</span> 
     </span>
     <span class='ocr_line' id='line_1_24' title="bbox 371 2018 2239 2068; baseline -0.004 -12"><span class='ocrx_word' id='word_1_237' title='bbox 371 2024 414 2056; x_wconf 86' lang='lat' dir='ltr'>ad</span> <span class='ocrx_word' id='word_1_238' title='bbox 435 2023 653 2068; x_wconf 82' lang='lat' dir='ltr'>presentiam</span> <span class='ocrx_word' id='word_1_239' title='bbox 676 2022 813 2054; x_wconf 85' lang='lat' dir='ltr'>domini</span> <span class='ocrx_word' id='word_1_240' title='bbox 836 2022 1012 2066; x_wconf 81' lang='lat' dir='ltr'>regentis,</span> <span class='ocrx_word' id='word_1_241' title='bbox 1030 2028 1063 2054; x_wconf 85' lang='lat' dir='ltr'>et</span> <span class='ocrx_word' id='word_1_242' title='bbox 1086 2021 1299 2066; x_wconf 89' lang='lat' dir='ltr'>prestabunt</span> <span class='ocrx_word' id='word_1_243' title='bbox 1320 2021 1390 2053; x_wconf 86' lang='lat' dir='ltr'>sibi</span> <span class='ocrx_word' id='word_1_244' title='bbox 1411 2020 1565 2062; x_wconf 81' lang='lat' dir='ltr'>litteras,</span> <span class='ocrx_word' id='word_1_245' title='bbox 1583 2019 1768 2052; x_wconf 90' lang='lat' dir='ltr'>humiliter</span> <span class='ocrx_word' id='word_1_246' title='bbox 1784 2018 2031 2063; x_wconf 85' lang='lat' dir='ltr'>supplicantes</span> <span class='ocrx_word' id='word_1_247' title='bbox 2052 2029 2117 2062; x_wconf 91' lang='lat' dir='ltr'>pro</span> <span class='ocrx_word' id='word_1_248' title='bbox 2136 2028 2239 2062; x_wconf 85' lang='lat' dir='ltr'>expe—</span> 
     </span>
     <span class='ocr_line' id='line_1_25' title="bbox 371 2089 1387 2134; baseline -0.002 -11"><span class='ocrx_word' id='word_1_249' title='bbox 371 2091 509 2123; x_wconf 91' lang='lat' dir='ltr'>ditione</span> <span class='ocrx_word' id='word_1_250' title='bbox 530 2089 763 2122; x_wconf 88' lang='lat' dir='ltr'>articulorum</span> <span class='ocrx_word' id='word_1_251' title='bbox 787 2101 851 2121; x_wconf 89' lang='lat' dir='ltr'>sue</span> <span class='ocrx_word' id='word_1_252' title='bbox 873 2089 1061 2121; x_wconf 88' lang='lat' dir='ltr'>serenitati</span> <span class='ocrx_word' id='word_1_253' title='bbox 1082 2095 1387 2134; x_wconf 87' lang='lat' dir='ltr'>presentatorum.</span> 
     </span>
    </p>

    <p class='ocr_par' dir='ltr' id='par_1_12' title="bbox 372 2151 2239 2337">
     <span class='ocr_line' id='line_1_26' title="bbox 461 2151 2238 2200; baseline -0.003 -11"><span class='ocrx_word' id='word_1_254' title='bbox 461 2159 562 2198; x_wconf 90' lang='lat' dir='ltr'>Item,</span> <span class='ocrx_word' id='word_1_255' title='bbox 587 2156 725 2189; x_wconf 84' lang='lat' dir='ltr'>similes</span> <span class='ocrx_word' id='word_1_256' title='bbox 754 2156 887 2188; x_wconf 78' lang='lat' dir='ltr'>sacient</span> <span class='ocrx_word' id='word_1_257' title='bbox 916 2155 1126 2200; x_wconf 79' lang='lat' dir='ltr'>diligentias</span> <span class='ocrx_word' id='word_1_258' title='bbox 1156 2156 1250 2200; x_wconf 88' lang='lat' dir='ltr'>apud</span> <span class='ocrx_word' id='word_1_259' title='bbox 1281 2155 1467 2188; x_wconf 90' lang='lat' dir='ltr'>dominum</span> <span class='ocrx_word' id='word_1_260' title='bbox 1489 2154 1744 2188; x_wconf 88' lang='lat' dir='ltr'>cancellarium</span> <span class='ocrx_word' id='word_1_261' title='bbox 1775 2152 2031 2193; x_wconf 77' lang='lat' dir='ltr'>Normannie³,</span> <span class='ocrx_word' id='word_1_262' title='bbox 2052 2151 2238 2184; x_wconf 91' lang='lat' dir='ltr'>dominum</span> 
     </span>
     <span class='ocr_line' id='line_1_27' title="bbox 372 2217 2239 2268; baseline -0.005 -10"><span class='ocrx_word' id='word_1_263' title='bbox 372 2225 599 2258; x_wconf 64' lang='lat' dir='ltr'>Roffensem³</span> <span class='ocrx_word' id='word_1_264' title='bbox 618 2230 653 2256; x_wconf 91' lang='lat' dir='ltr'>et</span> <span class='ocrx_word' id='word_1_265' title='bbox 673 2235 799 2256; x_wconf 86' lang='lat' dir='ltr'>omnes</span> <span class='ocrx_word' id='word_1_266' title='bbox 821 2235 932 2268; x_wconf 86' lang='lat' dir='ltr'>super</span> <span class='ocrx_word' id='word_1_267' title='bbox 953 2223 1009 2255; x_wconf 89' lang='lat' dir='ltr'>his</span> <span class='ocrx_word' id='word_1_268' title='bbox 1031 2223 1261 2264; x_wconf 82' lang='lat' dir='ltr'>commissos,</span> <span class='ocrx_word' id='word_1_269' title='bbox 1281 2229 1314 2255; x_wconf 90' lang='lat' dir='ltr'>ct</span> <span class='ocrx_word' id='word_1_270' title='bbox 1335 2222 1429 2267; x_wconf 90' lang='lat' dir='ltr'>apud</span> <span class='ocrx_word' id='word_1_271' title='bbox 1452 2233 1578 2255; x_wconf 81' lang='lat' dir='ltr'>omncs</span> <span class='ocrx_word' id='word_1_272' title='bbox 1600 2221 1661 2266; x_wconf 89' lang='lat' dir='ltr'>qni</span> <span class='ocrx_word' id='word_1_273' title='bbox 1683 2227 1854 2265; x_wconf 90' lang='lat' dir='ltr'>poterunt</span> <span class='ocrx_word' id='word_1_274' title='bbox 1873 2220 1963 2252; x_wconf 87' lang='lat' dir='ltr'>facta</span> <span class='ocrx_word' id='word_1_275' title='bbox 1987 2217 2239 2252; x_wconf 87' lang='lat' dir='ltr'>Universitatis</span> 
     </span>
     <span class='ocr_line' id='line_1_28' title="bbox 372 2303 597 2337; baseline -0.004 -13"><span class='ocrx_word' id='word_1_276' title='bbox 372 2303 597 2337; x_wconf 88' lang='lat' dir='ltr'>promovere.</span> 
     </span>
    </p>

    <p class='ocr_par' dir='ltr' id='par_1_13' title="bbox 371 2351 2240 2604">
     <span class='ocr_line' id='line_1_29' title="bbox 458 2351 2239 2402; baseline -0.004 -11"><span class='ocrx_word' id='word_1_277' title='bbox 458 2360 559 2399; x_wconf 89' lang='lat' dir='ltr'>Item,</span> <span class='ocrx_word' id='word_1_278' title='bbox 581 2357 843 2402; x_wconf 84' lang='lat' dir='ltr'>qualecumque</span> <span class='ocrx_word' id='word_1_279' title='bbox 866 2369 1081 2402; x_wconf 84' lang='lat' dir='ltr'>responsum</span> <span class='ocrx_word' id='word_1_280' title='bbox 1104 2357 1298 2390; x_wconf 75' lang='lat' dir='ltr'>habuerint</span> <span class='ocrx_word' id='word_1_281' title='bbox 1317 2357 1388 2390; x_wconf 89' lang='lat' dir='ltr'>cito</span> <span class='ocrx_word' id='word_1_282' title='bbox 1410 2355 1632 2395; x_wconf 71' lang='lat' dir='ltr'>rescribent,</span> <span class='ocrx_word' id='word_1_283' title='bbox 1656 2361 1691 2387; x_wconf 88' lang='lat' dir='ltr'>et</span> <span class='ocrx_word' id='word_1_284' title='bbox 1712 2354 1743 2387; x_wconf 88' lang='lat' dir='ltr'>si</span> <span class='ocrx_word' id='word_1_285' title='bbox 1764 2354 1995 2398; x_wconf 85' lang='lat' dir='ltr'>contingeret</span> <span class='ocrx_word' id='word_1_286' title='bbox 2015 2351 2113 2397; x_wconf 90' lang='lat' dir='ltr'>quod</span> <span class='ocrx_word' id='word_1_287' title='bbox 2135 2362 2239 2396; x_wconf 86' lang='lat' dir='ltr'>expe-</span> 
     </span>
     <span class='ocr_line' id='line_1_30' title="bbox 372 2419 2240 2470; baseline -0.004 -11"><span class='ocrx_word' id='word_1_288' title='bbox 372 2427 544 2459; x_wconf 82' lang='lat' dir='ltr'>ditionem</span> <span class='ocrx_word' id='word_1_289' title='bbox 566 2425 769 2470; x_wconf 84' lang='lat' dir='ltr'>aliquornm</span> <span class='ocrx_word' id='word_1_290' title='bbox 791 2424 1026 2456; x_wconf 86' lang='lat' dir='ltr'>articulorum</span> <span class='ocrx_word' id='word_1_291' title='bbox 1049 2436 1261 2458; x_wconf 85' lang='lat' dir='ltr'>concessam</span> <span class='ocrx_word' id='word_1_292' title='bbox 1284 2424 1439 2457; x_wconf 85' lang='lat' dir='ltr'>habeant</span> <span class='ocrx_word' id='word_1_293' title='bbox 1468 2430 1501 2455; x_wconf 86' lang='lat' dir='ltr'>ct</span> <span class='ocrx_word' id='word_1_294' title='bbox 1528 2435 1600 2455; x_wconf 94' lang='lat' dir='ltr'>non</span> <span class='ocrx_word' id='word_1_295' title='bbox 1622 2421 1789 2462; x_wconf 74' lang='lat' dir='ltr'>aliorum,</span> <span class='ocrx_word' id='word_1_296' title='bbox 1811 2420 1869 2454; x_wconf 84' lang='lat' dir='ltr'>vel</span> <span class='ocrx_word' id='word_1_297' title='bbox 1897 2421 2005 2452; x_wconf 88' lang='lat' dir='ltr'>unius</span> <span class='ocrx_word' id='word_1_298' title='bbox 2027 2419 2139 2464; x_wconf 87' lang='lat' dir='ltr'>partis</span> <span class='ocrx_word' id='word_1_299' title='bbox 2159 2419 2240 2452; x_wconf 88' lang='lat' dir='ltr'>arti-</span> 
     </span>
     <span class='ocr_line' id='line_1_31' title="bbox 372 2486 2239 2537; baseline -0.004 -11"><span class='ocrx_word' id='word_1_300' title='bbox 372 2493 443 2526; x_wconf 87' lang='lat' dir='ltr'>culi</span> <span class='ocrx_word' id='word_1_301' title='bbox 469 2500 503 2526; x_wconf 88' lang='lat' dir='ltr'>ct</span> <span class='ocrx_word' id='word_1_302' title='bbox 528 2505 599 2525; x_wconf 92' lang='lat' dir='ltr'>non</span> <span class='ocrx_word' id='word_1_303' title='bbox 620 2492 769 2524; x_wconf 84' lang='lat' dir='ltr'>alterius</span> <span class='ocrx_word' id='word_1_304' title='bbox 797 2492 920 2536; x_wconf 79' lang='lat' dir='ltr'>partiS,</span> <span class='ocrx_word' id='word_1_305' title='bbox 944 2504 988 2524; x_wconf 90' lang='lat' dir='ltr'>ne</span> <span class='ocrx_word' id='word_1_306' title='bbox 1018 2492 1099 2524; x_wconf 86' lang='lat' dir='ltr'>talis</span> <span class='ocrx_word' id='word_1_307' title='bbox 1130 2492 1327 2537; x_wconf 84' lang='lat' dir='ltr'>acceptatio</span> <span class='ocrx_word' id='word_1_308' title='bbox 1348 2491 1406 2524; x_wconf 88' lang='lat' dir='ltr'>vel</span> <span class='ocrx_word' id='word_1_309' title='bbox 1437 2490 1598 2535; x_wconf 85' lang='lat' dir='ltr'>receptio</span> <span class='ocrx_word' id='word_1_310' title='bbox 1629 2488 1871 2534; x_wconf 86' lang='lat' dir='ltr'>prejudicium</span> <span class='ocrx_word' id='word_1_311' title='bbox 1901 2499 2027 2532; x_wconf 86' lang='lat' dir='ltr'>parere</span> <span class='ocrx_word' id='word_1_312' title='bbox 2056 2486 2173 2531; x_wconf 85' lang='lat' dir='ltr'>possit</span> <span class='ocrx_word' id='word_1_313' title='bbox 2202 2486 2239 2519; x_wconf 90' lang='lat' dir='ltr'>in</span> 
     </span>
     <span class='ocr_line' id='line_1_32' title="bbox 371 2554 2103 2604; baseline -0.004 -11"><span class='ocrx_word' id='word_1_314' title='bbox 371 2562 543 2600; x_wconf 83' lang='lat' dir='ltr'>futurum,</span> <span class='ocrx_word' id='word_1_315' title='bbox 566 2559 734 2591; x_wconf 78' lang='lat' dir='ltr'>celeriter</span> <span class='ocrx_word' id='word_1_316' title='bbox 755 2558 971 2600; x_wconf 83' lang='lat' dir='ltr'>rescribent,</span> <span class='ocrx_word' id='word_1_317' title='bbox 995 2566 1033 2591; x_wconf 90' lang='lat' dir='ltr'>ut</span> <span class='ocrx_word' id='word_1_318' title='bbox 1054 2571 1164 2604; x_wconf 87' lang='lat' dir='ltr'>super</span> <span class='ocrx_word' id='word_1_319' title='bbox 1184 2559 1252 2592; x_wconf 91' lang='lat' dir='ltr'>hoc</span> <span class='ocrx_word' id='word_1_320' title='bbox 1276 2558 1501 2592; x_wconf 85' lang='lat' dir='ltr'>Universitas</span> <span class='ocrx_word' id='word_1_321' title='bbox 1522 2569 1621 2590; x_wconf 87' lang='lat' dir='ltr'>suam</span> <span class='ocrx_word' id='word_1_322' title='bbox 1643 2555 1772 2588; x_wconf 88' lang='lat' dir='ltr'>habeat</span> <span class='ocrx_word' id='word_1_323' title='bbox 1791 2554 2103 2588; x_wconf 84' lang='lat' dir='ltr'>deliberationem.</span> 
     </span>
    </p>

    <p class='ocr_par' dir='ltr' id='par_1_14' title="bbox 374 2620 2240 2738">
     <span class='ocr_line' id='line_1_33' title="bbox 462 2620 2240 2671; baseline -0.003 -13"><span class='ocrx_word' id='word_1_324' title='bbox 462 2629 562 2668; x_wconf 88' lang='lat' dir='ltr'>Item,</span> <span class='ocrx_word' id='word_1_325' title='bbox 586 2626 682 2671; x_wconf 91' lang='lat' dir='ltr'>quod</span> <span class='ocrx_word' id='word_1_326' title='bbox 705 2626 831 2671; x_wconf 84' lang='lat' dir='ltr'>prefati</span> <span class='ocrx_word' id='word_1_327' title='bbox 852 2625 1132 2659; x_wconf 87' lang='lat' dir='ltr'>ambassiatores</span> <span class='ocrx_word' id='word_1_328' title='bbox 1155 2626 1273 2659; x_wconf 89' lang='lat' dir='ltr'>taliter</span> <span class='ocrx_word' id='word_1_329' title='bbox 1294 2638 1333 2659; x_wconf 92' lang='lat' dir='ltr'>se</span> <span class='ocrx_word' id='word_1_330' title='bbox 1354 2625 1509 2658; x_wconf 89' lang='lat' dir='ltr'>habeant</span> <span class='ocrx_word' id='word_1_331' title='bbox 1529 2624 1626 2669; x_wconf 91' lang='lat' dir='ltr'>quod</span> <span class='ocrx_word' id='word_1_332' title='bbox 1648 2623 1876 2656; x_wconf 88' lang='lat' dir='ltr'>Universitas</span> <span class='ocrx_word' id='word_1_333' title='bbox 1897 2622 1934 2654; x_wconf 89' lang='lat' dir='ltr'>in</span> <span class='ocrx_word' id='word_1_334' title='bbox 1955 2621 2125 2666; x_wconf 88' lang='lat' dir='ltr'>personis</span> <span class='ocrx_word' id='word_1_335' title='bbox 2145 2620 2240 2666; x_wconf 86' lang='lat' dir='ltr'>ipso—</span> 
     </span>
     <span class='ocr_line' id='line_1_34' title="bbox 374 2692 1591 2738; baseline -0.002 -11"><span class='ocrx_word' id='word_1_336' title='bbox 374 2707 449 2727; x_wconf 89' lang='lat' dir='ltr'>rum</span> <span class='ocrx_word' id='word_1_337' title='bbox 474 2694 516 2726; x_wconf 84' lang='lat' dir='ltr'>de</span> <span class='ocrx_word' id='word_1_338' title='bbox 538 2693 614 2726; x_wconf 84' lang='lat' dir='ltr'>zclo</span> <span class='ocrx_word' id='word_1_339' title='bbox 636 2693 687 2726; x_wconf 87' lang='lat' dir='ltr'>rei</span> <span class='ocrx_word' id='word_1_340' title='bbox 709 2693 855 2738; x_wconf 87' lang='lat' dir='ltr'>publice</span> <span class='ocrx_word' id='word_1_341' title='bbox 877 2700 912 2725; x_wconf 87' lang='lat' dir='ltr'>et</span> <span class='ocrx_word' id='word_1_342' title='bbox 932 2694 1030 2726; x_wconf 88' lang='lat' dir='ltr'>omni</span> <span class='ocrx_word' id='word_1_343' title='bbox 1051 2693 1241 2726; x_wconf 89' lang='lat' dir='ltr'>honestate</span> <span class='ocrx_word' id='word_1_344' title='bbox 1263 2692 1591 2726; x_wconf 87' lang='lat' dir='ltr'>recommendetur.</span> 
     </span>
    </p>

    <p class='ocr_par' dir='ltr' id='par_1_15' title="bbox 374 2754 2239 2871">
     <span class='ocr_line' id='line_1_35' title="bbox 463 2754 2239 2804; baseline -0.003 -12"><span class='ocrx_word' id='word_1_345' title='bbox 463 2762 561 2801; x_wconf 74' lang='lat' dir='ltr'>Item,</span> <span class='ocrx_word' id='word_1_346' title='bbox 585 2772 662 2792; x_wconf 88' lang='lat' dir='ltr'>cnm</span> <span class='ocrx_word' id='word_1_347' title='bbox 692 2772 735 2792; x_wconf 85' lang='lat' dir='ltr'>cx</span> <span class='ocrx_word' id='word_1_348' title='bbox 766 2760 911 2804; x_wconf 89' lang='lat' dir='ltr'>antiqua</span> <span class='ocrx_word' id='word_1_349' title='bbox 942 2760 1177 2793; x_wconf 87' lang='lat' dir='ltr'>ordinacione</span> <span class='ocrx_word' id='word_1_350' title='bbox 1209 2760 1366 2793; x_wconf 89' lang='lat' dir='ltr'>debeant</span> <span class='ocrx_word' id='word_1_351' title='bbox 1394 2771 1476 2792; x_wconf 90' lang='lat' dir='ltr'>esse</span> <span class='ocrx_word' id='word_1_352' title='bbox 1511 2759 1548 2791; x_wconf 91' lang='lat' dir='ltr'>in</span> <span class='ocrx_word' id='word_1_353' title='bbox 1572 2758 1813 2792; x_wconf 88' lang='lat' dir='ltr'>Universitate</span> <span class='ocrx_word' id='word_1_354' title='bbox 1845 2756 2013 2789; x_wconf 86' lang='lat' dir='ltr'>doctores</span> <span class='ocrx_word' id='word_1_355' title='bbox 2040 2754 2174 2788; x_wconf 87' lang='lat' dir='ltr'>Hebrei</span> <span class='ocrx_word' id='word_1_356' title='bbox 2204 2761 2239 2788; x_wconf 89' lang='lat' dir='ltr'>et</span> 
     </span>
     <span class='ocr_line' id='line_1_36' title="bbox 374 2822 2238 2871; baseline -0.003 -10"><span class='ocrx_word' id='word_1_357' title='bbox 374 2828 514 2868; x_wconf 75' lang='lat' dir='ltr'>G1·cci⁵,</span> <span class='ocrx_word' id='word_1_358' title='bbox 543 2834 577 2859; x_wconf 84' lang='lat' dir='ltr'>et</span> <span class='ocrx_word' id='word_1_359' title='bbox 602 2827 645 2859; x_wconf 88' lang='lat' dir='ltr'>de</span> <span class='ocrx_word' id='word_1_360' title='bbox 671 2827 831 2871; x_wconf 86' lang='lat' dir='ltr'>presenti</span> <span class='ocrx_word' id='word_1_361' title='bbox 859 2827 975 2860; x_wconf 86' lang='lat' dir='ltr'>solnm</span> <span class='ocrx_word' id='word_1_362' title='bbox 997 2828 1044 2860; x_wconf 89' lang='lat' dir='ltr'>sit</span> <span class='ocrx_word' id='word_1_363' title='bbox 1068 2840 1163 2860; x_wconf 87' lang='lat' dir='ltr'>unus</span> <span class='ocrx_word' id='word_1_364' title='bbox 1185 2828 1312 2861; x_wconf 88' lang='lat' dir='ltr'>doctor</span> <span class='ocrx_word' id='word_1_365' title='bbox 1334 2827 1514 2869; x_wconf 87' lang='lat' dir='ltr'>Hebreus,</span> <span class='ocrx_word' id='word_1_366' title='bbox 1542 2826 1603 2871; x_wconf 87' lang='lat' dir='ltr'>qui</span> <span class='ocrx_word' id='word_1_367' title='bbox 1634 2832 1782 2871; x_wconf 85' lang='lat' dir='ltr'>propter</span> <span class='ocrx_word' id='word_1_368' title='bbox 1811 2823 2037 2869; x_wconf 86' lang='lat' dir='ltr'>iniquitatem</span> <span class='ocrx_word' id='word_1_369' title='bbox 2064 2822 2238 2868; x_wconf 88' lang='lat' dir='ltr'>temporis</span> 
     </span>
    </p>
   </div>
   <div class='ocr_carea' id='block_1_10' title="bbox 373 2889 2238 2974">
    <p class='ocr_par' dir='ltr' id='par_1_16' title="bbox 373 2889 2238 2974">
     <span class='ocr_line' id='line_1_37' title="bbox 373 2889 2238 2939; baseline -0.003 -11"><span class='ocrx_word' id='word_1_370' title='bbox 373 2896 430 2929; x_wconf 73' lang='lat' dir='ltr'>vix</span> <span class='ocrx_word' id='word_1_371' title='bbox 452 2900 569 2939; x_wconf 85' lang='lat' dir='ltr'>potest</span> <span class='ocrx_word' id='word_1_372' title='bbox 590 2894 720 2926; x_wconf 85' lang='lat' dir='ltr'>victum</span> <span class='ocrx_word' id='word_1_373' title='bbox 744 2900 778 2926; x_wconf 84' lang='lat' dir='ltr'>ct</span> <span class='ocrx_word' id='word_1_374' title='bbox 798 2894 967 2927; x_wconf 84' lang='lat' dir='ltr'>vestitum</span> <span class='ocrx_word' id='word_1_375' title='bbox 991 2894 1143 2928; x_wconf 85' lang='lat' dir='ltr'>honeste</span> <span class='ocrx_word' id='word_1_376' title='bbox 1165 2895 1392 2937; x_wconf 87' lang='lat' dir='ltr'>continuare,</span> <span class='ocrx_word' id='word_1_377' title='bbox 1415 2894 1616 2939; x_wconf 82' lang='lat' dir='ltr'>explicetur</span> <span class='ocrx_word' id='word_1_378' title='bbox 1642 2893 1789 2926; x_wconf 88' lang='lat' dir='ltr'>domino</span> <span class='ocrx_word' id='word_1_379' title='bbox 1818 2890 1973 2936; x_wconf 85' lang='lat' dir='ltr'>regenti,</span> <span class='ocrx_word' id='word_1_380' title='bbox 2001 2889 2098 2936; x_wconf 91' lang='lat' dir='ltr'>quod</span> <span class='ocrx_word' id='word_1_381' title='bbox 2127 2901 2238 2935; x_wconf 89' lang='lat' dir='ltr'>super</span> 
     </span>
     <span class='ocr_line' id='line_1_38' title="bbox 495 2951 1762 2974; baseline -0.002 0"><span class='ocrx_word' id='word_1_382' title='bbox 495 2953 534 2974; x_wconf 75' lang='lat'>50.</span> <span class='ocrx_word' id='word_1_383' title='bbox 1758 2951 1762 2953; x_wconf 87' lang='grc'><em>·</em></span> 
     </span>
    </p>
   </div>
   <div class='ocr_carea' id='block_1_11' title="bbox 2470 2476 2502 3255">
    <p class='ocr_par' dir='ltr' id='par_1_17' title="bbox 2470 2476 2502 3255">
     <span class='ocr_line' id='line_1_39' title="bbox 2470 2476 2502 3255; baseline 0 163"><span class='ocrx_word' id='word_1_384' title='bbox 2470 2476 2502 3255; x_wconf 95' lang='lat' dir='ltr'> </span> 
     </span>
    </p>
   </div>
  </div>
 </body>
</html>
