2502 3418
262 315 358 352 1410]
609 329 654 350 AB
690 329 795 350 ANNO
830 329 1118 351 nicCCLxxxxw
1149 330 1280 357 nsQnE
1317 331 1363 351 ΑΙ)
1398 330 1535 351 *uxi-n
1571 332 1772 353 nccccmt.
2065 324 2120 356 187

259 402 349 435 inibi
370 402 511 447 aliquos
528 403 686 447 judices,
706 403 766 447 qui
787 403 831 435 de
853 403 972 435 causis
994 403 1170 435 dictorum
1195 416 1341 435 suorum
1366 404 1624 436 beneficiorum
1647 413 1881 448 cognoscant,
1901 407 2066 439 decidant
2089 414 2121 439 et

260 469 466 502 omnimode
495 469 750 510 determinent,
778 470 1017 503 committere.
1043 491 1086 494 -
1114 471 1286 503 Servetur
1311 471 1404 503 sieut.
1434 471 1500 502 suit
1525 483 1542 502 a
1573 471 1796 515 temporibus
1826 474 2012 505 retroactis
2037 486 2122 505 con-

259 542 413 569 suetum.
437 537 476 568 B.

348 604 434 635 ltem
458 603 501 643 si,
524 609 714 647 antequam
743 603 883 636 rotulus
910 604 1130 636 mittendus'*
1157 611 1191 636 et
1212 603 1315 636 alteri
1341 604 1622 644 continuandus,
1649 617 1690 636 eo
1713 605 1809 649 quod
1827 617 1936 637 unum
1959 618 2037 637 cum
2061 606 2121 637 illo

258 669 374 714 ipsum
400 676 620 714 reputamus,
639 669 682 702 ad
704 670 738 702 S.
757 671 799 703 V.
819 670 1016 715 perveniat,
1036 670 1142 702 alium
1167 670 1323 703 rotulum
1346 671 1381 703 in
1403 671 1500 703 curia
1523 671 1735 703 existentem
1759 671 1904 715 signare
1925 672 2123 716 contingat,

258 736 430 780 dignetur
452 737 489 768 E.
515 737 549 768 S.
566 738 608 769 V.
633 736 790 769 rotulum
813 737 1027 769 mittendum
1050 744 1085 769 et
1105 737 1207 769 alteri
1229 738 1525 782 conjungendum
1550 737 1617 770 sub
1640 738 1718 770 data
1736 744 1770 769 et
1790 738 2016 782 prerogativa
2038 738 2124 770 alte-

258 802 333 835 rius
355 802 464 835 rotuli
486 803 522 835 in
546 803 663 836 rotulo
686 804 861 836 mittendo
883 804 1049 848 inscripti
1074 804 1275 836 secundum
1306 811 1467 837 tenorem
1497 804 1802 849 supplicationum
1831 816 1975 837 suarum
2008 804 2124 837 bullas

257 869 389 907 levare,
414 881 452 901 ac
475 869 505 902 si
526 870 683 903 fuissent
703 870 739 902 in
767 870 837 902 alio
862 870 980 903 rotulo
1002 882 1067 915 per
1093 871 1127 903 S.
1146 872 1188 904 V.
1216 872 1359 915 signato
1382 871 1439 904 vel
1460 871 1640 915 signando
1667 871 1845 915 inscripti.
1867 892 1911 895 -—
1936 872 2122 904 Provisum

257 942 323 969 est.
348 937 387 970 B.

345 1004 433 1036 Item
455 1003 628 1048 dignetur
649 1004 684 1037 S.
702 1005 745 1037 V.
769 1004 971 1037 concedere
993 1005 1123 1038 devote
1146 1005 1218 1037 filie
1244 1012 1364 1038 vestre
1386 1012 1424 1038 ut
1445 1006 1525 1050 ejus
1547 1005 1736 1050 supposita
1759 1005 1899 1038 valeant
1920 1012 1952 1038 et
1983 1007 2122 1050 possint

257 1070 443 1102 debitores
467 1070 654 1103 conveniri
676 1071 794 1103 facere
815 1083 833 1103 a
855 1083 1070 1116 quacunque
1100 1072 1170 1104 loci
1199 1072 1373 1104 distancia
1393 1072 1450 1105 vel
1482 1072 1598 1104 saltim
1627 1085 1644 1104 a
1673 1072 1864 1104 duodecim
1888 1072 1995 1105 dietis
2016 1085 2033 1105 a
2055 1073 2125 1105 fine

256 1137 349 1169 dioc.
373 1137 568 1170 Parisiens.
592 1138 847 1182 computando.
865 1158 909 1162 —
925 1139 1097 1171 Servetur
1118 1146 1225 1183 prout
1245 1151 1365 1183 supra.
1391 1141 1429 1171 B.

344 1205 471 1237 Datum
496 1205 661 1237 Bononie
684 1217 769 1237 non.
787 1205 959 1250 Augusti,
982 1217 1076 1238 anno
1099 1206 1228 1251 primo.

1338 1252 1589 1283 BEnTHOLDUS.
1683 1253 1713 1284 ,1.
1742 1253 1944 1284 OSTIENSIS.

345 1356 408 1379 Cod.
421 1356 478 1378 vat.
491 1356 536 1379 lat.
549 1357 618 1386 4990,
638 1357 680 1379 sol.
700 1357 764 1380 15011.
778 1358 825 1388 Ap.
844 1357 920 1386 Bou,
938 1358 978 1386 IV,
994 1359 1049 1387 900,
1063 1358 1142 1380 etiam
1158 1358 1220 1381 editi
1235 1362 1296 1381 sunt
1311 1358 1424 1386 articuli,
1443 1359 1487 1381 sed
1504 1366 1644 1389 perperam
1660 1358 1693 1380 ad
1708 1358 1877 1381 Benedictum
1892 1358 1948 1380 xtll
1964 1359 2123 1380 reseruntur.

252 1401 331 1423 Plura
346 1408 428 1431 supra
448 1400 672 1431 abbreviavimus,
691 1410 716 1424 v.
732 1410 757 1432 g.
774 1405 803 1424 ut
818 1402 939 1433 magistri
961 1402 1044 1426 Paris.
1066 1403 1187 1425 omnibus
1204 1404 1397 1434 praeferantur,
1419 1411 1523 1434 semper
1539 1403 1564 1425 in
1581 1403 1766 1425 collationibus
1783 1403 1970 1425 beneficiorum
1993 1402 2124 1433 praeemi-

252 1445 367 1468 nentium
384 1445 506 1475 habeant,
522 1446 553 1468 de
569 1446 702 1476 religiosis
718 1447 865 1477 magistris,
877 1447 922 1478 qui
938 1447 1131 1478 praerogativis
1148 1448 1282 1478 gaudeant
1300 1451 1327 1471 ut
1342 1449 1502 1477 saeculares,
1518 1452 1578 1477 etc„
1595 1448 1728 1478 quaejam
1746 1448 1812 1470 alias
1827 1451 2006 1471 occurrerunt.
2024 1447 2050 1470 Si
2066 1447 2124 1478 quis

252 1490 317 1513 talia
333 1490 432 1513 nullius
448 1490 573 1514 momenti
589 1491 676 1521 legere
693 1492 815 1520 voluerit,
832 1492 909 1515 adeat
921 1492 987 1515 BUL.

347 1536 421 1558 Certe
437 1535 512 1558 missi
530 1539 592 1559 sunt
607 1536 651 1559 isti
667 1536 772 1559 articuli
788 1545 847 1559 cum
865 1537 985 1568 epistolis
1006 1537 1040 1560 n¹⁸
1055 1538 1274 1568 praecedentibus
1291 1538 1378 1561 editis.
1395 1539 1515 1561 Nondum
1531 1537 1647 1561 Parisios
1664 1537 1771 1560 nuntius
1787 1540 1903 1564 venerat,
1921 1537 2035 1560 rotulum
2051 1537 2124 1568 prin-

253 1580 366 1611 cipalem
382 1580 517 1611 signatum
532 1589 599 1604 esse.
1354 1576 1358 1580 ⁵

349 1688 372 1713 1.
386 1689 432 1711 Hic
447 1689 575 1712 articulus
591 1693 631 1712 est
644 1690 746 1712 celeber
761 1691 880 1720 quintus
895 1690 1045 1719 articulus,
1063 1690 1094 1712 de
1110 1698 1160 1720 quo
1178 1689 1255 1718 infra,
1273 1690 1429 1721 praesertim
1446 1690 1478 1712 n³³
1494 1690 1563 1717 1925,
1581 1689 1649 1718 1941,
1667 1689 1734 1717 1982,
1755 1689 1854 1720 pluries
1873 1689 1969 1719 agitur,
1986 1689 2017 1711 (le
2033 1697 2083 1719 quo
2098 1692 2125 1711 ut

255 1733 331 1764 plene
351 1733 401 1756 sibi
419 1734 605 1757 concederetur
621 1734 786 1757 Universitas
806 1743 854 1765 per
872 1734 990 1757 diversos
1009 1743 1091 1757 annos
1112 1743 1171 1756 cuni
1188 1734 1262 1757 curia
1282 1735 1355 1759 Rom.
1372 1734 1497 1765 litIgavit.
1514 1734 1647 1757 Johannes
1669 1734 1747 1756 xxm
1767 1742 1825 1756 eum
1847 1734 1922 1756 modo
1938 1733 2051 1756 limitato
2067 1742 2125 1755 con-

255 1778 334 1800 cessit
350 1778 373 1809 vj
390 1778 426 1801 id.
442 1778 496 1801 Jul.
510 1787 551 1803 an,
569 1780 594 1801 2⁰
610 1779 637 1808 (i.
651 1787 684 1809 e.‚
697 1787 738 1802 an.
754 1780 823 1808 1411,
834 1780 886 1802 Jul.
904 1779 952 1808 10),
966 1779 1011 1802 sed
1023 1779 1140 1809 signavit
1156 1779 1179 1810 vj
1197 1779 1231 1801 id.
1246 1780 1298 1802 Jul.
1313 1788 1354 1802 an.
1373 1780 1395 1801 1ο
1413 1781 1464 1808 (an.
1482 1779 1550 1807 1410,
1565 1779 1676 1807 Jul.10).
1694 1780 1712 1801 Α
1727 1788 1738 1801 ((
1755 1778 1845 1809 quinto
1862 1778 1972 1801 articulo
1988 1786 1998 1801 ›)
2016 1778 2040 1800 in
2057 1778 2123 1800 serie

254 1823 426 1845 articulorum
446 1824 623 1846 communium
645 1832 726 1855 supra
745 1824 875 1847 editorum
897 1832 989 1847 nomen
1010 1824 1120 1854 accepit.
1140 1838 1166 1841 —
1183 1823 1207 1848 2.
1227 1825 1378 1855 Sequuntur
1398 1824 1473 1846 multi
1492 1824 1536 1846 alii
1557 1824 1670 1851 articuli,
1688 1832 1753 1854 quos
1772 1823 1926 1846 omittimus.
1940 1837 1970 1839 —
1985 1822 2008 1846 3.
2022 1823 2056 1845 De
2073 1822 2122 1845 isto

254 1867 360 1898 saepius
375 1867 399 1890 in
416 1870 543 1893 Λυσίαν..
560 1869 592 1897 11,
610 1877 635 1899 p.
653 1870 691 1898 80,
706 1877 719 1891 e
733 1877 784 1899 quo
803 1872 915 1900 apparet
933 1869 1013 1891 istum
1031 1877 1143 1899 parvum
1161 1869 1275 1891 rotulum
1291 1870 1357 1900 Aug.
1375 1870 1385 1891 'i
1403 1869 1517 1891 nondum
1537 1869 1646 1891 missum
1663 1868 1753 1891 fuisse.
1770 1868 1917 1898 Opinamur
1938 1868 1962 1890 in
1983 1867 2055 1890 curia
2071 1876 2121 1889 non

254 1912 403 1943 expeditum
419 1913 500 1936 fuisse
515 1916 574 1936 ante
590 1921 633 1937 an.
650 1914 719 1941 1411,
735 1914 844 1936 Januar.
863 1915 875 1936 7
887 1914 928 1937 vel
944 1915 966 1936 8.
980 1914 1037 1937 ΥἰίΙ.
1055 1918 1083 1936 n⁰
1099 1914 1168 1936 1907.
1185 1927 1214 1930 -—
1228 1913 1252 1937 4.
1270 1914 1326 1936 Υἰᾱ.
1344 1917 1396 1936 not.
1414 1915 1436 1936 3.

259 2153 398 2190 1892.
428 2162 602 2188 Universitas
619 2163 759 2196 (Iohanni)
777 2163 843 2188 duci
857 2163 987 2189 Bituriae
1002 2163 1154 2189 solemnem
1169 2163 1339 2197 legationem
1357 2162 1451 2196 mittit,
1470 2166 1499 2187 ut
1515 2162 1555 2187 ad
1567 2171 1667 2198 parem
1682 2162 1903 2187 restaurandam
1921 2162 2041 2187 [αΙιυιίἸ.

1415 2255 1484 2284 1410,
1502 2255 1660 2287 Septembris
1675 2256 1700 2284 5,
1718 2256 1830 2281 Parisiis.

343 2350 374 2381 A
399 2356 523 2382 nostre
546 2356 618 2382 tres
644 2349 819 2382 redoubtc
846 2349 1033 2394 seigneur,
1056 2349 1318 2393 monseigneur
1346 2347 1377 2379 le
1404 2347 1472 2379 duc
1501 2347 1544 2379 de
1573 2349 1685 2391 Berry
1706 2354 1741 2379 et
1768 2347 1985 2387 d'Auverne,
2012 2353 2116 2379 conte

255 2416 299 2448 de
323 2417 471 2461 Poytou,
496 2416 712 2461 d'Etampes,
737 2416 780 2448 de
802 2416 1018 2461 Boulongne
1039 2422 1074 2448 et
1094 2416 1311 2448 d'Auverne.

344 2484 474 2516 Nostre
497 2490 569 2516 tres
592 2482 768 2515 redoubte
797 2483 983 2528 seigneur,
1006 2495 1099 2515 nous
1126 2494 1218 2515 nous
1244 2482 1547 2514 recommandons
1575 2484 1590 2513 ξι
1612 2493 1702 2513 vous
1732 2487 1803 2512 tant
1825 2487 1858 2512 et
1886 2492 1926 2525 sy
1951 2480 2116 2513 humble-

256 2556 353 2583 ment
379 2562 518 2583 comme
540 2550 621 2595 plus
643 2562 802 2595 povons,
826 2557 861 2583 et
882 2562 972 2583 vous
995 2550 1108 2594 plaise
1133 2549 1252 2582 saveir
1273 2561 1342 2593 que
1366 2561 1456 2593 pour
1476 2548 1654 2581 certaines
1676 2559 1802 2579 causes
1823 2547 1999 2580 touchans
2026 2547 2115 2579 l'on-

255 2629 358 2657 neur,
381 2616 465 2649 bien
491 2624 526 2649 et
554 2617 686 2661 proufit
709 2617 755 2649 du
782 2629 845 2661 roy
872 2624 995 2649 nostre
1023 2616 1215 2649 souverain
1243 2616 1416 2660 seigneur
1441 2622 1476 2647 et
1507 2615 1550 2647 de
1575 2627 1665 2647 vous
1694 2621 1728 2646 et
1759 2614 1791 2646 la
1818 2614 2043 2659 transquilite
2072 2615 2115 2647 de

255 2695 321 2716 son
343 2696 524 2729 royaume,
548 2686 565 2716 a
586 2683 740 2728 laquelle
761 2695 852 2716 vous
873 2696 956 2716 avez
983 2684 1168 2727 tousjours
1196 2686 1271 2715 estc
1294 2683 1441 2726 propice
1463 2688 1495 2713 ct
1524 2680 1758 2721 convenable,
1783 2687 1816 2713 et
1839 2693 2015 2725 esperons
2042 2682 2116 2714 ser-

256 2757 413 2783 inelnent
429 2763 497 2795 que
519 2762 685 2791 encores,
704 2757 738 2782 et
759 2757 833 2783 tant
854 2750 935 2795 plus
957 2762 1026 2795 que
1048 2750 1080 2782 le
1102 2750 1259 2794 besoing
1275 2761 1319 2781 en
1341 2755 1396 2781 est
1417 2748 1497 2793 plus
1514 2754 1630 2792 grant,
1650 2759 1750 2779 screz
1773 2747 1954 2780 directeur
1975 2755 2009 2781 et
2029 2761 2114 2781 eon-

255 2817 405 2858 duiseur
428 2818 471 2849 de
493 2824 591 2850 toute
613 2818 693 2862 paix
714 2823 749 2849 et
768 2817 949 2849 concorde
973 2829 1112 2849 comme
1132 2828 1216 2860 vray
1237 2819 1322 2860 pere
1344 2815 1497 2855 d’icelle,
1520 2827 1611 2847 nous
1634 2826 1820 2859 envoyons
1844 2822 2116 2859 presentement

257 2885 452 2929 pardevers
482 2897 573 2918 vous
602 2897 667 2916 noz
698 2884 782 2916 bien
808 2885 937 2925 amers,
971 2884 1059 2916 c'est
1086 2886 1103 2916 a
1136 2883 1254 2916 savoir
1282 2882 1468 2915 monsieur
1504 2881 1619 2913 rabbo
1647 2881 1690 2913 de
1724 2882 1934 2926 Pontig11y2,
1966 2883 2116 2915 docteur
