<?xml version="1.0" encoding="UTF-8"?>
<!DOCTYPE html PUBLIC "-//W3C//DTD XHTML 1.0 Transitional//EN"
    "http://www.w3.org/TR/xhtml1/DTD/xhtml1-transitional.dtd">
<html xmlns="http://www.w3.org/1999/xhtml" xml:lang="en" lang="en">
 <head>
  <title>
</title>
<meta http-equiv="Content-Type" content="text/html;charset=utf-8" />
  <meta name='ocr-system' content='tesseract 3.04.00' />
  <meta name='ocr-capabilities' content='ocr_page ocr_carea ocr_par ocr_line ocrx_word'/>
</head>
<body>
  <div class='ocr_page' id='page_1' title='image "./chartulariumuniv04univuoft_0073.png"; bbox 0 0 2502 3418; ppageno 0'>
   <div class='ocr_carea' id='block_1_1' title="bbox 254 305 2117 342">
    <p class='ocr_par' dir='ltr' id='par_1_1' title="bbox 254 305 2117 342">
     <span class='ocr_line' id='line_1_1' title="bbox 254 305 2117 342; baseline 0.003 -6"><span class='ocrx_word' id='word_1_1' title='bbox 254 305 350 341; x_wconf 87' lang='lat'>1398]</span> <span class='ocrx_word' id='word_1_2' title='bbox 686 317 732 338; x_wconf 74' lang='lat' dir='ltr'>AB</span> <span class='ocrx_word' id='word_1_3' title='bbox 767 317 872 338; x_wconf 70' lang='grc' dir='ltr'><strong>ΑΝΝο</strong></span> <span class='ocrx_word' id='word_1_4' title='bbox 907 316 1196 338; x_wconf 79' lang='lat' dir='ltr'>MCCCLxxxxlv</span> <span class='ocrx_word' id='word_1_5' title='bbox 1225 317 1273 337; x_wconf 76' lang='lat' dir='ltr'>AD</span> <span class='ocrx_word' id='word_1_6' title='bbox 1307 317 1445 338; x_wconf 77' lang='lat' dir='ltr'><strong>ANNUM</strong></span> <span class='ocrx_word' id='word_1_7' title='bbox 1480 318 1684 341; x_wconf 80' lang='lat' dir='ltr'>MCCCCLH.</span> <span class='ocrx_word' id='word_1_8' title='bbox 2076 312 2117 342; x_wconf 63' lang='lat'>25)</span> 
     </span>
    </p>
   </div>
   <div class='ocr_carea' id='block_1_2' title="bbox 236 389 2119 2847">
    <p class='ocr_par' dir='ltr' id='par_1_2' title="bbox 252 389 2117 503">
     <span class='ocr_line' id='line_1_2' title="bbox 253 389 2117 437; baseline 0.001 -13"><span class='ocrx_word' id='word_1_9' title='bbox 253 403 318 437; x_wconf 88' lang='lat' dir='ltr'>per</span> <span class='ocrx_word' id='word_1_10' title='bbox 348 390 564 423; x_wconf 85' lang='lat' dir='ltr'>diffinitores</span> <span class='ocrx_word' id='word_1_11' title='bbox 593 389 750 434; x_wconf 85' lang='lat' dir='ltr'>Capituli</span> <span class='ocrx_word' id='word_1_12' title='bbox 772 389 955 434; x_wconf 87' lang='lat' dir='ltr'>generalis</span> <span class='ocrx_word' id='word_1_13' title='bbox 977 389 1232 422; x_wconf 87' lang='lat' dir='ltr'>Cluniacensis</span> <span class='ocrx_word' id='word_1_14' title='bbox 1261 390 1355 422; x_wconf 89' lang='lat' dir='ltr'>inter</span> <span class='ocrx_word' id='word_1_15' title='bbox 1385 397 1523 423; x_wconf 83' lang='lat' dir='ltr'>ceteras</span> <span class='ocrx_word' id='word_1_16' title='bbox 1555 391 1797 424; x_wconf 87' lang='lat' dir='ltr'>dissiniciones</span> <span class='ocrx_word' id='word_1_17' title='bbox 1827 393 1914 425; x_wconf 89' lang='lat' dir='ltr'>sacta</span> <span class='ocrx_word' id='word_1_18' title='bbox 1946 393 2117 426; x_wconf 83' lang='lat' dir='ltr'>dillinicio</span> 
     </span>
     <span class='ocr_line' id='line_1_3' title="bbox 252 468 440 503; baseline -0.011 -12"><span class='ocrx_word' id='word_1_19' title='bbox 252 468 411 503; x_wconf 87' lang='lat' dir='ltr'>sequens</span> <span class='ocrx_word' id='word_1_20' title='bbox 434 468 440 489; x_wconf 91' lang='lat'>:</span> 
     </span>
    </p>

    <p class='ocr_par' dir='ltr' id='par_1_3' title="bbox 241 522 2119 1236">
     <span class='ocr_line' id='line_1_4' title="bbox 341 522 2119 570; baseline 0.001 -15"><span class='ocrx_word' id='word_1_21' title='bbox 341 537 357 555; x_wconf 87' lang='lat'>«</span> <span class='ocrx_word' id='word_1_22' title='bbox 380 523 470 566; x_wconf 84' lang='lat' dir='ltr'><strong>Quia</strong></span> <span class='ocrx_word' id='word_1_23' title='bbox 491 522 665 555; x_wconf 91' lang='lat' dir='ltr'>nonnulla</span> <span class='ocrx_word' id='word_1_24' title='bbox 683 529 813 555; x_wconf 86' lang='lat' dir='ltr'>statuta</span> <span class='ocrx_word' id='word_1_25' title='bbox 835 522 992 555; x_wconf 88' lang='lat' dir='ltr'>salubria</span> <span class='ocrx_word' id='word_1_26' title='bbox 1015 529 1050 555; x_wconf 89' lang='lat' dir='ltr'>et</span> <span class='ocrx_word' id='word_1_27' title='bbox 1069 522 1172 555; x_wconf 90' lang='lat' dir='ltr'>valde</span> <span class='ocrx_word' id='word_1_28' title='bbox 1194 522 1294 555; x_wconf 86' lang='lat' dir='ltr'>utilia</span> <span class='ocrx_word' id='word_1_29' title='bbox 1316 522 1411 555; x_wconf 85' lang='lat' dir='ltr'>edita</span> <span class='ocrx_word' id='word_1_30' title='bbox 1434 523 1581 556; x_wconf 88' lang='lat' dir='ltr'>suerunt</span> <span class='ocrx_word' id='word_1_31' title='bbox 1602 524 1825 568; x_wconf 82' lang='lat' dir='ltr'>temporibus</span> <span class='ocrx_word' id='word_1_32' title='bbox 1847 526 2033 557; x_wconf 82' lang='lat' dir='ltr'>retroactis</span> <span class='ocrx_word' id='word_1_33' title='bbox 2056 538 2119 570; x_wconf 89' lang='lat' dir='ltr'>per</span> 
     </span>
     <span class='ocr_line' id='line_1_5' title="bbox 251 588 2117 634; baseline 0.001 -11"><span class='ocrx_word' id='word_1_34' title='bbox 251 590 466 623; x_wconf 88' lang='lat' dir='ltr'>diffinitores</span> <span class='ocrx_word' id='word_1_35' title='bbox 493 589 650 634; x_wconf 79' lang='lat' dir='ltr'>Capituli</span> <span class='ocrx_word' id='word_1_36' title='bbox 676 588 859 634; x_wconf 86' lang='lat' dir='ltr'>generalis</span> <span class='ocrx_word' id='word_1_37' title='bbox 887 595 1010 621; x_wconf 88' lang='lat' dir='ltr'>eontra</span> <span class='ocrx_word' id='word_1_38' title='bbox 1041 601 1114 621; x_wconf 91' lang='lat' dir='ltr'>non</span> <span class='ocrx_word' id='word_1_39' title='bbox 1137 589 1322 621; x_wconf 85' lang='lat' dir='ltr'>solventes</span> <span class='ocrx_word' id='word_1_40' title='bbox 1346 595 1478 622; x_wconf 86' lang='lat' dir='ltr'>statuto</span> <span class='ocrx_word' id='word_1_41' title='bbox 1507 590 1661 622; x_wconf 88' lang='lat' dir='ltr'>termino</span> <span class='ocrx_word' id='word_1_42' title='bbox 1692 591 1889 634; x_wconf 70' lang='lat' dir='ltr'><strong>pensiones</strong></span> <span class='ocrx_word' id='word_1_43' title='bbox 1915 591 2117 624; x_wconf 87' lang='lat' dir='ltr'>scolaribus</span> 
     </span>
     <span class='ocr_line' id='line_1_6' title="bbox 249 655 2117 700; baseline 0.001 -11"><span class='ocrx_word' id='word_1_44' title='bbox 249 656 481 690; x_wconf 76' lang='lat' dir='ltr'>studentibus</span> <span class='ocrx_word' id='word_1_45' title='bbox 498 656 657 688; x_wconf 87' lang='lat' dir='ltr'>Parisius</span> <span class='ocrx_word' id='word_1_46' title='bbox 679 656 881 700; x_wconf 84' lang='lat' dir='ltr'>deputatas,</span> <span class='ocrx_word' id='word_1_47' title='bbox 904 662 939 688; x_wconf 89' lang='lat' dir='ltr'>et</span> <span class='ocrx_word' id='word_1_48' title='bbox 955 655 998 688; x_wconf 92' lang='lat' dir='ltr'>de</span> <span class='ocrx_word' id='word_1_49' title='bbox 1020 655 1126 688; x_wconf 88' lang='lat' dir='ltr'>dictis</span> <span class='ocrx_word' id='word_1_50' title='bbox 1147 655 1388 700; x_wconf 80' lang='lat' dir='ltr'>pensionibus</span> <span class='ocrx_word' id='word_1_51' title='bbox 1405 668 1477 688; x_wconf 91' lang='lat' dir='ltr'>non</span> <span class='ocrx_word' id='word_1_52' title='bbox 1499 656 1602 689; x_wconf 88' lang='lat' dir='ltr'>aliter</span> <span class='ocrx_word' id='word_1_53' title='bbox 1619 657 1864 689; x_wconf 71' lang='lat' dir='ltr'>concedendis</span> <span class='ocrx_word' id='word_1_54' title='bbox 1883 658 1952 690; x_wconf 90' lang='lat' dir='ltr'>nisi</span> <span class='ocrx_word' id='word_1_55' title='bbox 1970 658 2117 690; x_wconf 83' lang='lat' dir='ltr'>studen-</span> 
     </span>
     <span class='ocr_line' id='line_1_7' title="bbox 246 722 2116 768; baseline 0.001 -12"><span class='ocrx_word' id='word_1_56' title='bbox 246 723 344 756; x_wconf 85' lang='lat' dir='ltr'>tibus</span> <span class='ocrx_word' id='word_1_57' title='bbox 364 723 524 756; x_wconf 87' lang='lat' dir='ltr'>Parisius</span> <span class='ocrx_word' id='word_1_58' title='bbox 546 723 582 755; x_wconf 93' lang='lat' dir='ltr'>in</span> <span class='ocrx_word' id='word_1_59' title='bbox 609 722 814 767; x_wconf 86' lang='lat' dir='ltr'>theologica</span> <span class='ocrx_word' id='word_1_60' title='bbox 834 722 1001 755; x_wconf 81' lang='lat' dir='ltr'>facultate</span> <span class='ocrx_word' id='word_1_61' title='bbox 1027 729 1062 755; x_wconf 88' lang='lat' dir='ltr'>et</span> <span class='ocrx_word' id='word_1_62' title='bbox 1084 723 1120 754; x_wconf 93' lang='lat' dir='ltr'>in</span> <span class='ocrx_word' id='word_1_63' title='bbox 1144 722 1251 755; x_wconf 88' lang='lat' dir='ltr'>domo</span> <span class='ocrx_word' id='word_1_64' title='bbox 1277 723 1449 767; x_wconf 86' lang='lat' dir='ltr'>predicta,</span> <span class='ocrx_word' id='word_1_65' title='bbox 1476 723 1682 768; x_wconf 73' lang='lat' dir='ltr'>precipiunt</span> <span class='ocrx_word' id='word_1_66' title='bbox 1712 724 1927 756; x_wconf 82' lang='lat' dir='ltr'>diffinitores</span> <span class='ocrx_word' id='word_1_67' title='bbox 1957 725 2116 768; x_wconf 84' lang='lat' dir='ltr'>predicta</span> 
     </span>
     <span class='ocr_line' id='line_1_8' title="bbox 247 789 2115 835; baseline 0 -12"><span class='ocrx_word' id='word_1_68' title='bbox 247 797 377 824; x_wconf 85' lang='lat' dir='ltr'>statuta</span> <span class='ocrx_word' id='word_1_69' title='bbox 404 789 664 823; x_wconf 84' lang='lat' dir='ltr'>inviolabiliter</span> <span class='ocrx_word' id='word_1_70' title='bbox 694 789 896 829; x_wconf 86' lang='lat' dir='ltr'>observari,</span> <span class='ocrx_word' id='word_1_71' title='bbox 925 789 1125 822; x_wconf 82' lang='lat' dir='ltr'>adicientes</span> <span class='ocrx_word' id='word_1_72' title='bbox 1152 790 1303 834; x_wconf 88' lang='lat' dir='ltr'>insuper</span> <span class='ocrx_word' id='word_1_73' title='bbox 1328 790 1425 834; x_wconf 90' lang='lat' dir='ltr'>quod</span> <span class='ocrx_word' id='word_1_74' title='bbox 1455 790 1586 834; x_wconf 87' lang='lat' dir='ltr'>aliquis</span> <span class='ocrx_word' id='word_1_75' title='bbox 1611 790 1762 823; x_wconf 88' lang='lat' dir='ltr'>scolaris</span> <span class='ocrx_word' id='word_1_76' title='bbox 1788 791 1952 835; x_wconf 74' lang='lat' dir='ltr'>ydoneus</span> <span class='ocrx_word' id='word_1_77' title='bbox 1983 791 2115 823; x_wconf 82' lang='lat' dir='ltr'>ibidem</span> 
     </span>
     <span class='ocr_line' id='line_1_9' title="bbox 247 856 2117 901; baseline 0 -11"><span class='ocrx_word' id='word_1_78' title='bbox 247 868 474 890; x_wconf 85' lang='lat' dir='ltr'>commorans</span> <span class='ocrx_word' id='word_1_79' title='bbox 495 857 539 889; x_wconf 88' lang='lat' dir='ltr'>ad</span> <span class='ocrx_word' id='word_1_80' title='bbox 560 856 779 889; x_wconf 86' lang='lat' dir='ltr'>studendum</span> <span class='ocrx_word' id='word_1_81' title='bbox 798 868 870 889; x_wconf 91' lang='lat' dir='ltr'>non</span> <span class='ocrx_word' id='word_1_82' title='bbox 888 856 1005 901; x_wconf 85' lang='lat' dir='ltr'>possit</span> <span class='ocrx_word' id='word_1_83' title='bbox 1025 868 1091 889; x_wconf 92' lang='lat' dir='ltr'>nec</span> <span class='ocrx_word' id='word_1_84' title='bbox 1113 856 1243 888; x_wconf 89' lang='lat' dir='ltr'>debeat</span> <span class='ocrx_word' id='word_1_85' title='bbox 1267 868 1330 900; x_wconf 91' lang='lat' dir='ltr'>per</span> <span class='ocrx_word' id='word_1_86' title='bbox 1351 856 1507 901; x_wconf 82' lang='lat' dir='ltr'>aliquem</span> <span class='ocrx_word' id='word_1_87' title='bbox 1531 858 1702 898; x_wconf 79' lang='lat' dir='ltr'>amoveri,</span> <span class='ocrx_word' id='word_1_88' title='bbox 1728 858 1797 890; x_wconf 89' lang='lat' dir='ltr'>uisi</span> <span class='ocrx_word' id='word_1_89' title='bbox 1819 870 1861 890; x_wconf 78' lang='lat' dir='ltr'>ex</span> <span class='ocrx_word' id='word_1_90' title='bbox 1882 870 1987 890; x_wconf 86' lang='lat' dir='ltr'>causa</span> <span class='ocrx_word' id='word_1_91' title='bbox 2006 858 2117 890; x_wconf 86' lang='lat' dir='ltr'>racio-</span> 
     </span>
     <span class='ocr_line' id='line_1_10' title="bbox 246 922 2117 968; baseline 0.001 -12"><span class='ocrx_word' id='word_1_92' title='bbox 246 924 370 964; x_wconf 89' lang='lat' dir='ltr'>nabili,</span> <span class='ocrx_word' id='word_1_93' title='bbox 393 924 509 956; x_wconf 88' lang='lat' dir='ltr'>donec</span> <span class='ocrx_word' id='word_1_94' title='bbox 537 924 826 968; x_wconf 86' lang='lat' dir='ltr'>quinquennium</span> <span class='ocrx_word' id='word_1_95' title='bbox 860 922 996 956; x_wconf 90' lang='lat' dir='ltr'>ibidem</span> <span class='ocrx_word' id='word_1_96' title='bbox 1024 923 1274 968; x_wconf 88' lang='lat' dir='ltr'>compleverit,</span> <span class='ocrx_word' id='word_1_97' title='bbox 1308 930 1413 968; x_wconf 88' lang='lat' dir='ltr'>prout</span> <span class='ocrx_word' id='word_1_98' title='bbox 1440 923 1528 956; x_wconf 87' lang='lat' dir='ltr'>alias</span> <span class='ocrx_word' id='word_1_99' title='bbox 1555 924 1670 956; x_wconf 85' lang='lat' dir='ltr'>extitit</span> <span class='ocrx_word' id='word_1_100' title='bbox 1699 925 1919 962; x_wconf 83' lang='lat' dir='ltr'>ordinatum;</span> <span class='ocrx_word' id='word_1_101' title='bbox 1950 925 2117 957; x_wconf 86' lang='lat' dir='ltr'>ordinant</span> 
     </span>
     <span class='ocr_line' id='line_1_11' title="bbox 246 989 2117 1035; baseline 0 -11"><span class='ocrx_word' id='word_1_102' title='bbox 246 991 350 1024; x_wconf 88' lang='lat' dir='ltr'>etiam</span> <span class='ocrx_word' id='word_1_103' title='bbox 367 990 583 1024; x_wconf 84' lang='lat' dir='ltr'>diffinitores</span> <span class='ocrx_word' id='word_1_104' title='bbox 598 990 696 1035; x_wconf 86' lang='lat' dir='ltr'>quod</span> <span class='ocrx_word' id='word_1_105' title='bbox 709 990 878 1023; x_wconf 90' lang='lat' dir='ltr'>dominus</span> <span class='ocrx_word' id='word_1_106' title='bbox 895 989 1006 1023; x_wconf 87' lang='lat' dir='ltr'>abbas</span> <span class='ocrx_word' id='word_1_107' title='bbox 1023 989 1223 1022; x_wconf 78' lang='lat' dir='ltr'>venerabili</span> <span class='ocrx_word' id='word_1_108' title='bbox 1240 997 1275 1022; x_wconf 91' lang='lat' dir='ltr'>et</span> <span class='ocrx_word' id='word_1_109' title='bbox 1292 990 1466 1034; x_wconf 81' lang='lat' dir='ltr'>religioso</span> <span class='ocrx_word' id='word_1_110' title='bbox 1484 991 1561 1023; x_wconf 85' lang='lat' dir='ltr'>viro</span> <span class='ocrx_word' id='word_1_111' title='bbox 1579 991 1692 1035; x_wconf 87' lang='lat' dir='ltr'>priori</span> <span class='ocrx_word' id='word_1_112' title='bbox 1709 991 1942 1024; x_wconf 83' lang='lat' dir='ltr'>Cluniacensi</span> <span class='ocrx_word' id='word_1_113' title='bbox 1958 992 2117 1024; x_wconf 86' lang='lat' dir='ltr'>comittat</span> 
     </span>
     <span class='ocr_line' id='line_1_12' title="bbox 245 1057 2114 1103; baseline 0 -12"><span class='ocrx_word' id='word_1_114' title='bbox 245 1064 457 1103; x_wconf 87' lang='lat' dir='ltr'>potestatem</span> <span class='ocrx_word' id='word_1_115' title='bbox 489 1057 734 1102; x_wconf 89' lang='lat' dir='ltr'>compellendi</span> <span class='ocrx_word' id='word_1_116' title='bbox 762 1058 903 1102; x_wconf 85' lang='lat' dir='ltr'>priores</span> <span class='ocrx_word' id='word_1_117' title='bbox 937 1069 1010 1090; x_wconf 92' lang='lat' dir='ltr'>non</span> <span class='ocrx_word' id='word_1_118' title='bbox 1042 1057 1228 1090; x_wconf 90' lang='lat' dir='ltr'>solventes</span> <span class='ocrx_word' id='word_1_119' title='bbox 1255 1057 1368 1090; x_wconf 88' lang='lat' dir='ltr'>dictas</span> <span class='ocrx_word' id='word_1_120' title='bbox 1402 1058 1612 1102; x_wconf 81' lang='lat' dir='ltr'>pensiones,</span> <span class='ocrx_word' id='word_1_121' title='bbox 1643 1065 1751 1103; x_wconf 88' lang='lat' dir='ltr'>prout</span> <span class='ocrx_word' id='word_1_122' title='bbox 1775 1059 1812 1090; x_wconf 89' lang='lat' dir='ltr'>in</span> <span class='ocrx_word' id='word_1_123' title='bbox 1841 1059 1946 1091; x_wconf 88' lang='lat' dir='ltr'>dictis</span> <span class='ocrx_word' id='word_1_124' title='bbox 1973 1059 2114 1091; x_wconf 85' lang='lat' dir='ltr'>statutis</span> 
     </span>
     <span class='ocr_line' id='line_1_13' title="bbox 243 1124 2117 1170; baseline 0.001 -13"><span class='ocrx_word' id='word_1_125' title='bbox 243 1125 463 1165; x_wconf 75' lang='lat' dir='ltr'>continetur,</span> <span class='ocrx_word' id='word_1_126' title='bbox 482 1136 546 1170; x_wconf 91' lang='lat' dir='ltr'>per</span> <span class='ocrx_word' id='word_1_127' title='bbox 567 1124 781 1157; x_wconf 86' lang='lat' dir='ltr'>sententiam</span> <span class='ocrx_word' id='word_1_128' title='bbox 800 1124 1207 1165; x_wconf 88' lang='lat' dir='ltr'>excommunicacionis,</span> <span class='ocrx_word' id='word_1_129' title='bbox 1226 1124 1484 1169; x_wconf 86' lang='lat' dir='ltr'>suspensionis</span> <span class='ocrx_word' id='word_1_130' title='bbox 1500 1124 1557 1157; x_wconf 84' lang='lat' dir='ltr'>vel</span> <span class='ocrx_word' id='word_1_131' title='bbox 1578 1124 1665 1157; x_wconf 87' lang='lat' dir='ltr'>alias</span> <span class='ocrx_word' id='word_1_132' title='bbox 1682 1125 1740 1158; x_wconf 88' lang='lat' dir='ltr'>vel</span> <span class='ocrx_word' id='word_1_133' title='bbox 1761 1125 1871 1158; x_wconf 86' lang='lat' dir='ltr'>eciam</span> <span class='ocrx_word' id='word_1_134' title='bbox 1896 1137 1985 1170; x_wconf 87' lang='lat' dir='ltr'>pena</span> <span class='ocrx_word' id='word_1_135' title='bbox 2008 1137 2117 1170; x_wconf 87' lang='lat' dir='ltr'>pecu-</span> 
     </span>
     <span class='ocr_line' id='line_1_14' title="bbox 241 1190 1133 1236; baseline -0.002 -12"><span class='ocrx_word' id='word_1_136' title='bbox 241 1192 368 1233; x_wconf 88' lang='lat' dir='ltr'>niaria,</span> <span class='ocrx_word' id='word_1_137' title='bbox 386 1197 494 1236; x_wconf 89' lang='lat' dir='ltr'>prout</span> <span class='ocrx_word' id='word_1_138' title='bbox 514 1191 645 1224; x_wconf 91' lang='lat' dir='ltr'>melius</span> <span class='ocrx_word' id='word_1_139' title='bbox 667 1190 738 1224; x_wconf 90' lang='lat' dir='ltr'>sibi</span> <span class='ocrx_word' id='word_1_140' title='bbox 758 1191 891 1224; x_wconf 86' lang='lat' dir='ltr'>viderit</span> <span class='ocrx_word' id='word_1_141' title='bbox 911 1191 1097 1236; x_wconf 86' lang='lat' dir='ltr'>expedire,</span> <span class='ocrx_word' id='word_1_142' title='bbox 1118 1205 1133 1221; x_wconf 88' lang='lat'>»</span> 
     </span>
    </p>

    <p class='ocr_par' dir='ltr' id='par_1_4' title="bbox 236 1258 2117 2847">
     <span class='ocr_line' id='line_1_15' title="bbox 332 1258 2114 1303; baseline 0.001 -13"><span class='ocrx_word' id='word_1_143' title='bbox 332 1258 556 1291; x_wconf 86' lang='lat' dir='ltr'>Diffinitores</span> <span class='ocrx_word' id='word_1_144' title='bbox 584 1258 742 1303; x_wconf 82' lang='lat' dir='ltr'>Capituli</span> <span class='ocrx_word' id='word_1_145' title='bbox 762 1258 946 1303; x_wconf 87' lang='lat' dir='ltr'>generalis</span> <span class='ocrx_word' id='word_1_146' title='bbox 974 1258 1058 1290; x_wconf 88' lang='lat' dir='ltr'>anni</span> <span class='ocrx_word' id='word_1_147' title='bbox 1085 1259 1266 1302; x_wconf 91' lang='lat' dir='ltr'>presentis</span> <span class='ocrx_word' id='word_1_148' title='bbox 1290 1258 1475 1290; x_wconf 86' lang='lat' dir='ltr'>millesimi</span> <span class='ocrx_word' id='word_1_149' title='bbox 1496 1258 1620 1291; x_wconf 78' lang='lat' dir='ltr'>CCCmi</span> <span class='ocrx_word' id='word_1_150' title='bbox 1643 1259 1871 1303; x_wconf 78' lang='lat' dir='ltr'>nonagesimi</span> <span class='ocrx_word' id='word_1_151' title='bbox 1897 1259 2012 1292; x_wconf 89' lang='lat' dir='ltr'>octavi</span> <span class='ocrx_word' id='word_1_152' title='bbox 2034 1271 2114 1303; x_wconf 92' lang='lat' dir='ltr'>pre-</span> 
     </span>
     <span class='ocr_line' id='line_1_16' title="bbox 242 1325 2113 1366; baseline 0.001 -9"><span class='ocrx_word' id='word_1_153' title='bbox 242 1325 373 1358; x_wconf 85' lang='lat' dir='ltr'>dictam</span> <span class='ocrx_word' id='word_1_154' title='bbox 390 1325 651 1358; x_wconf 86' lang='lat' dir='ltr'>diffinieionem</span> <span class='ocrx_word' id='word_1_155' title='bbox 673 1331 891 1358; x_wconf 86' lang='lat' dir='ltr'>renovantes</span> <span class='ocrx_word' id='word_1_156' title='bbox 908 1325 1079 1358; x_wconf 89' lang='lat' dir='ltr'>ordinant</span> <span class='ocrx_word' id='word_1_157' title='bbox 1099 1325 1360 1358; x_wconf 90' lang='lat' dir='ltr'>inviolabiliter</span> <span class='ocrx_word' id='word_1_158' title='bbox 1377 1325 1654 1366; x_wconf 84' lang='lat' dir='ltr'>observandam,</span> <span class='ocrx_word' id='word_1_159' title='bbox 1674 1333 1708 1358; x_wconf 87' lang='lat' dir='ltr'>et</span> <span class='ocrx_word' id='word_1_160' title='bbox 1730 1332 1767 1358; x_wconf 89' lang='lat' dir='ltr'>ut</span> <span class='ocrx_word' id='word_1_161' title='bbox 1786 1332 1928 1358; x_wconf 89' lang='lat' dir='ltr'>acetero</span> <span class='ocrx_word' id='word_1_162' title='bbox 1947 1326 1990 1358; x_wconf 93' lang='lat' dir='ltr'>de</span> <span class='ocrx_word' id='word_1_163' title='bbox 2008 1326 2113 1358; x_wconf 89' lang='lat' dir='ltr'>dictis</span> 
     </span>
     <span class='ocr_line' id='line_1_17' title="bbox 242 1391 2117 1437; baseline 0.001 -13"><span class='ocrx_word' id='word_1_164' title='bbox 242 1391 446 1425; x_wconf 87' lang='lat' dir='ltr'>scolaribus</span> <span class='ocrx_word' id='word_1_165' title='bbox 473 1393 587 1437; x_wconf 86' lang='lat' dir='ltr'>major</span> <span class='ocrx_word' id='word_1_166' title='bbox 613 1399 787 1436; x_wconf 86' lang='lat' dir='ltr'>sequatur</span> <span class='ocrx_word' id='word_1_167' title='bbox 807 1393 947 1425; x_wconf 85' lang='lat' dir='ltr'>fructus</span> <span class='ocrx_word' id='word_1_168' title='bbox 973 1392 1010 1424; x_wconf 90' lang='lat' dir='ltr'>in</span> <span class='ocrx_word' id='word_1_169' title='bbox 1038 1392 1190 1433; x_wconf 88' lang='lat' dir='ltr'>Ordine,</span> <span class='ocrx_word' id='word_1_170' title='bbox 1217 1392 1278 1436; x_wconf 90' lang='lat' dir='ltr'>qui</span> <span class='ocrx_word' id='word_1_171' title='bbox 1305 1393 1416 1425; x_wconf 90' lang='lat' dir='ltr'>eciam</span> <span class='ocrx_word' id='word_1_172' title='bbox 1446 1392 1663 1437; x_wconf 88' lang='lat' dir='ltr'>quandoque</span> <span class='ocrx_word' id='word_1_173' title='bbox 1691 1393 1825 1425; x_wconf 88' lang='lat' dir='ltr'>tamdiu</span> <span class='ocrx_word' id='word_1_174' title='bbox 1852 1400 2117 1426; x_wconf 89' lang='lat' dir='ltr'>consueverant</span> 
     </span>
     <span class='ocr_line' id='line_1_18' title="bbox 241 1459 2113 1504; baseline 0 -13"><span class='ocrx_word' id='word_1_175' title='bbox 241 1459 373 1492; x_wconf 87' lang='lat' dir='ltr'>morari</span> <span class='ocrx_word' id='word_1_176' title='bbox 394 1459 431 1491; x_wconf 93' lang='lat' dir='ltr'>in</span> <span class='ocrx_word' id='word_1_177' title='bbox 452 1459 547 1492; x_wconf 91' lang='lat' dir='ltr'>dicto</span> <span class='ocrx_word' id='word_1_178' title='bbox 569 1459 741 1504; x_wconf 84' lang='lat' dir='ltr'>collegio,</span> <span class='ocrx_word' id='word_1_179' title='bbox 766 1471 957 1504; x_wconf 91' lang='lat' dir='ltr'>quousque</span> <span class='ocrx_word' id='word_1_180' title='bbox 986 1459 1141 1503; x_wconf 87' lang='lat' dir='ltr'>aliquam</span> <span class='ocrx_word' id='word_1_181' title='bbox 1171 1460 1440 1504; x_wconf 83' lang='lat' dir='ltr'>promocionem</span> <span class='ocrx_word' id='word_1_182' title='bbox 1463 1459 1721 1499; x_wconf 87' lang='lat' dir='ltr'>obtinuissent,</span> <span class='ocrx_word' id='word_1_183' title='bbox 1749 1460 1861 1492; x_wconf 91' lang='lat' dir='ltr'>eciam</span> <span class='ocrx_word' id='word_1_184' title='bbox 1887 1466 1986 1493; x_wconf 85' lang='lat' dir='ltr'>extra</span> <span class='ocrx_word' id='word_1_185' title='bbox 2007 1460 2113 1492; x_wconf 92' lang='lat' dir='ltr'>Ordi-</span> 
     </span>
     <span class='ocr_line' id='line_1_19' title="bbox 242 1526 2111 1571; baseline 0.001 -13"><span class='ocrx_word' id='word_1_186' title='bbox 242 1537 337 1567; x_wconf 89' lang='lat' dir='ltr'>nem,</span> <span class='ocrx_word' id='word_1_187' title='bbox 356 1526 547 1559; x_wconf 91' lang='lat' dir='ltr'>statuendo</span> <span class='ocrx_word' id='word_1_188' title='bbox 566 1526 760 1567; x_wconf 83' lang='lat' dir='ltr'>diffiniunt,</span> <span class='ocrx_word' id='word_1_189' title='bbox 779 1526 947 1558; x_wconf 88' lang='lat' dir='ltr'>addendo</span> <span class='ocrx_word' id='word_1_190' title='bbox 965 1526 1059 1559; x_wconf 89' lang='lat' dir='ltr'>dicte</span> <span class='ocrx_word' id='word_1_191' title='bbox 1081 1526 1295 1559; x_wconf 88' lang='lat' dir='ltr'>diffinicioni</span> <span class='ocrx_word' id='word_1_192' title='bbox 1317 1533 1351 1559; x_wconf 86' lang='lat' dir='ltr'>et</span> <span class='ocrx_word' id='word_1_193' title='bbox 1370 1527 1483 1571; x_wconf 89' lang='lat' dir='ltr'>ipsam</span> <span class='ocrx_word' id='word_1_194' title='bbox 1502 1526 1733 1567; x_wconf 86' lang='lat' dir='ltr'>declarando,</span> <span class='ocrx_word' id='word_1_195' title='bbox 1753 1527 1849 1571; x_wconf 89' lang='lat' dir='ltr'>quod</span> <span class='ocrx_word' id='word_1_196' title='bbox 1871 1526 2030 1559; x_wconf 86' lang='lat' dir='ltr'>scolares</span> <span class='ocrx_word' id='word_1_197' title='bbox 2052 1527 2111 1571; x_wconf 88' lang='lat' dir='ltr'>qui</span> 
     </span>
     <span class='ocr_line' id='line_1_20' title="bbox 243 1593 2111 1638; baseline 0.001 -13"><span class='ocrx_word' id='word_1_198' title='bbox 243 1599 328 1626; x_wconf 89' lang='lat' dir='ltr'>sunt</span> <span class='ocrx_word' id='word_1_199' title='bbox 348 1593 392 1626; x_wconf 91' lang='lat' dir='ltr'>de</span> <span class='ocrx_word' id='word_1_200' title='bbox 414 1593 575 1638; x_wconf 88' lang='lat' dir='ltr'>presenti</span> <span class='ocrx_word' id='word_1_201' title='bbox 597 1593 633 1625; x_wconf 93' lang='lat' dir='ltr'>in</span> <span class='ocrx_word' id='word_1_202' title='bbox 655 1593 818 1638; x_wconf 84' lang='lat' dir='ltr'>predicto</span> <span class='ocrx_word' id='word_1_203' title='bbox 840 1593 997 1638; x_wconf 82' lang='lat' dir='ltr'>collegio</span> <span class='ocrx_word' id='word_1_204' title='bbox 1020 1600 1054 1626; x_wconf 90' lang='lat' dir='ltr'>et</span> <span class='ocrx_word' id='word_1_205' title='bbox 1075 1594 1136 1638; x_wconf 90' lang='lat' dir='ltr'>qui</span> <span class='ocrx_word' id='word_1_206' title='bbox 1157 1600 1264 1626; x_wconf 89' lang='lat' dir='ltr'>erunt</span> <span class='ocrx_word' id='word_1_207' title='bbox 1284 1606 1348 1638; x_wconf 90' lang='lat' dir='ltr'>pro</span> <span class='ocrx_word' id='word_1_208' title='bbox 1370 1600 1532 1638; x_wconf 87' lang='lat' dir='ltr'>tempore</span> <span class='ocrx_word' id='word_1_209' title='bbox 1556 1594 1691 1638; x_wconf 89' lang='lat' dir='ltr'>reperti</span> <span class='ocrx_word' id='word_1_210' title='bbox 1713 1606 1776 1638; x_wconf 89' lang='lat' dir='ltr'>per</span> <span class='ocrx_word' id='word_1_211' title='bbox 1797 1594 1982 1626; x_wconf 88' lang='lat' dir='ltr'>dominum</span> <span class='ocrx_word' id='word_1_212' title='bbox 2004 1593 2111 1626; x_wconf 89' lang='lat' dir='ltr'>abba-</span> 
     </span>
     <span class='ocr_line' id='line_1_21' title="bbox 242 1659 2111 1706; baseline 0.001 -14"><span class='ocrx_word' id='word_1_213' title='bbox 242 1666 312 1692; x_wconf 87' lang='lat' dir='ltr'>tem</span> <span class='ocrx_word' id='word_1_214' title='bbox 334 1659 613 1693; x_wconf 86' lang='lat' dir='ltr'>Cluniacensem</span> <span class='ocrx_word' id='word_1_215' title='bbox 636 1660 805 1705; x_wconf 86' lang='lat' dir='ltr'>dispositi</span> <span class='ocrx_word' id='word_1_216' title='bbox 833 1667 868 1692; x_wconf 92' lang='lat' dir='ltr'>et</span> <span class='ocrx_word' id='word_1_217' title='bbox 896 1660 1035 1693; x_wconf 82' lang='lat' dir='ltr'>fundati</span> <span class='ocrx_word' id='word_1_218' title='bbox 1056 1660 1100 1693; x_wconf 85' lang='lat' dir='ltr'>ad</span> <span class='ocrx_word' id='word_1_219' title='bbox 1130 1660 1393 1705; x_wconf 87' lang='lat' dir='ltr'>proficiendum</span> <span class='ocrx_word' id='word_1_220' title='bbox 1422 1663 1457 1693; x_wconf 90' lang='lat' dir='ltr'>et</span> <span class='ocrx_word' id='word_1_221' title='bbox 1483 1661 1526 1693; x_wconf 88' lang='lat' dir='ltr'>ad</span> <span class='ocrx_word' id='word_1_222' title='bbox 1556 1661 1710 1693; x_wconf 81' lang='lat' dir='ltr'>fructum</span> <span class='ocrx_word' id='word_1_223' title='bbox 1743 1661 1900 1693; x_wconf 85' lang='lat' dir='ltr'>sciencie</span> <span class='ocrx_word' id='word_1_224' title='bbox 1927 1660 2111 1706; x_wconf 85' lang='lat' dir='ltr'>theologie</span> 
     </span>
     <span class='ocr_line' id='line_1_22' title="bbox 241 1726 2110 1772; baseline 0.001 -13"><span class='ocrx_word' id='word_1_225' title='bbox 241 1726 516 1772; x_wconf 85' lang='lat' dir='ltr'>adipiscendum</span> <span class='ocrx_word' id='word_1_226' title='bbox 546 1733 580 1760; x_wconf 92' lang='lat' dir='ltr'>et</span> <span class='ocrx_word' id='word_1_227' title='bbox 610 1727 697 1760; x_wconf 87' lang='lat' dir='ltr'>alias</span> <span class='ocrx_word' id='word_1_228' title='bbox 727 1727 821 1760; x_wconf 90' lang='lat' dir='ltr'>bene</span> <span class='ocrx_word' id='word_1_229' title='bbox 852 1734 1111 1760; x_wconf 87' lang='lat' dir='ltr'>conversantes</span> <span class='ocrx_word' id='word_1_230' title='bbox 1140 1734 1175 1760; x_wconf 89' lang='lat' dir='ltr'>et</span> <span class='ocrx_word' id='word_1_231' title='bbox 1203 1727 1296 1760; x_wconf 87' lang='lat' dir='ltr'>bene</span> <span class='ocrx_word' id='word_1_232' title='bbox 1328 1727 1555 1769; x_wconf 88' lang='lat' dir='ltr'>obedientes,</span> <span class='ocrx_word' id='word_1_233' title='bbox 1586 1734 1776 1760; x_wconf 88' lang='lat' dir='ltr'>teneantur</span> <span class='ocrx_word' id='word_1_234' title='bbox 1805 1728 1999 1760; x_wconf 87' lang='lat' dir='ltr'>informare</span> <span class='ocrx_word' id='word_1_235' title='bbox 2030 1735 2110 1761; x_wconf 87' lang='lat' dir='ltr'>ante</span> 
     </span>
     <span class='ocr_line' id='line_1_23' title="bbox 241 1793 2111 1840; baseline 0.001 -14"><span class='ocrx_word' id='word_1_236' title='bbox 241 1793 381 1839; x_wconf 90' lang='lat' dir='ltr'>lapsum</span> <span class='ocrx_word' id='word_1_237' title='bbox 408 1794 649 1839; x_wconf 88' lang='lat' dir='ltr'>quinquennii</span> <span class='ocrx_word' id='word_1_238' title='bbox 675 1806 739 1839; x_wconf 90' lang='lat' dir='ltr'>per</span> <span class='ocrx_word' id='word_1_239' title='bbox 761 1794 899 1827; x_wconf 88' lang='lat' dir='ltr'>litteras</span> <span class='ocrx_word' id='word_1_240' title='bbox 927 1795 1126 1827; x_wconf 88' lang='lat' dir='ltr'>autenticas</span> <span class='ocrx_word' id='word_1_241' title='bbox 1155 1794 1292 1827; x_wconf 90' lang='lat' dir='ltr'>domini</span> <span class='ocrx_word' id='word_1_242' title='bbox 1318 1794 1458 1827; x_wconf 88' lang='lat' dir='ltr'>abbatis</span> <span class='ocrx_word' id='word_1_243' title='bbox 1486 1795 1627 1839; x_wconf 87' lang='lat' dir='ltr'>priores</span> <span class='ocrx_word' id='word_1_244' title='bbox 1649 1801 1684 1827; x_wconf 84' lang='lat' dir='ltr'>et</span> <span class='ocrx_word' id='word_1_245' title='bbox 1709 1795 1880 1836; x_wconf 87' lang='lat' dir='ltr'>decanos,</span> <span class='ocrx_word' id='word_1_246' title='bbox 1905 1795 1966 1840; x_wconf 91' lang='lat' dir='ltr'>qui</span> <span class='ocrx_word' id='word_1_247' title='bbox 1987 1802 2111 1828; x_wconf 85' lang='lat' dir='ltr'>tenent</span> 
     </span>
     <span class='ocr_line' id='line_1_24' title="bbox 241 1861 2110 1907; baseline 0.001 -14"><span class='ocrx_word' id='word_1_248' title='bbox 241 1872 304 1894; x_wconf 89' lang='lat' dir='ltr'>eos</span> <span class='ocrx_word' id='word_1_249' title='bbox 325 1861 362 1893; x_wconf 90' lang='lat' dir='ltr'>in</span> <span class='ocrx_word' id='word_1_250' title='bbox 383 1861 479 1894; x_wconf 91' lang='lat' dir='ltr'>dicto</span> <span class='ocrx_word' id='word_1_251' title='bbox 501 1861 659 1906; x_wconf 86' lang='lat' dir='ltr'>collegio</span> <span class='ocrx_word' id='word_1_252' title='bbox 677 1868 712 1894; x_wconf 88' lang='lat' dir='ltr'>et</span> <span class='ocrx_word' id='word_1_253' title='bbox 732 1862 793 1906; x_wconf 93' lang='lat' dir='ltr'>qui</span> <span class='ocrx_word' id='word_1_254' title='bbox 815 1862 962 1895; x_wconf 89' lang='lat' dir='ltr'>solvunt</span> <span class='ocrx_word' id='word_1_255' title='bbox 982 1862 1035 1894; x_wconf 89' lang='lat' dir='ltr'>eis</span> <span class='ocrx_word' id='word_1_256' title='bbox 1056 1862 1269 1907; x_wconf 80' lang='lat' dir='ltr'>pensiones,</span> <span class='ocrx_word' id='word_1_257' title='bbox 1288 1862 1385 1907; x_wconf 89' lang='lat' dir='ltr'>quod</span> <span class='ocrx_word' id='word_1_258' title='bbox 1405 1862 1476 1907; x_wconf 89' lang='lat' dir='ltr'>ipsi</span> <span class='ocrx_word' id='word_1_259' title='bbox 1497 1862 1632 1895; x_wconf 89' lang='lat' dir='ltr'>debent</span> <span class='ocrx_word' id='word_1_260' title='bbox 1652 1874 1839 1895; x_wconf 87' lang='lat' dir='ltr'>remanere</span> <span class='ocrx_word' id='word_1_261' title='bbox 1860 1863 1895 1894; x_wconf 92' lang='lat' dir='ltr'>in</span> <span class='ocrx_word' id='word_1_262' title='bbox 1919 1863 2014 1895; x_wconf 90' lang='lat' dir='ltr'>dicto</span> <span class='ocrx_word' id='word_1_263' title='bbox 2036 1862 2110 1895; x_wconf 90' lang='lat' dir='ltr'>col-</span> 
     </span>
     <span class='ocr_line' id='line_1_25' title="bbox 240 1927 2107 1974; baseline 0.001 -14"><span class='ocrx_word' id='word_1_264' title='bbox 240 1927 337 1973; x_wconf 87' lang='lat' dir='ltr'>legio</span> <span class='ocrx_word' id='word_1_265' title='bbox 359 1928 452 1961; x_wconf 85' lang='lat' dir='ltr'>ultra</span> <span class='ocrx_word' id='word_1_266' title='bbox 473 1928 607 1961; x_wconf 88' lang='lat' dir='ltr'>dictum</span> <span class='ocrx_word' id='word_1_267' title='bbox 630 1929 933 1973; x_wconf 84' lang='lat' dir='ltr'>quinquennium,</span> <span class='ocrx_word' id='word_1_268' title='bbox 961 1929 1043 1973; x_wconf 87' lang='lat' dir='ltr'>quia</span> <span class='ocrx_word' id='word_1_269' title='bbox 1074 1941 1154 1961; x_wconf 87' lang='lat' dir='ltr'>cum</span> <span class='ocrx_word' id='word_1_270' title='bbox 1183 1929 1235 1962; x_wconf 88' lang='lat' dir='ltr'>eis</span> <span class='ocrx_word' id='word_1_271' title='bbox 1265 1930 1333 1962; x_wconf 87' lang='lat' dir='ltr'>fuit</span> <span class='ocrx_word' id='word_1_272' title='bbox 1362 1929 1611 1974; x_wconf 90' lang='lat' dir='ltr'>dispensatum</span> <span class='ocrx_word' id='word_1_273' title='bbox 1643 1941 1706 1973; x_wconf 90' lang='lat' dir='ltr'>per</span> <span class='ocrx_word' id='word_1_274' title='bbox 1733 1930 1917 1962; x_wconf 90' lang='lat' dir='ltr'>dominum</span> <span class='ocrx_word' id='word_1_275' title='bbox 1945 1929 2107 1962; x_wconf 85' lang='lat' dir='ltr'>abbatem</span> 
     </span>
     <span class='ocr_line' id='line_1_26' title="bbox 239 1995 2110 2041; baseline 0.001 -14"><span class='ocrx_word' id='word_1_276' title='bbox 239 2001 363 2028; x_wconf 85' lang='lat' dir='ltr'>contra</span> <span class='ocrx_word' id='word_1_277' title='bbox 385 2002 515 2028; x_wconf 88' lang='lat' dir='ltr'>statuta</span> <span class='ocrx_word' id='word_1_278' title='bbox 536 1995 686 2029; x_wconf 88' lang='lat' dir='ltr'>Ordinis</span> <span class='ocrx_word' id='word_1_279' title='bbox 708 2003 743 2029; x_wconf 87' lang='lat' dir='ltr'>et</span> <span class='ocrx_word' id='word_1_280' title='bbox 763 1997 945 2041; x_wconf 85' lang='lat' dir='ltr'>antiquam</span> <span class='ocrx_word' id='word_1_281' title='bbox 968 1997 1286 2038; x_wconf 87' lang='lat' dir='ltr'>consuetudinem,</span> <span class='ocrx_word' id='word_1_282' title='bbox 1304 2005 1339 2029; x_wconf 89' lang='lat' dir='ltr'>et</span> <span class='ocrx_word' id='word_1_283' title='bbox 1355 2008 1419 2041; x_wconf 87' lang='lat' dir='ltr'>per</span> <span class='ocrx_word' id='word_1_284' title='bbox 1436 1997 1533 2041; x_wconf 89' lang='lat' dir='ltr'>quod</span> <span class='ocrx_word' id='word_1_285' title='bbox 1551 2003 1693 2041; x_wconf 86' lang='lat' dir='ltr'>tempus</span> <span class='ocrx_word' id='word_1_286' title='bbox 1715 1997 1751 2028; x_wconf 92' lang='lat' dir='ltr'>in</span> <span class='ocrx_word' id='word_1_287' title='bbox 1772 1997 1932 2029; x_wconf 84' lang='lat' dir='ltr'>futurum</span> <span class='ocrx_word' id='word_1_288' title='bbox 1955 1996 2110 2030; x_wconf 87' lang='lat' dir='ltr'>debeant</span> 
     </span>
     <span class='ocr_line' id='line_1_27' title="bbox 241 2063 2109 2109; baseline 0.001 -15"><span class='ocrx_word' id='word_1_289' title='bbox 241 2074 441 2104; x_wconf 87' lang='lat' dir='ltr'>remanere,</span> <span class='ocrx_word' id='word_1_290' title='bbox 469 2063 631 2108; x_wconf 87' lang='lat' dir='ltr'>alioquin</span> <span class='ocrx_word' id='word_1_291' title='bbox 659 2063 760 2108; x_wconf 86' lang='lat' dir='ltr'>lapso</span> <span class='ocrx_word' id='word_1_292' title='bbox 786 2064 882 2096; x_wconf 87' lang='lat' dir='ltr'>dicto</span> <span class='ocrx_word' id='word_1_293' title='bbox 912 2064 1162 2109; x_wconf 90' lang='lat' dir='ltr'>quinquennio</span> <span class='ocrx_word' id='word_1_294' title='bbox 1194 2064 1280 2096; x_wconf 88' lang='lat' dir='ltr'>dieti</span> <span class='ocrx_word' id='word_1_295' title='bbox 1310 2064 1470 2096; x_wconf 84' lang='lat' dir='ltr'>scolares</span> <span class='ocrx_word' id='word_1_296' title='bbox 1501 2064 1553 2096; x_wconf 88' lang='lat' dir='ltr'>sic</span> <span class='ocrx_word' id='word_1_297' title='bbox 1584 2064 1713 2108; x_wconf 87' lang='lat' dir='ltr'>privati</span> <span class='ocrx_word' id='word_1_298' title='bbox 1747 2076 1811 2108; x_wconf 89' lang='lat' dir='ltr'>per</span> <span class='ocrx_word' id='word_1_299' title='bbox 1838 2076 1999 2097; x_wconf 88' lang='lat' dir='ltr'>mensem</span> <span class='ocrx_word' id='word_1_300' title='bbox 2028 2071 2109 2108; x_wconf 89' lang='lat' dir='ltr'>post</span> 
     </span>
     <span class='ocr_line' id='line_1_28' title="bbox 239 2129 2108 2175; baseline 0.001 -13"><span class='ocrx_word' id='word_1_301' title='bbox 239 2129 379 2174; x_wconf 82' lang='lat' dir='ltr'>lapsum</span> <span class='ocrx_word' id='word_1_302' title='bbox 401 2130 487 2162; x_wconf 89' lang='lat' dir='ltr'>dicti</span> <span class='ocrx_word' id='word_1_303' title='bbox 509 2130 751 2175; x_wconf 90' lang='lat' dir='ltr'>quinquennii</span> <span class='ocrx_word' id='word_1_304' title='bbox 782 2138 972 2164; x_wconf 89' lang='lat' dir='ltr'>teneantur</span> <span class='ocrx_word' id='word_1_305' title='bbox 1001 2133 1172 2165; x_wconf 90' lang='lat' dir='ltr'>recedere</span> <span class='ocrx_word' id='word_1_306' title='bbox 1200 2144 1242 2164; x_wconf 87' lang='lat' dir='ltr'>ex</span> <span class='ocrx_word' id='word_1_307' title='bbox 1270 2138 1344 2164; x_wconf 86' lang='lat' dir='ltr'>toto</span> <span class='ocrx_word' id='word_1_308' title='bbox 1365 2143 1383 2163; x_wconf 91' lang='lat' dir='ltr'>a</span> <span class='ocrx_word' id='word_1_309' title='bbox 1405 2131 1501 2163; x_wconf 86' lang='lat' dir='ltr'>(licto</span> <span class='ocrx_word' id='word_1_310' title='bbox 1523 2131 1680 2175; x_wconf 86' lang='lat' dir='ltr'>collegio</span> <span class='ocrx_word' id='word_1_311' title='bbox 1708 2131 1751 2163; x_wconf 91' lang='lat' dir='ltr'>ad</span> <span class='ocrx_word' id='word_1_312' title='bbox 1785 2131 1861 2164; x_wconf 85' lang='lat' dir='ltr'>loca</span> <span class='ocrx_word' id='word_1_313' title='bbox 1890 2138 1925 2163; x_wconf 88' lang='lat' dir='ltr'>et</span> <span class='ocrx_word' id='word_1_314' title='bbox 1954 2131 2108 2164; x_wconf 82' lang='lat' dir='ltr'>claustra</span> 
     </span>
     <span class='ocr_line' id='line_1_29' title="bbox 239 2196 2108 2243; baseline 0.001 -14"><span class='ocrx_word' id='word_1_315' title='bbox 239 2208 377 2238; x_wconf 90' lang='lat' dir='ltr'>eorum,</span> <span class='ocrx_word' id='word_1_316' title='bbox 404 2197 441 2229; x_wconf 93' lang='lat' dir='ltr'>in</span> <span class='ocrx_word' id='word_1_317' title='bbox 463 2196 596 2242; x_wconf 89' lang='lat' dir='ltr'>quibus</span> <span class='ocrx_word' id='word_1_318' title='bbox 617 2197 751 2230; x_wconf 88' lang='lat' dir='ltr'>habent</span> <span class='ocrx_word' id='word_1_319' title='bbox 771 2199 994 2240; x_wconf 78' lang='lat' dir='ltr'>mansiones,</span> <span class='ocrx_word' id='word_1_320' title='bbox 1018 2211 1082 2243; x_wconf 92' lang='lat' dir='ltr'>pro</span> <span class='ocrx_word' id='word_1_321' title='bbox 1104 2199 1184 2232; x_wconf 88' lang='lat' dir='ltr'>aliis</span> <span class='ocrx_word' id='word_1_322' title='bbox 1205 2198 1378 2231; x_wconf 83' lang='lat' dir='ltr'>fratribus</span> <span class='ocrx_word' id='word_1_323' title='bbox 1405 2197 1599 2230; x_wconf 87' lang='lat' dir='ltr'>salubriter</span> <span class='ocrx_word' id='word_1_324' title='bbox 1621 2198 1859 2230; x_wconf 79' lang='lat' dir='ltr'>informandis</span> <span class='ocrx_word' id='word_1_325' title='bbox 1881 2210 2005 2230; x_wconf 87' lang='lat' dir='ltr'>eorum</span> <span class='ocrx_word' id='word_1_326' title='bbox 2027 2210 2108 2243; x_wconf 89' lang='lat' dir='ltr'>pre-</span> 
     </span>
     <span class='ocr_line' id='line_1_30' title="bbox 239 2263 2106 2311; baseline 0.001 -15"><span class='ocrx_word' id='word_1_327' title='bbox 239 2263 488 2297; x_wconf 88' lang='lat' dir='ltr'>dicacionibus</span> <span class='ocrx_word' id='word_1_328' title='bbox 510 2270 544 2297; x_wconf 89' lang='lat' dir='ltr'>et</span> <span class='ocrx_word' id='word_1_329' title='bbox 572 2264 804 2298; x_wconf 88' lang='lat' dir='ltr'>sermonibus</span> <span class='ocrx_word' id='word_1_330' title='bbox 826 2265 987 2298; x_wconf 84' lang='lat' dir='ltr'>ethonis</span> <span class='ocrx_word' id='word_1_331' title='bbox 1009 2266 1197 2311; x_wconf 88' lang='lat' dir='ltr'>exemplis,</span> <span class='ocrx_word' id='word_1_332' title='bbox 1223 2266 1305 2310; x_wconf 90' lang='lat' dir='ltr'>quia</span> <span class='ocrx_word' id='word_1_333' title='bbox 1336 2266 1402 2298; x_wconf 86' lang='lat' dir='ltr'>ista</span> <span class='ocrx_word' id='word_1_334' title='bbox 1433 2265 1497 2297; x_wconf 89' lang='lat' dir='ltr'>fuit</span> <span class='ocrx_word' id='word_1_335' title='bbox 1530 2265 1688 2297; x_wconf 87' lang='lat' dir='ltr'>intencio</span> <span class='ocrx_word' id='word_1_336' title='bbox 1717 2265 1860 2297; x_wconf 88' lang='lat' dir='ltr'>illorum</span> <span class='ocrx_word' id='word_1_337' title='bbox 1891 2265 1934 2297; x_wconf 92' lang='lat' dir='ltr'>de</span> <span class='ocrx_word' id='word_1_338' title='bbox 1956 2265 2106 2306; x_wconf 89' lang='lat' dir='ltr'>Ordine,</span> 
     </span>
     <span class='ocr_line' id='line_1_31' title="bbox 239 2331 2108 2377; baseline 0.001 -15"><span class='ocrx_word' id='word_1_339' title='bbox 239 2331 300 2375; x_wconf 89' lang='lat' dir='ltr'>qui</span> <span class='ocrx_word' id='word_1_340' title='bbox 329 2331 573 2364; x_wconf 85' lang='lat' dir='ltr'>fundaverunt</span> <span class='ocrx_word' id='word_1_341' title='bbox 602 2332 736 2365; x_wconf 87' lang='lat' dir='ltr'>dictum</span> <span class='ocrx_word' id='word_1_342' title='bbox 763 2332 971 2377; x_wconf 88' lang='lat' dir='ltr'>collegium,</span> <span class='ocrx_word' id='word_1_343' title='bbox 1000 2340 1034 2366; x_wconf 87' lang='lat' dir='ltr'>et</span> <span class='ocrx_word' id='word_1_344' title='bbox 1063 2333 1130 2365; x_wconf 91' lang='lat' dir='ltr'>hoc</span> <span class='ocrx_word' id='word_1_345' title='bbox 1161 2332 1229 2365; x_wconf 89' lang='lat' dir='ltr'>sub</span> <span class='ocrx_word' id='word_1_346' title='bbox 1251 2331 1641 2365; x_wconf 83' lang='lat' dir='ltr'>excommunicacionis</span> <span class='ocrx_word' id='word_1_347' title='bbox 1671 2344 1761 2376; x_wconf 88' lang='lat' dir='ltr'>pena</span> <span class='ocrx_word' id='word_1_348' title='bbox 1790 2344 1893 2376; x_wconf 86' lang='lat' dir='ltr'>quam</span> <span class='ocrx_word' id='word_1_349' title='bbox 1921 2332 2108 2364; x_wconf 89' lang='lat' dir='ltr'>incurrent</span> 
     </span>
     <span class='ocr_line' id='line_1_32' title="bbox 237 2397 2103 2443; baseline 0.001 -14"><span class='ocrx_word' id='word_1_350' title='bbox 237 2397 318 2442; x_wconf 91' lang='lat' dir='ltr'>ipso</span> <span class='ocrx_word' id='word_1_351' title='bbox 338 2398 430 2430; x_wconf 88' lang='lat' dir='ltr'>sacto</span> <span class='ocrx_word' id='word_1_352' title='bbox 457 2399 676 2431; x_wconf 89' lang='lat' dir='ltr'>eontrarium</span> <span class='ocrx_word' id='word_1_353' title='bbox 701 2399 880 2441; x_wconf 84' lang='lat' dir='ltr'>faciendo,</span> <span class='ocrx_word' id='word_1_354' title='bbox 905 2406 939 2432; x_wconf 90' lang='lat' dir='ltr'>et</span> <span class='ocrx_word' id='word_1_355' title='bbox 960 2399 1049 2432; x_wconf 87' lang='lat' dir='ltr'>tales</span> <span class='ocrx_word' id='word_1_356' title='bbox 1070 2399 1113 2432; x_wconf 86' lang='lat' dir='ltr'>ab</span> <span class='ocrx_word' id='word_1_357' title='bbox 1133 2399 1214 2432; x_wconf 85' lang='lat' dir='ltr'>aliis</span> <span class='ocrx_word' id='word_1_358' title='bbox 1241 2398 1444 2432; x_wconf 86' lang='lat' dir='ltr'>scolaribus</span> <span class='ocrx_word' id='word_1_359' title='bbox 1466 2398 1687 2443; x_wconf 83' lang='lat' dir='ltr'>repellantur</span> <span class='ocrx_word' id='word_1_360' title='bbox 1708 2398 1751 2430; x_wconf 87' lang='lat' dir='ltr'>ab</span> <span class='ocrx_word' id='word_1_361' title='bbox 1773 2410 1897 2430; x_wconf 87' lang='lat' dir='ltr'>eorum</span> <span class='ocrx_word' id='word_1_362' title='bbox 1920 2399 2103 2439; x_wconf 85' lang='lat' dir='ltr'>societate,</span> 
     </span>
     <span class='ocr_line' id='line_1_33' title="bbox 238 2464 2106 2510; baseline 0.001 -14"><span class='ocrx_word' id='word_1_363' title='bbox 238 2464 269 2497; x_wconf 89' lang='lat' dir='ltr'>si</span> <span class='ocrx_word' id='word_1_364' title='bbox 284 2464 455 2497; x_wconf 81' lang='lat' dir='ltr'>volebant</span> <span class='ocrx_word' id='word_1_365' title='bbox 475 2464 609 2498; x_wconf 88' lang='lat' dir='ltr'>ibidem</span> <span class='ocrx_word' id='word_1_366' title='bbox 632 2478 818 2499; x_wconf 91' lang='lat' dir='ltr'>remanere</span> <span class='ocrx_word' id='word_1_367' title='bbox 840 2473 879 2499; x_wconf 88' lang='lat' dir='ltr'>ut</span> <span class='ocrx_word' id='word_1_368' title='bbox 899 2466 1058 2499; x_wconf 90' lang='lat' dir='ltr'>scolares</span> <span class='ocrx_word' id='word_1_369' title='bbox 1079 2467 1157 2499; x_wconf 89' lang='lat' dir='ltr'>sine</span> <span class='ocrx_word' id='word_1_370' title='bbox 1179 2466 1329 2499; x_wconf 90' lang='lat' dir='ltr'>licencia</span> <span class='ocrx_word' id='word_1_371' title='bbox 1347 2466 1484 2498; x_wconf 90' lang='lat' dir='ltr'>domini</span> <span class='ocrx_word' id='word_1_372' title='bbox 1505 2465 1657 2505; x_wconf 83' lang='lat' dir='ltr'>abbatis,</span> <span class='ocrx_word' id='word_1_373' title='bbox 1680 2465 1813 2509; x_wconf 85' lang='lat' dir='ltr'>aliique</span> <span class='ocrx_word' id='word_1_374' title='bbox 1834 2465 1966 2510; x_wconf 71' lang='lat' dir='ltr'>ydonei</span> <span class='ocrx_word' id='word_1_375' title='bbox 1988 2465 2106 2510; x_wconf 90' lang='lat' dir='ltr'>lapso-</span> 
     </span>
     <span class='ocr_line' id='line_1_34' title="bbox 238 2531 2104 2579; baseline 0.001 -16"><span class='ocrx_word' id='word_1_376' title='bbox 238 2543 307 2576; x_wconf 92' lang='lat' dir='ltr'>que</span> <span class='ocrx_word' id='word_1_377' title='bbox 328 2531 425 2564; x_wconf 88' lang='lat' dir='ltr'>dicto</span> <span class='ocrx_word' id='word_1_378' title='bbox 447 2532 698 2577; x_wconf 89' lang='lat' dir='ltr'>quinquennio</span> <span class='ocrx_word' id='word_1_379' title='bbox 719 2533 776 2566; x_wconf 87' lang='lat' dir='ltr'>vel</span> <span class='ocrx_word' id='word_1_380' title='bbox 797 2534 924 2578; x_wconf 86' lang='lat' dir='ltr'>majori</span> <span class='ocrx_word' id='word_1_381' title='bbox 946 2540 1107 2579; x_wconf 88' lang='lat' dir='ltr'>tempore</span> <span class='ocrx_word' id='word_1_382' title='bbox 1136 2534 1272 2578; x_wconf 86' lang='lat' dir='ltr'>prefixo</span> <span class='ocrx_word' id='word_1_383' title='bbox 1296 2546 1314 2565; x_wconf 90' lang='lat' dir='ltr'>a</span> <span class='ocrx_word' id='word_1_384' title='bbox 1335 2533 1481 2565; x_wconf 89' lang='lat' dir='ltr'>domino</span> <span class='ocrx_word' id='word_1_385' title='bbox 1503 2532 1629 2565; x_wconf 88' lang='lat' dir='ltr'>abbate</span> <span class='ocrx_word' id='word_1_386' title='bbox 1651 2532 1730 2564; x_wconf 92' lang='lat' dir='ltr'>loco</span> <span class='ocrx_word' id='word_1_387' title='bbox 1752 2532 1914 2576; x_wconf 89' lang='lat' dir='ltr'>ipsorum</span> <span class='ocrx_word' id='word_1_388' title='bbox 1937 2533 2038 2565; x_wconf 83' lang='lat' dir='ltr'>missi</span> <span class='ocrx_word' id='word_1_389' title='bbox 2062 2532 2104 2565; x_wconf 89' lang='lat' dir='ltr'>ab</span> 
     </span>
     <span class='ocr_line' id='line_1_35' title="bbox 237 2598 2102 2645; baseline 0.001 -15"><span class='ocrx_word' id='word_1_390' title='bbox 237 2610 280 2630; x_wconf 91' lang='lat' dir='ltr'>eo</span> <span class='ocrx_word' id='word_1_391' title='bbox 302 2598 360 2631; x_wconf 90' lang='lat' dir='ltr'>vel</span> <span class='ocrx_word' id='word_1_392' title='bbox 381 2599 433 2631; x_wconf 88' lang='lat' dir='ltr'>eis</span> <span class='ocrx_word' id='word_1_393' title='bbox 455 2611 609 2643; x_wconf 88' lang='lat' dir='ltr'>quorum</span> <span class='ocrx_word' id='word_1_394' title='bbox 634 2600 786 2633; x_wconf 87' lang='lat' dir='ltr'>interest</span> <span class='ocrx_word' id='word_1_395' title='bbox 805 2601 863 2634; x_wconf 89' lang='lat' dir='ltr'>vel</span> <span class='ocrx_word' id='word_1_396' title='bbox 888 2601 1054 2634; x_wconf 89' lang='lat' dir='ltr'>intererit</span> <span class='ocrx_word' id='word_1_397' title='bbox 1078 2601 1298 2645; x_wconf 86' lang='lat' dir='ltr'>recipiantur</span> <span class='ocrx_word' id='word_1_398' title='bbox 1319 2601 1397 2633; x_wconf 88' lang='lat' dir='ltr'>sine</span> <span class='ocrx_word' id='word_1_399' title='bbox 1420 2600 1626 2632; x_wconf 83' lang='lat' dir='ltr'>difficultate</span> <span class='ocrx_word' id='word_1_400' title='bbox 1648 2611 1887 2643; x_wconf 86' lang='lat' dir='ltr'>quacumque,</span> <span class='ocrx_word' id='word_1_401' title='bbox 1915 2607 2102 2644; x_wconf 86' lang='lat' dir='ltr'>postquam</span> 
     </span>
     <span class='ocr_line' id='line_1_36' title="bbox 236 2665 2105 2712; baseline 0.001 -15"><span class='ocrx_word' id='word_1_402' title='bbox 236 2665 371 2698; x_wconf 90' lang='lat' dir='ltr'>suerint</span> <span class='ocrx_word' id='word_1_403' title='bbox 392 2667 583 2699; x_wconf 86' lang='lat' dir='ltr'>examinati</span> <span class='ocrx_word' id='word_1_404' title='bbox 604 2679 668 2712; x_wconf 90' lang='lat' dir='ltr'>per</span> <span class='ocrx_word' id='word_1_405' title='bbox 689 2668 875 2701; x_wconf 90' lang='lat' dir='ltr'>dominum</span> <span class='ocrx_word' id='word_1_406' title='bbox 897 2668 1175 2702; x_wconf 87' lang='lat' dir='ltr'>Cluniacensem</span> <span class='ocrx_word' id='word_1_407' title='bbox 1198 2668 1274 2701; x_wconf 90' lang='lat' dir='ltr'>sive</span> <span class='ocrx_word' id='word_1_408' title='bbox 1296 2668 1487 2712; x_wconf 88' lang='lat' dir='ltr'>deputatos</span> <span class='ocrx_word' id='word_1_409' title='bbox 1508 2666 1550 2699; x_wconf 90' lang='lat' dir='ltr'>ab</span> <span class='ocrx_word' id='word_1_410' title='bbox 1573 2667 1665 2711; x_wconf 81' lang='lat' dir='ltr'>ipso,</span> <span class='ocrx_word' id='word_1_411' title='bbox 1690 2673 1727 2698; x_wconf 89' lang='lat' dir='ltr'>ut</span> <span class='ocrx_word' id='word_1_412' title='bbox 1746 2667 1858 2699; x_wconf 91' lang='lat' dir='ltr'>moris</span> <span class='ocrx_word' id='word_1_413' title='bbox 1880 2673 1945 2699; x_wconf 90' lang='lat' dir='ltr'>est.</span> <span class='ocrx_word' id='word_1_414' title='bbox 1968 2667 2105 2700; x_wconf 88' lang='lat' dir='ltr'>Volunt</span> 
     </span>
     <span class='ocr_line' id='line_1_37' title="bbox 237 2733 2103 2780; baseline 0.001 -16"><span class='ocrx_word' id='word_1_415' title='bbox 237 2739 355 2765; x_wconf 87' lang='lat' dir='ltr'>tamen</span> <span class='ocrx_word' id='word_1_416' title='bbox 376 2733 462 2766; x_wconf 79' lang='lat' dir='ltr'>dicti</span> <span class='ocrx_word' id='word_1_417' title='bbox 484 2733 700 2767; x_wconf 84' lang='lat' dir='ltr'>diffinitores</span> <span class='ocrx_word' id='word_1_418' title='bbox 722 2736 819 2779; x_wconf 92' lang='lat' dir='ltr'>quod</span> <span class='ocrx_word' id='word_1_419' title='bbox 841 2735 1014 2776; x_wconf 83' lang='lat' dir='ltr'>scolares,</span> <span class='ocrx_word' id='word_1_420' title='bbox 1033 2736 1093 2780; x_wconf 92' lang='lat' dir='ltr'>qui</span> <span class='ocrx_word' id='word_1_421' title='bbox 1116 2742 1200 2768; x_wconf 86' lang='lat' dir='ltr'>sunt</span> <span class='ocrx_word' id='word_1_422' title='bbox 1221 2735 1264 2767; x_wconf 87' lang='lat' dir='ltr'>(le</span> <span class='ocrx_word' id='word_1_423' title='bbox 1287 2734 1447 2779; x_wconf 83' lang='lat' dir='ltr'>presenti</span> <span class='ocrx_word' id='word_1_424' title='bbox 1470 2734 1505 2765; x_wconf 91' lang='lat' dir='ltr'>iu</span> <span class='ocrx_word' id='word_1_425' title='bbox 1526 2733 1683 2778; x_wconf 84' lang='lat' dir='ltr'>collegio</span> <span class='ocrx_word' id='word_1_426' title='bbox 1701 2740 1736 2766; x_wconf 88' lang='lat' dir='ltr'>et</span> <span class='ocrx_word' id='word_1_427' title='bbox 1756 2734 1816 2778; x_wconf 89' lang='lat' dir='ltr'>qui</span> <span class='ocrx_word' id='word_1_428' title='bbox 1838 2733 1972 2766; x_wconf 90' lang='lat' dir='ltr'>ibidem</span> <span class='ocrx_word' id='word_1_429' title='bbox 1995 2740 2103 2766; x_wconf 85' lang='lat' dir='ltr'>stete-</span> 
     </span>
     <span class='ocr_line' id='line_1_38' title="bbox 236 2799 2101 2847; baseline 0.001 -16"><span class='ocrx_word' id='word_1_430' title='bbox 236 2806 320 2832; x_wconf 89' lang='lat' dir='ltr'>runt</span> <span class='ocrx_word' id='word_1_431' title='bbox 342 2799 435 2832; x_wconf 88' lang='lat' dir='ltr'>ultra</span> <span class='ocrx_word' id='word_1_432' title='bbox 463 2801 766 2845; x_wconf 84' lang='lat' dir='ltr'>quinquennium,</span> <span class='ocrx_word' id='word_1_433' title='bbox 786 2802 830 2835; x_wconf 91' lang='lat' dir='ltr'>de</span> <span class='ocrx_word' id='word_1_434' title='bbox 860 2803 981 2847; x_wconf 83' lang='lat' dir='ltr'>gracia</span> <span class='ocrx_word' id='word_1_435' title='bbox 1010 2802 1158 2847; x_wconf 88' lang='lat' dir='ltr'>speciali</span> <span class='ocrx_word' id='word_1_436' title='bbox 1189 2808 1397 2834; x_wconf 86' lang='lat' dir='ltr'>remaneant</span> <span class='ocrx_word' id='word_1_437' title='bbox 1426 2801 1559 2833; x_wconf 89' lang='lat' dir='ltr'>ibidem</span> <span class='ocrx_word' id='word_1_438' title='bbox 1592 2800 1675 2832; x_wconf 88' lang='lat' dir='ltr'>hine</span> <span class='ocrx_word' id='word_1_439' title='bbox 1704 2800 1747 2832; x_wconf 88' lang='lat' dir='ltr'>ad</span> <span class='ocrx_word' id='word_1_440' title='bbox 1775 2812 1921 2842; x_wconf 88' lang='lat' dir='ltr'>annum,</span> <span class='ocrx_word' id='word_1_441' title='bbox 1939 2807 1973 2833; x_wconf 91' lang='lat' dir='ltr'>et</span> <span class='ocrx_word' id='word_1_442' title='bbox 2002 2801 2101 2845; x_wconf 84' lang='lat' dir='ltr'>lapso</span> 
     </span>
    </p>
   </div>
   <div class='ocr_carea' id='block_1_3' title="bbox 236 2867 2102 2914">
    <p class='ocr_par' dir='ltr' id='par_1_5' title="bbox 236 2867 2102 2914">
     <span class='ocr_line' id='line_1_39' title="bbox 236 2867 2102 2914; baseline 0.001 -16"><span class='ocrx_word' id='word_1_443' title='bbox 236 2877 329 2899; x_wconf 84' lang='lat' dir='ltr'>anno</span> <span class='ocrx_word' id='word_1_444' title='bbox 352 2873 542 2900; x_wconf 86' lang='lat' dir='ltr'>teneantur</span> <span class='ocrx_word' id='word_1_445' title='bbox 563 2868 735 2901; x_wconf 85' lang='lat' dir='ltr'>recedere</span> <span class='ocrx_word' id='word_1_446' title='bbox 757 2881 775 2901; x_wconf 88' lang='lat' dir='ltr'>a</span> <span class='ocrx_word' id='word_1_447' title='bbox 796 2869 892 2902; x_wconf 90' lang='lat' dir='ltr'>dicto</span> <span class='ocrx_word' id='word_1_448' title='bbox 915 2869 1072 2914; x_wconf 84' lang='lat' dir='ltr'>collegio</span> <span class='ocrx_word' id='word_1_449' title='bbox 1095 2869 1162 2901; x_wconf 90' lang='lat' dir='ltr'>sub</span> <span class='ocrx_word' id='word_1_450' title='bbox 1192 2869 1295 2913; x_wconf 87' lang='lat' dir='ltr'>penis</span> <span class='ocrx_word' id='word_1_451' title='bbox 1326 2868 1513 2913; x_wconf 78' lang='lat' dir='ltr'>predictis,</span> <span class='ocrx_word' id='word_1_452' title='bbox 1537 2867 1607 2899; x_wconf 83' lang='lat' dir='ltr'>nisi</span> <span class='ocrx_word' id='word_1_453' title='bbox 1636 2867 1745 2899; x_wconf 86' lang='lat' dir='ltr'>suerit</span> <span class='ocrx_word' id='word_1_454' title='bbox 1771 2879 1849 2899; x_wconf 88' lang='lat' dir='ltr'>cum</span> <span class='ocrx_word' id='word_1_455' title='bbox 1878 2868 1930 2899; x_wconf 82' lang='lat' dir='ltr'>eis</span> <span class='ocrx_word' id='word_1_456' title='bbox 1956 2868 2102 2912; x_wconf 79' lang='lat' dir='ltr'>dispen-</span> 
     </span>
    </p>
   </div>
  </div>
 </body>
</html>
