2502 3418
1137 332 1304 353 TABULA.
2089 325 2154 358 775

284 404 2149 422 Q

785 426 788 437 ι

284 450 344 472 2513

283 508 344 530 2514

282 654 343 676 2515

281 755 343 778 2516

280 857 340 880 2517

279 915 339 938 2518
374 914 524 940 1434-1437

278 1017 353 1040 2518α

278 1120 339 1142 2519

277 1177 339 1200 2520

276 1235 333 1257 2521

276 1337 336 1360 2522

275 1440 335 1463 2523

274 1542 335 1565 2524

274 1600 335 1623 2525

274 1658 334 1681 2526

273 1716 333 1739 2527

272 1774 332 1796 2528

271 1831 332 1854 2529

270 1934 331 1956 2530

269 1991 328 2014 2531

267 2138 328 2161 2532

267 2196 327 2219 2533

265 2303 326 2325 2534

265 2409 325 2433 2535

264 2472 325 2494 2536

263 2578 323 2601 2537

262 2685 322 2707 2538

261 2747 322 2770 2539

260 2854 321 2877 2540

405 469 408 471 μ
420 449 484 475 ¹437

416 1017 483 1042 1⁴38

364 2138 509 2164 1438-1439

403 2196 470 2221 1439

573 757 637 780 Ante
651 757 710 780 Dec.
728 758 754 781 11

566 858 717 883 Decembris
734 861 763 883 20

555 1039 559 1042 .
588 1020 707 1043 Januarii
723 1022 736 1043 3

571 1123 707 1146 Februarii
723 1125 751 1147 22

599 1181 697 1211 Aprilis
712 1183 726 1205 8

605 1340 665 1363 Maii
683 1341 711 1364 15

553 1443 716 1473 Septembris
736 1445 763 1466 12

574 1545 742 1577 Mart.-Sept.

581 1603 735 1634 Septembre

563 1719 627 1743 Nov.
644 1720 748 1743 ineunte

565 1777 701 1800 Februarii
717 1779 746 1800 23

583 1835 681 1866 Aprilis
696 1836 724 1858 14

602 1938 675 1961 Junii
692 1939 702 1961 1

598 1995 663 2018 Julii
679 1997 706 2019 11

561 2141 739 2165 Octob.-.lulio

556 2200 719 2230 Septembris
735 2203 748 2223 5

558 2476 737 2506 Sept.—Octob.

561 2583 634 2614 Sept.
650 2584 689 2613 24,
707 2585 736 2607 25

563 2690 686 2713 Octobris
700 2691 729 2713 10

536 2854 616 2881 ,Now
633 2854 738 2877 ineunte
780 2854 899 2884 Magistri
915 2857 1034 2884 regentes
1048 2853 1073 2875 in
1089 2853 1211 2876 facultate
1227 2852 1370 2875 medicinae
1385 2860 1426 2875 an.
1445 2851 1577 2874 1439-1440
1595 2869 2038 2875 ..................

573 450 638 473 Nov.
655 450 758 475 ineunte
785 440 920 481 ¹Magistri
936 453 1055 481 regentes
1073 450 1205 472 facultatis
1223 450 1366 473 medicinae
1386 458 1428 472 an.
1449 450 1548 472 1437-38
1565 467 2062 476 ....................
2108 453 2150 475 601

567 508 723 531 Novembris
738 508 767 530 12
801 507 910 530 Carolus
924 507 969 530 VII
985 507 1118 530 civitatem
1133 507 1216 532 Paris,
1230 507 1367 538 ingressus
1383 510 1432 536 est,
1445 507 1520 537 eique
1537 510 1631 537 rector,
1645 508 1764 530 doctores
1780 511 1805 531 et
1823 508 1943 539 magistri
1954 509 2064 532 Univer-

831 551 917 574 sitatis
933 551 1038 574 obviam
1055 552 1167 574 iverunt.
1181 553 1245 574 Ante
1258 551 1360 582 portale
1374 552 1484 574 Nostrae
1500 551 1625 574 Dominae
1640 552 1802 575 Universitas
1819 562 1832 573 «
1848 553 1943 575 devant
1956 553 1992 575 lui
2005 561 2064 583 pro-

830 604 895 627 posa
910 604 941 618 en
957 596 1048 619 brief»
1054 612 1807 620 ..............................
1820 593 1822 595 ’
1828 613 2062 622 ..........
2107 599 2151 621 601

741 657 770 677 30
800 653 909 676 Carolus
923 654 977 682 Vll,
994 654 1154 676 Francorum
1171 662 1223 680 rex,
1236 653 1338 676 litteras
1354 653 1471 684 Philippi
1483 653 1579 676 Valesii
1595 653 1626 676 de
1639 653 1816 684 apothecariis
1833 657 1910 684 atque
1929 654 2014 677 Caroli
2032 654 2060 676 Vl

830 698 861 720 dc
873 698 1001 720 medicina
1015 698 1118 720 nonnisi
1135 698 1168 720 ab
1185 698 1340 721 examinatis
1354 698 1497 721 exercenda
1512 698 1650 720 confirmat
1669 714 2062 721 ................
2107 700 2151 722 601

800 755 964 778 Universitas
983 755 1117 786 supplicat
1132 755 1250 786 Eugenio
1264 756 1305 781 lv,
1324 759 1353 778 ut
1367 756 1479 778 Alanum
1497 756 1528 778 de
1547 756 1690 786 Lcspervcz
1710 755 1743 778 ad
1762 755 1879 786 aliquam
1904 755 1991 778 sedem
2011 755 2064 786 cpi—

828 800 961 831 scopalem
972 803 1133 831 promoveat.
1154 817 1160 823 .
1181 817 1186 822 .
1207 820 1211 824 .
1232 817 1597 824 ...............
1618 820 1622 824 .
1645 817 2062 825 .................
2108 802 2153 824 602

799 857 934 881 Licentiati
948 858 974 880 in
991 858 1114 881 facultate
1129 858 1276 889 theologiae
1281 874 2061 881 ...............................
2107 859 2152 881 602

798 916 963 939 Universitas
979 916 1011 938 ad
1025 916 1163 946 quemdam
1180 915 1328 946 principem
1342 915 1446 946 (ducem
1462 915 1631 946 Burgundiae
1640 916 1666 944 ἓ),
1681 918 1709 938 ut
1720 923 1747 938 se
1758 923 1806 946 pro
1814 915 1933 938 ,Iohanne
1943 915 2060 941 ,lot-dani.

829 960 924 983 abbate
941 961 966 983 S.
984 960 1053 983 Petri
1069 960 1095 983 in
1107 960 1180 983 Valle
1198 960 1362 989 Carnutens.‚
1378 960 1529 991 interponat
1541 977 2060 984 .....................
2107 962 2152 984 603

796 1018 929 1040 Johannes
946 1018 1110 1048 Typhaigne,
1127 1018 1275 1048 presbyter,
1292 1017 1408 1040 medicus
1425 1017 1512 1040 Caroli
1528 1018 1581 1045 Vll,
1600 1017 1715 1048 Eugenio
1734 1018 1766 1040 IV
1786 1017 1928 1048 supplicat,
1944 1020 1973 1040 ut
1987 1017 2062 1040 Pari-

827 1062 874 1085 siis
890 1063 931 1085 vel
944 1063 970 1085 in
987 1063 1038 1085 alio
1055 1062 1142 1085 studio
1158 1062 1275 1093 generali
1291 1062 1317 1084 in
1334 1062 1462 1085 medicina
1476 1070 1575 1093 regere,
1593 1062 1688 1093 legere,
1710 1065 1769 1094 etc„
1785 1062 1870 1093 possit
1876 1079 2060 1086 ........
2106 1065 2152 1086 604

798 1120 972 1144 [ἀρειιῑὶιιῑὶἰη
990 1120 1113 1143 facultate
1129 1119 1273 1143 medicinae
1277 1136 2060 1144 ...............................
2105 1122 2151 1143 604

796 1178 933 1201 Licentiati
948 1177 974 1200 in
992 1178 1115 1200 facultate
1131 1177 1295 1200 decretorum
1300 1194 2059 1201 ..............................
2105 1180 2151 1201 604

797 1236 960 1259 Universitas
974 1235 1049 1266 eligit
1062 1235 1267 1258 ambassiatores
1286 1235 1318 1257 ad
1335 1234 1480 1258 Concilium
1496 1235 1621 1257 ecclesiae
1642 1234 1793 1258 Gallicanae
1817 1235 1980 1258 Bituricense
1998 1235 2060 1258 mit-

826 1280 917 1302 tendos
931 1296 2058 1304 ............................................
2104 1282 2151 1304 605

795 1338 853 1360 Fac.
875 1338 1039 1360 decretorum
1054 1338 1113 1360 Joh.
1135 1337 1271 1360 Chuffardi
1291 1340 1316 1360 et
1340 1336 1510 1360 Eustachium
1526 1337 1657 1366 Mareade,
1672 1337 1773 1367 legatos
1801 1338 1832 1360 ad
1849 1345 1937 1368 regem
1952 1337 2058 1367 missos,

824 1386 976 1413 praesentes
990 1385 1103 1413 reputat.
1121 1402 1126 1407 .
1147 1399 1153 1404 .
1173 1398 2057 1407 ...................................
2103 1384 2149 1406 605

794 1441 944 1463 Mandatum
961 1440 1075 1471 Capituli
1089 1440 1221 1470 generalis
1237 1439 1346 1463 Cisterc.
1360 1440 1391 1462 de
1407 1439 1573 1462 scholaribus
1591 1440 1623 1462 ad
1637 1439 1783 1470 Collegium
1800 1440 1825 1463 S.
1843 1440 1970 1463 Boi-nardi
1983 1440 2058 1463 Pari-

824 1485 871 1508 siis
885 1485 1022 1508 mittendis
1035 1500 2056 1508 ........................................
2102 1486 2148 1508 606

793 1543 920 1566 Cursores
938 1543 964 1565 in
981 1543 1105 1565 facultate
1120 1542 1268 1573 theologiae
1272 1559 1589 1565 .............
1610 1562 1614 1565 .
1635 1558 2055 1566 .................
2101 1544 2147 1566 606

793 1600 960 1624 Sententiarii
974 1604 998 1623 et
1014 1600 1107 1624 Bibliei
1123 1600 1285 1623 parisienses
1296 1616 2055 1624 ..............................
2100 1601 2146 1624 606

792 1658 912 1689 Magistri
928 1662 1048 1689 regentes
1064 1658 1090 1680 in
1107 1657 1248 1689 theologia.
1273 1674 2002 1681 .............................
2024 1678 2026 1680 .
2048 1676 2053 1681 .
2099 1659 2144 1681 607

792 1716 912 1747 Magistri
924 1719 1044 1747 regentes
1059 1716 1191 1738 facultatis
1209 1715 1351 1738 medicinae
1364 1723 1406 1738 an.
1423 1715 1528 1737 1438-39
1532 1732 2053 1738 .....................
2099 1717 2143 1739 607

790 1774 939 1804 Gerolphus
956 1774 1036 1802 Habe,
1053 1773 1141 1796 licent.
1158 1773 1183 1796 in
1197 1773 1267 1796 decr.
1284 1772 1403 1801 Parisiis,
1420 1772 1446 1795 in
1462 1772 1514 1795 alio
1534 1772 1621 1795 studio
1640 1772 1805 1795 doctoratum
1826 1772 1942 1803 recipere
1956 1775 2052 1803 potest.
2098 1774 2143 1796 607

790 1832 922 1854 Statutum
936 1831 1069 1854 facultatis
1084 1830 1243 1862 theologiae.
1259 1830 1329 1861 quod
1345 1830 1467 1853 licentiae
1487 1829 1512 1852 in
1535 1829 1614 1852 theol.
1639 1830 1733 1853 dentur
1749 1830 1833 1852 solum
1853 1830 1884 1852 de
1908 1830 2012 1853 biennio
2026 1830 2052 1853 in

819 1876 954 1899 biennium
958 1891 2050 1900 ...........................................
2096 1875 2141 1898 608

788 1933 925 1956 Licentiati
937 1934 962 1956 in
978 1934 1102 1956 facultate
1118 1933 1265 1963 theologiae
1269 1949 2049 1956 ...............................
2095 1934 2141 1955 608

786 1991 901 2014 Jacobus
917 1992 949 2014 de
965 1991 1071 2022 Brngis,
1088 1991 1195 2013 Eremit.
1213 1991 1239 2014 S.
1256 1991 1332 2021 Aug.,
1349 1990 1394 2021 qui
1409 1998 1470 2012 suos
1487 1998 1579 2012 cursus
1592 1989 1699 2012 Parisiis
1708 1989 1825 2020 perfecit,
1839 1989 1954 2021 illucque
1965 1990 2050 2013 redire

817 2044 868 2058 non
883 2039 980 2067 potest,
996 2035 1128 2067 supplicat
1139 2035 1256 2066 Eugenio
1268 2035 1308 2062 lv,
1319 2038 1347 2057 ut
1360 2034 1467 2058 Lovanii
1484 2034 1523 2057 vel
1536 2034 1560 2056 in
1573 2034 1624 2056 alio
1638 2033 1725 2056 studio
1738 2034 1855 2064 generali
1867 2034 2047 2065 magisterium

816 2081 951 2111 suscipere
966 2080 1052 2111 possit
1055 2095 2047 2104 .......................................
2093 2080 2138 2102 609

785 2138 912 2162 Cursores
929 2138 955 2161 in
975 2138 1099 2161 facultate
1116 2137 1264 2168 theologiae
1267 2153 2045 2161 ...............................
2092 2137 2138 2159 609

784 2196 917 2220 Johannes
934 2197 957 2219 le
968 2196 1051 2226 Bugle
1065 2195 1200 2226 supplicat
1213 2194 1330 2225 Engenio
1347 2195 1388 2222 lv,
1406 2197 1433 2217 ut
1446 2194 1471 2216 in
1489 2194 1618 2216 notarium
1636 2197 1660 2216 et
1674 2194 1788 2216 scribam
1803 2194 1891 2216 curiae
1907 2202 2046 2217 conserva-

815 2241 879 2263 toris
891 2241 1062 2263 confirmetur
1081 2255 1682 2264 ........................
1704 2259 1707 2262 .
1729 2255 2044 2263 .............
2091 2239 2136 2261 609

734 2312 739 2318 ·
784 2303 935 2334 Capitulum
951 2302 1125 2326 Cisterciense
1141 2301 1240 2330 definit,
1261 2301 1369 2324 abbates
1384 2300 1427 2332 qui
1444 2309 1457 2323 a
1474 2300 1598 2323 decennio
1616 2300 1641 2322 in
1667 2300 1752 2322 studio
1777 2300 1920 2323 Parisiensi
1945 2301 2045 2324 nullum

812 2347 959 2370 scholarem
972 2350 1120 2375 tenuerunt,
1137 2345 1335 2377 suspendendos
1349 2353 1406 2368 esse
1424 2362 1661 2368 ..........
1680 2366 1684 2369 ,
1706 2362 2044 2369 ..............
2090 2345 2135 2367 610

784 2409 949 2433 Universitas
964 2409 1090 2440 proponit
1105 2409 1246 2439 deputatos
1264 2407 1327 2438 eligi
1342 2408 1374 2430 ad
1394 2407 1540 2430 Concilium
1557 2406 1635 2429 trium
1652 2407 1773 2429 Statuam
1791 2406 1930 2430 mittendos
1935 2424 2043 2431 .....
2089 2407 2134 2429 610

785 2481 793 2494 ¹‹
813 2472 1001 2495 lnstructiones
1032 2471 1241 2494 ambaxiatorum
1273 2469 1459 2493 Universitatis
1492 2469 1754 2492 transmittendorum
1781 2469 1813 2491 ad
1844 2469 2043 2493 convencionem

812 2516 891 2539 trium
909 2517 1030 2539 Statuam
1046 2516 1123 2546 hujus
1140 2515 1214 2546 regni
1229 2523 1278 2546 pro
1293 2522 1357 2545 pace
1372 2514 1507 2545 generali)
1509 2523 2042 2538 ......................
2088 2514 2134 2536 610

781 2578 947 2602 Universitas
961 2578 1001 2601 bis
1020 2586 1046 2601 se
1062 2578 1180 2608 opponit,
1196 2585 1227 2600 ne
1243 2577 1376 2599 scholares
1392 2576 1456 2604 veri,
1473 2576 1620 2598 baccalarci
1645 2579 1669 2598 et
1685 2575 1806 2606 magistri
1824 2576 1937 2606 vectigal
1953 2584 1967 2599 a
1981 2576 2044 2599 bur-

811 2623 937 2654 gensibus
952 2622 1093 2645 Parisiens.
1110 2622 1170 2644 vino
1186 2621 1339 2652 impositum
1355 2620 1458 2643 solvant
1470 2637 2041 2644 .......................
2087 2622 2132 2644 613

781 2685 902 2708 Facultas
919 2685 1083 2707 decretorum
1101 2687 1192 2707 contra
1207 2683 1350 2714 magistros
1366 2691 1428 2705 suos
1443 2682 1656 2713 praevaricantes
1672 2690 1770 2713 poenas
1787 2683 1879 2705 statuit
1881 2699 2040 2706 .......
2087 2684 2132 2706 613

779 2747 838 2770 Joh.
854 2747 934 2770 Mileti
950 2747 1072 2777 explicat,
1087 2755 1138 2777 quo
1154 2746 1247 2768 aetatis
1264 2754 1331 2768 anno
1351 2745 1451 2768 baccal.
1468 2747 1492 2767 et
1507 2744 1595 2767 licent.
1619 2744 1698 2767 theol.
1724 2747 1784 2767 tunc
1801 2745 1908 2767 Parisiis
1929 2745 2041 2769 obtineri

811 2792 914 2823 possint
917 2806 2039 2814 ............................................
2086 2791 2131 2813 613

2086 2853 2130 2875 614
