2502 3418
408 351 471 383 564
989 357 1307 381 CHARTULARIUM
1334 356 1526 378 UNtVEns.
1563 357 1693 379 PAnls.
2174 342 2275 379 [1434

407 464 555 501 2456.
583 473 758 498 Πιιίνθι·.ςίἰα3
774 472 869 498 Paris.
887 471 1002 497 cuidam
1022 471 1157 505 praelato
1175 471 1203 496 in
1219 470 1356 506 partibus
1378 469 1582 504 Normanniae,
1603 473 1633 495 ut
1652 469 1802 495 libertates
1827 468 2026 495 Universitalis
2047 468 2152 494 ibidem
2174 471 2274 494 contra

497 531 681 558 oppressores
693 526 893 559 protegamur.
1963 555 1968 560 ¹

1442 556 1515 585 7433,
1531 556 1591 582 unii
1602 557 1729 586 29-1434,
1745 557 1802 582 Dec.
1821 556 1858 584 18.
1875 556 1988 581 ΡανῘεῘι-ς.

496 638 748 679 [Paternitatis]
769 644 890 671 vestre
911 637 1054 670 favores
1077 643 1111 669 et
1128 648 1245 681 opem,
1269 647 1343 668 rev.
1367 642 1468 680 pater
1488 636 1525 668 in
1546 635 1707 676 Christo,
1729 635 1886 668 validum
1903 634 2040 667 nostris
2062 634 2100 666 in
2120 632 2273 679 agendis

405 705 548 738 tociens
575 705 768 750 prebuisse
796 705 968 749 juvamen
997 715 1240 748 sepenumero
1270 702 1517 747 probavimus.
1547 704 1598 735 Eo
1622 709 1740 735 tamen
1768 709 1888 736 vestre
1916 701 2089 745 tuitionisv
2109 700 2273 734 subsidia

405 771 514 805 nobis
544 772 661 816 magis
701 784 740 804 ac
775 771 890 816 magis
933 770 1102 816 opitulari
1137 770 1377 815 providimus,
1410 776 1543 815 quanto
1577 776 1782 803 nostrarum
1808 771 1890 815 jura
1920 769 2129 802 libertatum
2165 767 2273 801 solito

404 839 558 883 amplius
580 839 796 883 inspicimus
823 838 1044 882 pregravari.
1077 838 1216 880 Quanta
1245 837 1339 869 enim
1362 837 1499 870 nostris
1521 836 1669 882 juribus
1691 836 1875 870 obstacula
1906 835 2083 882 prebeant
2106 834 2274 868 nonnulli

406 906 442 938 in
464 912 584 950 partes
606 905 796 950 presertim
820 905 1054 946 Normannie,
1077 911 1233 938 vestram
1257 904 1405 937 novisse
1434 904 1674 937 reverentiam
1698 904 1784 938 satis
1811 904 2007 937 credimus.
2039 902 2144 936 Nulla
2177 902 2271 935 enim

404 972 566 1017 partibus
588 973 623 1004 in
645 972 736 1016 ipsis
753 978 961 1004 nostrorum
984 978 1281 1004 conservatorum
1304 971 1481 1004 mandatis
1503 971 1710 1004 obedientia
1740 978 1935 1016 prestatur,
1967 982 2037 1016 que
2057 977 2177 1003 tamen
2201 969 2274 1015 pri-

402 1040 507 1072 stinis
524 1051 671 1072 ovorum
691 1038 883 1071 curriculis
900 1051 918 1071 a
939 1039 1080 1071 cunctis
1098 1038 1295 1084 amplexari
1315 1038 1391 1072 visa
1409 1045 1494 1071 sunt
1511 1045 1735 1080 reverenter,
1750 1039 1797 1072 ita
1819 1045 1857 1071 ut
1873 1045 2081 1071 nostrorum
2103 1036 2274 1082 supposi—

401 1113 517 1139 torum
547 1106 629 1139 lites
664 1106 755 1139 intra
784 1118 909 1139 muros
937 1106 1165 1139 Parisienses
1194 1106 1387 1139 terminum
1421 1106 1609 1151 suscipere
1637 1107 1819 1139 notorium
1848 1106 2004 1151 quisque
2036 1111 2190 1150 putaret.
2231 1105 2275 1137 Et

402 1186 617 1218 quamquam
641 1173 840 1206 reverenda
861 1180 982 1207 vestra
1004 1174 1202 1218 paternitas
1223 1185 1341 1219 nuper
1362 1174 1457 1219 apud
1484 1186 1552 1207 nos
1573 1173 1718 1207 labores
1739 1173 1804 1207 hac
1825 1174 1862 1206 in
1886 1185 1924 1207 re
1946 1172 2149 1218 subegerit,
2173 1171 2272 1205 nulla

400 1247 518 1273 tamen
540 1240 646 1273 nobis
671 1241 787 1273 extitit
807 1241 990 1286 impertita
1012 1241 1187 1286 provisio.
1211 1242 1335 1286 Itaque
1365 1241 1449 1274 dum
1474 1241 1569 1286 apud
1597 1242 1744 1286 patriam
1779 1241 1963 1283 residetis,
1983 1253 2002 1273 a
2027 1252 2097 1285 qua
2122 1239 2272 1273 suborte

400 1314 485 1340 sunt
505 1307 668 1352 querelle
686 1308 965 1352 premissorum,
989 1315 1024 1341 et
1044 1308 1131 1341 illuc
1152 1309 1372 1353 presentiam
1396 1315 1477 1354 agat
1497 1308 1667 1342 dominus
1696 1308 2004 1342 honoratissimus
2036 1314 2143 1352 atque
2170 1319 2273 1341 reve-

399 1375 640 1407 rendissimus
674 1381 788 1420 pater,
816 1375 986 1408 dominus
1017 1375 1167 1408 Francie
1193 1375 1446 1417 cancellarius,
1476 1377 1581 1420 cujus
1610 1382 1785 1421 operante
1811 1375 2039 1421 providentia
2070 1374 2271 1408 clarissima

397 1442 573 1486 consequi
612 1442 721 1487 petita
752 1454 955 1487 speramus,
986 1450 1108 1476 vestre
1142 1443 1344 1475 reverende
1375 1443 1601 1488 paternitatis
1630 1443 1770 1476 solitam
1802 1443 2103 1476 benivolentiam¹
2137 1442 2272 1487 impre-

399 1521 521 1542 camur
546 1509 693 1551 obnixe,
716 1515 894 1554 quatenus
923 1509 1078 1542 sublatis
1108 1510 1263 1555 partium
1291 1509 1434 1543 illarum
1468 1509 1668 1543 obstaculis
1698 1510 1906 1543 memoratis
1935 1516 2055 1543 vestra
2076 1521 2142 1555 pro
2164 1509 2270 1542 nobis

397 1576 653 1620 providissima
675 1576 837 1609 sollertia
859 1583 974 1610 tantas
997 1589 1127 1622 operas
1148 1577 1325 1622 impartiri
1343 1577 1528 1622 dignetur,
1552 1584 1589 1610 ut
1611 1577 1911 1611 reverendissimi
1936 1577 2101 1622 ejusdem
2132 1576 2270 1609 domini

397 1643 602 1676 cancellarii
623 1644 835 1676 auctoritate
857 1644 1075 1689 disponente
1098 1651 1222 1677 nostra
1243 1644 1447 1690 privillegia
1471 1645 1577 1678 solite
1598 1645 1822 1690 antiquitatis
1844 1656 1953 1678 cursu
1974 1644 2094 1678 taliter
2109 1644 2269 1689 vigeant,

396 1711 493 1755 quod
514 1711 651 1743 nostris
672 1710 880 1744 obedientia
895 1711 1085 1755 judicibus
1107 1711 1304 1756 prebeatur
1324 1711 1460 1757 ubique
1485 1719 1673 1754 consueta,
1692 1719 1731 1745 ut
1751 1712 1895 1745 tandem
1917 1711 2140 1757 provisionis
2159 1710 2268 1756 hujus

396 1778 515 1810 medio
547 1784 670 1811 nostre
699 1778 960 1811 Universitatis
983 1778 1173 1824 dissipatio
1195 1786 1371 1812 arceatur.
1396 1780 1439 1812 Et
1468 1780 1673 1813 nesciamus
1694 1780 1910 1814 adveniente
1934 1779 2100 1825 principe
2133 1778 2269 1812 illustri

397 1845 544 1877 domino
573 1851 724 1890 regente
755 1845 923 1878 Francie²
960 1846 1100 1879 tociens
1143 1858 1207 1891 per
1234 1859 1302 1879 nos
1327 1847 1468 1892 quesita
1494 1847 1652 1880 remedia
1683 1847 1859 1892 conqueri
1888 1847 2026 1880 nostris
2057 1846 2268 1892 equissimis

396 1911 567 1957 precibus
589 1913 736 1945 minime
758 1913 950 1958 impertita.
973 1914 1106 1947 Vestre
1127 1914 1280 1959 insuper
1300 1914 1505 1959 paternitati
1527 1915 1677 1960 egregie
1699 1915 1870 1947 maximas
1887 1914 2050 1947 dicemus
2071 1914 2266 1959 gratiarum

397 1979 571 2020 actiones,
599 1992 668 2024 que
691 1980 783 2012 circa
815 1980 1063 2025 provisionem
1094 1980 1397 2014 commendabilis
1423 1982 1732 2027 disertissimique
1759 1981 1876 2015 nostri
1901 1993 1967 2027 pro
1992 1993 2088 2014 nunc
2114 1981 2267 2014 rectoris

397 2047 496 2080 vices
518 2053 553 2079 et
573 2059 703 2092 operas
720 2048 858 2080 curavit
878 2048 1091 2093 impendere
1109 2048 1215 2081 solita
1235 2048 1501 2094 benignissima
1522 2049 1668 2082 caritate
1689 2056 1810 2083 vestre
1825 2049 1990 2094 ejusdem
2007 2048 2267 2082 dominationis

400 2114 612 2155 reverende,
632 2127 737 2159 quam
758 2115 914 2148 feliciter
926 2122 961 2148 et
975 2116 1096 2149 votive
1114 2115 1277 2149 Salvator
1298 2123 1425 2150 noster
1441 2116 1574 2162 dirigat
1590 2123 1626 2149 et
1641 2123 1783 2150 tueatur
1799 2117 1835 2149 in
1853 2129 1971 2150 evum.
1986 2117 2182 2162 Scriptum,
2195 2122 2264 2149 ete.

493 2213 607 2237 Minuta
622 2213 737 2237 chartac.
753 2213 884 2245 principio
903 2222 996 2237 manca
1015 2214 1041 2237 in
1059 2214 1136 2239 Arch.
1157 2218 1210 2238 nat.
1227 2215 1322 2243 Paris.⁷
1341 2216 1365 2238 M
1385 2216 1436 2245 65¹,
1453 2219 1482 2238 n⁰
1502 2216 1546 2238 129
1561 2215 1634 2245 (olim
1656 2216 1685 2239 A.
1705 2216 1744 2238 33.
1759 2215 1834 2245 hhh).
1853 2229 1884 2233 —
1899 2215 2004 2247 Scripta
2021 2215 2126 2239 videtur
2143 2215 2266 2246 epistola,

398 2258 510 2280 sortasse
526 2258 557 2280 ad
572 2258 693 2281 abbatem
710 2258 898 2288 Fiscamuens„
915 2262 1033 2290 tempore
1046 2268 1097 2290 quo
1113 2259 1287 2282 cancellarius
1303 2260 1437 2288 Framiae,
1450 2260 1597 2283 Ludovicus
1613 2261 1644 2283 de
1658 2261 1851 2291 Luxemburgo,
1867 2260 1975 2283 absente
1990 2260 2109 2283 Johanne
2120 2260 2185 2283 duce
2201 2260 2268 2283 Bed-

399 2302 506 2329 sordiac,
526 2311 619 2333 regens
636 2303 760 2327 Franciae
777 2304 833 2332 suit,
852 2304 869 2327 i.
890 2312 911 2327 e.
928 2305 1071 2335 post1433,
1085 2304 1146 2327 Maii
1162 2305 1191 2327 29
1206 2304 1269 2336 (vid.
1285 2304 1362 2329 Arch.
1381 2308 1434 2328 nat.
1449 2305 1542 2333 Paris„
1559 2306 1604 2328 x·-
1618 2306 1687 2333 8505,
1703 2306 1748 2328 sol.
1765 2305 1807 2334 232
1824 2305 1962 2335 Frimnu-m,
1978 2305 2051 2330 Hisc.
2062 2307 2095 2329 de
2110 2305 2138 2329 la
2153 2305 2218 2329 ville
2234 2306 2268 2329 de

397 2347 492 2375 Paris,
509 2347 535 2376 Vr
553 2356 579 2378 p.
596 2349 659 2377 286).

493 2423 516 2448 1.
536 2423 632 2448 Charta
644 2431 650 2447 t
667 2433 679 2445 «
692 2424 927 2455 beniguolentiam.
943 2435 956 2447 n
974 2439 1002 2443 —
1014 2425 1039 2450 2.
1053 2426 1099 2450 An.
1113 2426 1183 2456 1434,
1200 2426 1320 2450 Decemb.
1337 2426 1376 2457 18,
1394 2426 1509 2450 Parisios
1525 2426 1604 2451 venit.
1615 2427 1742 2452 Journal
1755 2427 1824 2452 d’un
1839 2427 1992 2458 bouryeois,
2004 2436 2031 2459 p.
2045 2427 2101 2451 301.

401 2589 544 2627 2457.
568 2600 744 2627 Licentiatus
761 2601 789 2627 in
803 2601 946 2636 facultate
959 2601 1130 2637 theologiae.

1632 2648 1709 2678 1435,
1723 2649 1812 2675 Martii
1821 2649 1846 2679 8,
1860 2649 1976 2675 Parisiis.

487 2722 660 2766 Magister
681 2723 836 2757 Thomas
858 2724 901 2757 de
923 2725 1127 2759 Courcellis
1151 2726 1218 2759 suit
1242 2726 1455 2760 licenciatus
1483 2727 1540 2760 die
1561 2728 1621 2772 viij
1645 2728 1764 2761 Martii
1786 2732 1854 2770 [an.
1878 2729 1912 2761 M
1926 2728 2047 2762 CCCC
2058 2728 2257 2769 XXX1111].

399 2787 491 2831 xxxij
515 2788 637 2821 sol.—
658 2790 737 2822 Fuit
758 2791 931 2835 magister
948 2792 1071 2836 quinta
1090 2793 1240 2838 Aprilis.

493 2876 561 2899 Bibl.
578 2881 631 2900 nat.
645 2878 738 2907 Paris„
755 2888 803 2902 ms.
820 2880 865 2903 lat.
883 2882 951 2911 5494,
968 2890 994 2912 p.
1007 2883 1125 2910 166,167.
1141 2897 1169 2901 —
1186 2884 1223 2906 Ad
1239 2884 1302 2907 haec
1316 2884 1369 2907 vid.
1385 2893 1466 2916 supra
1483 2890 1511 2907 n⁰
1526 2886 1594 2913 2404,
1612 2889 1665 2908 not.
1683 2886 1704 2909 1.
1725 2886 1774 2908 Sed
1785 2885 1840 2917 jam
1860 2894 1902 2908 an.
1920 2885 1981 2908 1434
2000 2884 2027 2907 in
2045 2884 2160 2908 Concilio
2176 2883 2258 2908 Basil.

397 2919 504 2943 abusive
520 2925 627 2944 voratur
642 2931 652 2945 «
667 2923 796 2954 theologie
812 2924 902 2947 doctor
918 2934 928 2948 η
944 2926 1029 2955 (Mon.
1048 2927 1150 2951 concil.
1165 2935 1229 2958 qen.
1245 2936 1314 2953 saec.
1329 2929 1391 2958 XV,
1409 2933 1426 2953 t.
1444 2930 1476 2958 ΙΙ,
1489 2938 1517 2961 p.
1536 2931 1600 2959 675).
1614 2930 1714 2953 Ibidem
1730 2939 1772 2954 an.
1792 2931 1861 2959 1433,
1874 2929 1956 2961 April.
1971 2930 2008 2958 24,
2022 2929 2126 2952 nomine
2140 2929 2258 2960 episcopi
