2502 3418
395 356 460 389 464
973 360 1296 385 CHARTULARIUM
1330 359 1523 382 nuwsns.
1559 358 1689 381 PARIS.
2162 345 2265 383 [1426

466 477 520 503 Pro
539 476 687 502 Parisiens.
705 474 865 502 Declaratio
880 474 960 508 quod
975 472 1155 508 prerogative
1169 479 1223 506 pro
1237 471 1361 505 exceptis
1376 478 1437 497 non
1452 471 1576 497 noceant
1593 469 1775 496 Universitati
1789 468 1820 495 in
1835 469 2019 495 conserendis
2033 469 2189 496 beneficiis.

483 575 572 607 Item
594 585 673 606 cum
696 571 863 605 nonnulli
885 570 945 603 alii
966 583 983 603 a
1005 569 1174 615 personis
1190 569 1292 613 juxta
1314 574 1475 601 tenorem
1498 566 1709 611 hujusmodi
1732 563 2042 611 prerogativarum
2060 566 2104 599 ab
2121 565 2260 600 eisdem

394 640 636 687 prerogativis
653 639 848 684 excepti....
869 638 929 681 [in
945 637 1055 671 certis
1070 636 1206 670 casibus
1214 634 1486 680 praerogativis
1493 633 1753 679 praejudicare
1761 636 1930 678 possent]
1946 645 1956 667 :
1974 634 2146 679 dignetur
2163 634 2197 667 S.
2215 635 2259 668 V.

394 709 592 742 decernere
614 714 648 740 et
669 706 866 747 declarare,
884 711 1006 738 vestre
1027 703 1242 736 intentionis
1264 709 1299 735 et
1317 701 1514 735 voluntatis
1534 701 1648 734 fuisse
1670 707 1706 734 et
1725 701 1881 734 existere
1898 700 1997 746 quod
2017 713 2082 746 per
2097 701 2261 735 nomina-

394 776 527 815 tiones,
549 774 736 807 facultates
761 779 795 806 et
825 772 959 817 gratias
991 769 1201 815 hujusmodi
1233 781 1272 802 ac
1302 768 1552 814 prerogativas
1582 779 1818 813 quascunque
1849 767 2077 813 quibuslibet
2105 768 2186 801 aliis
2215 767 2259 801 ab

394 842 553 887 exceptis
582 839 792 885 hujusmodi
823 839 926 872 etiam
960 844 1058 870 motu
1088 836 1236 882 proprio
1271 847 1466 868 concessas
1506 847 1571 868 seu
1608 835 1876 877 concedendam,
1917 835 2021 868 etiam
2058 835 2089 868 si
2127 835 2171 868 de
2205 835 2259 868 eis

393 920 591 953 eorumque
613 908 698 941 totis
719 906 909 940 tenoribus
932 905 990 937 hic
1011 903 1182 949 specialis
1204 910 1239 936 et
1260 914 1433 948 expressa
1455 902 1591 935 mentio
1612 902 1777 935 facienda
1798 903 1902 944 soret,
1926 902 2065 936 nullum
2087 914 2259 948 preroga-

392 976 474 1009 tivis
491 975 582 1020 ipsis
602 974 658 1008 vel
676 974 728 1006 eis
745 972 878 1018 quibus
899 972 960 1004 ille
977 982 1151 1004 concesse
1172 970 1308 1003 suerint
1328 969 1570 1015 prejudicium
1592 969 1762 1014 generari
1779 969 1896 1015 possit
1912 969 2187 1015 quomodolibet
2200 969 2258 1003 vel

391 1043 523 1076 afferri.
553 1063 598 1067 —
627 1041 715 1082 Fiat,
747 1040 908 1085 exceptis
935 1038 1131 1071 nominatis
1158 1049 1223 1082 per
1254 1049 1377 1082 regem
1410 1049 1475 1070 seu
1506 1037 1635 1070 ducem
1663 1037 1876 1082 Burgundio
1904 1043 1939 1070 et
1967 1036 2042 1070 illis
2070 1036 2115 1069 de
2143 1036 2259 1082 parla-

391 1116 527 1142 mento.
551 1109 592 1142 O.

697 1206 858 1233 Declaratio
871 1205 952 1240 quod
966 1205 997 1231 in
1013 1213 1101 1239 parvo
1117 1205 1215 1231 rotulo
1227 1204 1363 1238 descripti
1378 1203 1526 1238 gaudeant
1539 1203 1728 1238 prerogativis
1740 1203 1947 1230 Universitatis.

477 1308 565 1339 Item
589 1305 760 1350 dignetur
777 1305 815 1336 E.
840 1304 874 1337 S.
896 1305 939 1337 V.
967 1302 1152 1348 magistris
1174 1302 1211 1335 in
1232 1301 1387 1347 quodam
1410 1314 1519 1347 parvo
1541 1301 1661 1335 rotulo
1683 1301 1778 1334 dicte
1799 1300 2056 1334 Universitatis
2077 1312 2142 1346 per
2158 1301 2197 1333 E.
2217 1300 2252 1334 S.

387 1376 430 1408 V.
454 1373 521 1406 sul)
548 1387 564 1404 «
587 1372 707 1405 datum
734 1371 784 1416 iiij
812 1370 882 1403 kal.
910 1370 994 1403 Maii
1016 1370 1177 1415 pontific.
1200 1369 1313 1402 vestri
1339 1381 1433 1402 anno
1455 1380 1505 1402 vn
1527 1383 1544 1400 »
1567 1368 1774 1414 descriptis,
1802 1367 1899 1413 quod
1921 1367 1991 1413 ipsi
2012 1367 2253 1413 prerogativis

388 1441 431 1473 (le
458 1440 590 1486 quibus
620 1439 781 1484 proxime
812 1450 921 1483 supra
947 1437 987 1471 fit
1010 1437 1159 1479 mentio,
1186 1437 1265 1469 sine
1292 1443 1409 1470 tamen
1438 1436 1642 1482 prejudicio
1672 1436 1709 1468 in
1734 1437 1769 1468 20
1798 1434 1989 1481 principali
2019 1435 2138 1468 rotulo
2171 1446 2253 1480 pre-

386 1508 562 1541 dictorum
586 1506 866 1551 descriptorum,
889 1505 941 1538 uti
961 1505 1105 1550 possint
1125 1511 1160 1538 et
1179 1503 1340 1550 gaudere
1361 1503 1649 1537 misericorditer
1669 1503 1872 1536 concedere
1893 1502 1937 1535 de
1954 1502 2067 1548 gratia
2089 1502 2250 1548 speciali.

385 1596 429 1600 —
445 1575 523 1608 Fiat
547 1581 586 1607 ut
610 1573 755 1619 petitur.
779 1573 821 1606 O.
842 1593 887 1597 —
907 1573 1035 1605 Datum
1058 1573 1169 1604 Rome
1195 1571 1290 1616 apud
1313 1570 1466 1606 Sanctos
1491 1570 1692 1616 Apostolos
1718 1570 1765 1615 xij
1793 1569 1863 1603 kal.
1885 1569 2059 1611 Januarii,
2082 1581 2177 1603 anno
2201 1573 2250 1602 x⁰.

477 1673 539 1696 Cod.
556 1673 613 1696 Vat.
627 1672 674 1695 lat.
690 1672 760 1700 4990,
775 1671 819 1694 sol.
834 1671 888 1694 185.
905 1684 935 1688 —
950 1671 978 1694 In
995 1670 1073 1694 Arch.
1089 1673 1141 1693 nat.
1158 1669 1252 1699 Paris„
1268 1670 1292 1693 M
1308 1671 1359 1699 65⁵,
1376 1674 1405 1692 n⁰
1419 1671 1458 1698 45,
1470 1672 1555 1693 exstat
1570 1669 1685 1694 minuta
1700 1669 1828 1698 chartam,
1841 1671 1972 1692 vetustate
1984 1668 2166 1700 pessumdata,
2182 1668 2253 1700 Sup-

382 1718 565 1750 plicationum,
581 1717 636 1741 sine
651 1716 778 1748 temporis
794 1719 864 1747 nota,
880 1724 931 1739 non
951 1723 1076 1747 expresso
1091 1715 1196 1738 nomine
1216 1723 1310 1746 papae,
1328 1723 1395 1746 quae
1415 1714 1624 1746 supplicationes
1644 1714 1671 1737 in
1693 1714 1744 1737 ista
1767 1715 1851 1737 torma
1871 1713 2052 1737 verisimiliter
2070 1721 2204 1745 nunquam
2219 1712 2253 1736 ad

382 1771 480 1795 papam
496 1763 593 1786 missae
611 1765 680 1790 sunt,
700 1762 765 1785 bene
780 1764 867 1784 tamen
888 1761 1088 1784 fundamentum
1108 1760 1236 1791 praebere
1256 1762 1402 1791 potuerunt
1418 1759 1538 1783 articulis
1556 1767 1638 1790 supra
1653 1758 1741 1783 editis.
1759 1758 1860 1782 Ibidem
1878 1761 1965 1782 tamen
1981 1758 2059 1782 etiam
2075 1758 2252 1789 supplicatur,

383 1809 452 1839 quod
469 1816 539 1839 papa
551 1807 678 1839 praelatis
691 1806 859 1830 collationem
874 1805 1062 1829 beneficiorum
1078 1806 1190 1833 auferat,
1207 1813 1236 1827 ac
1252 1804 1275 1828 si
1290 1805 1447 1836 quandoque
1462 1804 1607 1836 permittat,
1622 1805 1659 1827 eis
1675 1803 1806 1835 injungat,
1821 1807 1850 1827 ut
1866 1803 1994 1827 beneficia
2009 1802 2132 1826 litteratis
2150 1805 2176 1826 et
2193 1810 2253 1834 gra-

383 1853 470 1876 duatis
484 1852 510 1875 in
523 1852 612 1883 aliquo
626 1851 713 1875 studio
728 1850 847 1882 generali
865 1851 1012 1874 conferant.
1028 1849 1129 1873 Ibidem
1142 1849 1308 1873 Universitas
1319 1849 1398 1873 etiam
1411 1857 1460 1880 pro
1474 1849 1503 1872 14
1516 1849 1628 1872 bedellis
1640 1848 1845 1880 principalibus,
1862 1848 1887 1871 in
1902 1848 1994 1871 ultimo
2006 1848 2093 1871 rotulo
2105 1847 2252 1879 inscriptis,

383 1898 526 1929 supplicat,
544 1900 573 1920 ut
588 1897 721 1928 gaudeant
734 1895 930 1927 praerogativis
946 1895 1094 1925 doctorum,
1114 1894 1171 1918 sine
1194 1897 1282 1917 tamen
1303 1902 1393 1917 eorum
1418 1893 1594 1925 praejudicio.
1614 1894 1664 1917 Pro
1687 1893 1823 1925 magistris
1843 1896 1869 1916 et
1888 1893 2040 1917 doctoribus
2058 1900 2130 1924 papa
2150 1891 2251 1924 gratias

383 1951 444 1966 suas
460 1942 493 1965 ad
509 1942 559 1965 duo
574 1941 702 1965 beneficia
716 1944 742 1964 et
760 1944 813 1964 tres
829 1940 983 1964 collationes
999 1940 1129 1968 extendat,
1145 1949 1157 1961 α
1177 1942 1276 1962 attenta
1292 1939 1480 1962 beneficiorum
1494 1939 1573 1970 hujus
1594 1938 1668 1970 regni
1684 1947 1734 1962 non
1750 1938 1852 1961 modica
1870 1938 1896 1961 in
1914 1937 1969 1961 suis
1990 1937 2119 1961 fructibus
2134 1937 2251 1960 diminu-

382 1987 451 2011 tione
467 1996 490 2010 ».

475 2071 499 2096 1.
514 2073 630 2102 Sequens
646 2071 732 2102 prima
747 2070 908 2101 supplicatio
923 2078 938 2092 a
953 2069 1066 2092 Martino
1081 2070 1102 2092 V
1119 2069 1174 2100 jam
1193 2069 1258 2092 Julii
1273 2069 1283 2092 1
1302 2069 1363 2092 anni
1382 2068 1500 2100 ejusdem
1515 2076 1640 2092 concessa
1655 2071 1712 2091 erat
1727 2076 1776 2099 per
1794 2067 1952 2091 formulam:
1970 2076 1981 2090 (ι
1995 2067 2134 2090 Provisum
2149 2069 2189 2090 est
2203 2074 2251 2098 per

382 2119 580 2140 conservatores
594 2115 685 2139 studii.
699 2115 729 2139 Ο.
746 2123 768 2138 ».
788 2115 883 2146 Suppl.
901 2115 978 2138 Mart.
995 2115 1024 2142 V,
1038 2118 1067 2137 n⁰
1084 2114 1137 2142 195,
1158 2114 1204 2137 sol.
1225 2114 1279 2137 111.
1295 2127 1324 2132 -
1337 2113 1361 2139 2.
1385 2114 1471 2145 Supra
1487 2121 1528 2136 an.
1553 2113 1622 2141 1424,
1642 2116 1671 2135 n⁰
1686 2113 1757 2136 2237.
1772 2125 1803 2130 —-
1816 2112 1840 2136 3.
1857 2113 1885 2135 In
1899 2111 2140 2143 supplicationibus
2154 2112 2178 2135 Μ
2197 2112 2248 2139 65·,

382 2167 411 2185 n⁰
425 2163 463 2192 45,
479 2160 644 2185 Universitas
660 2160 800 2192 proposuit
815 2160 939 2183 abbatem
955 2160 981 2182 S.
996 2159 1144 2183 Genoverae
1158 2167 1208 2190 pro
1223 2158 1311 2190 prima
1322 2158 1449 2182 instantia
1461 2158 1524 2187 (vid.
1537 2165 1619 2189 supra
1629 2166 1656 2189 p.
1669 2158 1733 2187 238),
1747 2157 1871 2180 abbatem
1883 2157 1910 2180 S.
1924 2156 2048 2181 Germani
2060 2164 2109 2188 pro
2125 2156 2250 2185 secunda,

381 2209 592 2230 conservatorem
606 2213 654 2237 pro
669 2205 747 2228 tertio
765 2208 790 2228 et
804 2204 907 2229 ultima.
925 2204 975 2227 Sed
992 2207 1085 2235 postea
1105 2203 1219 2226 correxit
1233 2203 1300 2226 hanc
1314 2202 1478 2235 petitionem.
1499 2203 1528 2226 In
1549 2202 1790 2234 supplicationibus
1810 2202 1837 2225 in
1856 2204 1910 2226 not.
1931 2202 1942 2224 1
1965 2201 2053 2225 citatis
2072 2204 2178 2233 praeter
2195 2204 2250 2225 tres

380 2254 579 2275 conservatores
593 2250 758 2274 Universitas
774 2249 899 2281 proponit
913 2249 992 2272 etiam
1008 2248 1237 2279 archiepiscopum
1253 2248 1439 2279 RotomagenS.

382 2444 525 2482 2290.
554 2453 728 2479 universitas
750 2453 847 2478 Paris.
871 2460 979 2478 summo
1003 2451 1136 2488 pontifici
1156 2451 1296 2486 (Martino
1315 2452 1358 2486 V),
1383 2451 1464 2488 apud
1486 2459 1567 2486 quem
1590 2451 1618 2476 in
1641 2451 1722 2476 curia
1747 2459 1808 2476 cum
1830 2449 2003 2486 quibusdam
2025 2449 2095 2476 aliis
2116 2448 2250 2484 magistri

469 2503 609 2529 Antonius
627 2503 662 2528 de
681 2504 782 2536 Leuco,
800 2502 906 2528 decret.
926 2501 1011 2536 doct„
1030 2502 1171 2527 Henricus
1190 2501 1316 2535 Tiebout,
1341 2501 1369 2527 in
1389 2501 1461 2527 med.
1480 2504 1508 2527 et
1526 2504 1583 2527 art.
1601 2501 1747 2535 magister,
1766 2504 1794 2526 et
1812 2499 1956 2526 lohannes
1976 2501 2103 2535 Dappre,
2127 2507 2201 2534 mag.
2220 2499 2249 2525 in

469 2556 523 2577 art.
542 2556 569 2577 et
584 2552 613 2577 in
628 2551 704 2579 decr.
725 2551 923 2585 baccalareus,
943 2554 973 2576 ut
989 2554 1194 2587 procuratores
1210 2550 1406 2584 morabantur,
1425 2549 1619 2585 conqueritur,
1636 2549 1742 2584 gratiis
1758 2549 1795 2575 ab
1815 2548 1979 2585 apostolica
1999 2548 2068 2574 sede
2088 2547 2249 2584 suppositis

469 2601 610 2627 concessis
626 2600 824 2636 multipliciter
837 2600 980 2635 derogari,
1000 2600 1042 2625 ita
1059 2603 1089 2626 ut
1103 2599 1194 2626 studii
1209 2599 1412 2636 dissipationis
1423 2599 1585 2636 periculum
1603 2598 1777 2635 impendeat.
1797 2600 1945 2624 Conservet
1963 2598 2052 2633 igitur
2067 2601 2123 2623 tres
2133 2597 2248 2633 judices

469 2650 642 2685 apostolicos
658 2649 698 2675 ad
711 2649 900 2684 cognitionem
916 2658 1070 2675 causarum
1087 2649 1300 2684 beneficialium
1315 2649 1492 2683 destinatos;
1506 2652 1650 2674 conservet
1665 2651 1764 2674 contra
1780 2647 1910 2674 aemulos
1921 2647 2036 2682 gratias
2049 2650 2076 2673 et
2087 2655 2250 2682 praeroga-

470 2699 541 2725 tivas
557 2699 594 2725 ab
610 2699 671 2735 ipso
690 2699 876 2725 Universitati
890 2707 1052 2725 concessas.
1071 2709 1085 2724 «
1099 2699 1268 2725 Gratissima
1281 2708 1307 2724 >›.

1432 2749 1495 2774 Post
1509 2755 1548 2774 an.
1563 2747 1640 2777 1426,
1657 2747 1775 2774 Decemb.
1792 2748 1832 2777 27,
1848 2747 1962 2773 Parisiis.

473 2836 586 2860 Minuta
600 2836 714 2861 chartac.
731 2836 903 2867 pessumdata
919 2836 945 2859 in
959 2837 1036 2860 Arch.
1052 2839 1107 2860 nat.
1123 2836 1217 2865 Paris.,
1234 2837 1258 2860 M
1273 2838 1324 2867 65⁵,
1341 2841 1370 2859 n⁰
1385 2837 1424 2860 43.
1437 2835 1538 2859 Ibidem
1550 2836 1582 2859 de
1596 2835 1645 2859 hoc
1658 2835 1785 2867 epistolae
1796 2836 1828 2859 ad
1842 2835 1982 2867 quemdam
1994 2834 2245 2858 reverendissimum

382 2883 406 2903 et
418 2881 451 2903 ad
466 2880 606 2911 collegium
621 2880 805 2904 cardinalium.
821 2895 850 2898 —
863 2881 921 2906 Joh.
939 2881 1044 2912 Dappre
1061 2881 1184 2910 (Dabbre)
1200 2889 1242 2904 an.
1258 2881 1327 2911 1416,
1344 2882 1421 2912 Augu,
1438 2884 1467 2904 ut
1481 2880 1582 2904 baccal.
1599 2881 1697 2904 decret.
1717 2888 1785 2903 anno
1802 2881 1841 2912 1⁰3
1857 2888 1900 2905 un.
1920 2880 1990 2908 1425,
2006 2880 2083 2910 Augu,
2100 2882 2128 2902 ut
2145 2879 2246 2903 baccal.

382 2925 476 2948 decret.
493 2933 535 2949 an.
547 2926 582 2954 2⁰,
598 2925 707 2948 affertur
723 2926 807 2954 (Mem.
825 2927 873 2949 fac.
890 2926 971 2958 decr.‚
987 2926 1006 2954 1,
1022 2926 1067 2950 sol.
1081 2926 1130 2955 18¹²,
1148 2927 1197 2956 63).
1211 2926 1286 2951 Certe
1301 2929 1372 2958 post.
1388 2934 1430 2950 an.
1446 2926 1516 2955 1426,
1533 2925 1654 2949 Decemb.
1667 2926 1695 2949 21
1714 2925 1777 2955 (vid.
1790 2929 1840 2948 num
1853 2924 2070 2954 antecedentem),
2084 2923 2184 2955 scripta
2197 2926 2247 2949 est.

2491 3060 2493 3063 ·
2487 2902 2502 3027 *baur->mx
2498 2862 2502 2876 ..
2496 2807 2502 2834 ‹.
