2502 3418
386 341 450 375 714
963 345 1284 369 CHARTULAMUM
1319 344 1512 367 unlvssas.
1549 343 1679 366 pinus.
2148 327 2247 365 [1452

388 424 635 458 existimantes
662 423 796 456 nullam
823 422 963 464 urbem,
986 421 1125 454 nullum
1151 421 1338 454 hominum
1365 427 1497 461 cetum,
1520 418 1655 452 nullam
1677 417 1835 463 denique
1856 416 1950 450 bene
1971 416 2118 450 vivendi
2140 416 2248 449 ratio-

388 504 468 525 nem
491 503 600 537 posse
621 490 838 531 subsistere,
861 490 931 523 nisi
953 489 1057 534 equis
1078 488 1224 534 legibus
1245 500 1284 521 ae
1307 487 1516 520 salubribus
1538 486 1715 520 institutis
1741 485 1936 518 constituta
1958 483 2167 528 firmataque
2189 483 2247 516 sit.

388 560 530 605 Quippe
552 571 631 592 cum
653 558 723 599 lex,
745 558 835 590 ratio
862 568 1013 597 summa,
1037 556 1085 589 sit
1115 562 1239 588 natura
1266 555 1387 596 insita,
1419 566 1489 599 que
1512 553 1619 599 jubet
1646 565 1685 586 ea
1714 565 1783 598 que
1811 551 1975 585 facienda
2002 557 2099 592 sunt,
2126 550 2249 596 prohi-

388 627 521 672 betque
543 626 741 666 eontraria3
765 624 862 669 quod
884 624 963 657 sine
984 623 1195 656 auctoritaie
1218 623 1430 666 cujusquam
1460 621 1547 654 satis
1576 620 1799 665 experientia
1820 619 1992 664 magistra
2019 630 2140 651 rerum
2163 617 2250 650 edo-

388 695 473 727 cuit.
497 694 648 728 Constat
667 704 821 737 namque
843 691 1014 724 maximas
1036 689 1264 735 respublicas
1285 701 1324 721 ac
1345 689 1510 721 civitates
1531 687 1652 733 legum
1676 686 1907 720 observantia
1928 685 2112 727 ssoruisse,
2135 691 2252 718 trans-

388 761 581 807 gressione
602 772 689 794 vero
711 759 856 804 penitus
877 757 1072 790 decidisse.
1097 756 1166 790 Sed
1188 768 1268 789 cum
1293 754 1463 788 omnibus
1485 754 1607 799 legum
1635 754 1816 787 institutio
1844 760 1950 798 atque
1976 752 2183 786 observatio
2205 751 2253 785 sit

388 828 606 869 necessaria,
629 827 689 872 qui
713 827 819 859 vitam
841 825 1029 858 honestam
1057 823 1203 868 ingredi
1229 823 1402 868 cogitant,
1424 822 1535 854 nullis
1557 828 1675 854 tamen
1699 820 1951 866 expedientior
1977 826 2038 853 aut
2064 819 2251 853 decentior

389 908 471 929 esse
496 895 651 935 videtur,
675 905 779 939 quam
806 892 922 926 doctis
948 904 987 924 ae
1013 891 1182 924 litteratis
1208 890 1311 931 viris,
1340 890 1402 934 qui
1430 889 1552 922 studio
1580 889 1758 934 sapientie
1786 895 1820 921 et
1845 888 1991 922 virtutis
2020 886 2248 928 incumbunt,

388 963 558 996 omnibus
579 961 719 995 scilicet
741 960 816 1005 qui,
834 948 985 1004 abjectis
1004 957 1204 999 illecebris,
1227 957 1335 990 bonis
1356 956 1495 990 artibus
1516 963 1622 1001 atque
1644 955 1791 1001 optimis
1812 955 2019 1000 disciplinis
2040 966 2123 987 sese
2145 953 2250 987 tradi-

388 1031 531 1063 derunt.
551 1031 624 1062 Hos
647 1028 740 1061 enim
763 1039 843 1060 eum
865 1032 1030 1071 oporteat
1050 1032 1193 1058 ceteros
1214 1024 1378 1058 moribus
1399 1031 1433 1057 et
1453 1024 1524 1057 vita
1543 1023 1675 1069 preire,
1698 1030 1733 1056 et
1753 1022 1834 1055 aliis
1851 1029 1949 1055 recte
1965 1021 2111 1055 vivendi
2127 1021 2250 1058 lumen

387 1097 594 1138 ostendere,
616 1095 686 1141 ipsi
708 1107 747 1128 se
773 1094 927 1139 primum
955 1093 1133 1126 institutis
1160 1092 1380 1138 legibusque
1401 1091 1595 1124 cohibeant
1615 1102 1768 1123 necesse
1796 1096 1863 1123 est.
1887 1104 1903 1121 «
1926 1091 2060 1135 Legem
2082 1089 2191 1130 enim,
2215 1095 2254 1122 ut

386 1165 534 1198 Cieero²
560 1163 690 1208 inquit,
712 1162 883 1195 vitiorum
908 1160 1190 1193 emendatricem
1212 1171 1294 1193 esse
1321 1165 1478 1204 oportet,
1499 1157 1915 1202 eommendatricemque
1935 1157 2122 1198 virtutum,
2145 1162 2183 1189 ut
2207 1155 2251 1189 ab

386 1244 427 1264 ca
452 1231 564 1264 bene³
585 1229 731 1263 vivendi
758 1228 920 1262 doctrina
942 1228 1094 1261 ducatur
1116 1241 1146 1260 ».
1177 1228 1254 1270 Que
1281 1226 1371 1259 alma
1397 1225 1616 1259 Parisiensis
1638 1225 1866 1258 Universitas
1893 1224 2079 1269 sapienter
2103 1235 2142 1256 ac
2168 1223 2252 1256 dili-

386 1305 515 1344 genter
538 1297 704 1337 attendit;
728 1308 798 1341 que
820 1307 1022 1340 quanquam
1050 1295 1181 1340 priscis
1203 1293 1430 1339 temporibus
1457 1292 1710 1326 saluberrimis
1735 1291 1913 1325 institutis
1938 1303 1978 1324 ac
2004 1290 2150 1336 legibus
2171 1290 2252 1323 diu-

386 1366 525 1399 tissime
547 1371 643 1398 recta
665 1370 698 1397 et
720 1363 919 1409 gubernata
940 1362 1061 1403 suerit,
1080 1369 1198 1395 tamen
1218 1361 1276 1394 vel
1298 1361 1442 1394 bellicis
1463 1360 1642 1401 cladibus,
1666 1372 1735 1404 que
1757 1366 1825 1392 tam
1849 1358 1975 1392 urbem
1997 1370 2102 1403 quam
2124 1358 2252 1391 doctos

387 1440 422 1466 et
442 1433 629 1466 studiosos
650 1431 817 1464 homines
839 1430 1098 1470 distraxerunt,
1120 1429 1178 1462 vel
1199 1428 1384 1461 hominum
1407 1434 1571 1473 arrogata
1593 1427 1751 1468 licentia,
1775 1426 1818 1459 ab
1843 1426 1903 1459 illa
1929 1425 2119 1459 scolastica
2143 1425 2254 1458 disci-

387 1500 483 1546 plina
504 1512 542 1532 ac
562 1498 709 1532 vivendi
730 1497 960 1530 institutione
981 1496 1243 1541 aliquantulum
1267 1495 1473 1528 declinasse
1494 1494 1699 1535 videbatur,
1717 1493 1928 1538 sensimque
1945 1492 1989 1525 ad
2005 1493 2040 1525 id
2058 1492 2251 1526 deventum

384 1568 512 1608 fuerat,
542 1573 578 1599 ut
598 1566 666 1599 viri
697 1565 879 1598 scolastici
908 1565 1047 1609 priscas
1077 1563 1158 1596 illas
1184 1570 1219 1596 et
1246 1562 1525 1596 honestissimas
1552 1561 1802 1595 institutiones
1829 1567 1890 1593 aut
1914 1560 1959 1593 de
1985 1548 2252 1592 consuetudine

387 1647 451 1679 pro
472 1633 656 1678 abrogatis
678 1632 866 1673 haberent,
890 1638 950 1664 aut
970 1631 1051 1664 illas
1071 1637 1207 1663 temere
1228 1630 1420 1671 violarent,
1441 1636 1512 1671 aut,
1536 1629 1632 1674 quod
1654 1628 1802 1674 gravius
1824 1634 1911 1668 erat,
1938 1639 2060 1660 earum
2086 1626 2253 1672 plurimis

386 1708 424 1734 ut
447 1700 650 1746 privilegiis
679 1706 785 1744 atque
811 1698 964 1736 indultis
990 1698 1240 1731 abuterentur.
1264 1698 1342 1740 Que
1368 1697 1455 1730 clari
1482 1709 1520 1729 ac
1547 1696 1643 1729 docti
1664 1695 1732 1729 viri
1755 1695 1906 1740 indigne
1932 1694 2106 1736 serentes,
2128 1706 2171 1726 ex
2195 1693 2252 1726 ad-

385 1775 494 1801 ventu
516 1774 642 1800 nostro
663 1767 706 1800 ad
729 1766 818 1799 hanc
836 1765 1131 1799 florentissimam
1151 1764 1394 1797 Parisiensem
1417 1763 1557 1805 urbem,
1580 1763 1700 1796 omnia
1721 1763 1758 1795 in
1779 1762 1911 1795 melius
1932 1761 2122 1794 reformari
2143 1772 2252 1806 posse

387 1841 636 1881 speraverunt,
660 1846 810 1879 eamque
833 1845 933 1878 spem
955 1832 1062 1865 nobis
1084 1832 1189 1865 etiam
1212 1832 1321 1865 certis
1343 1831 1489 1864 indiciis
1510 1843 1549 1863 ac
1569 1830 1664 1864 votis
1682 1829 1946 1875 significarunt.
1970 1829 2082 1872 Quam
2104 1828 2250 1873 quidem

387 1915 487 1948 spem
509 1902 805 1935 honestissimam
828 1912 911 1934 esse
932 1906 1116 1945 putantes,
1137 1899 1374 1944 adjuvandam
1398 1906 1505 1944 atque
1531 1898 1675 1931 ess'ectui
1700 1896 1973 1942 mancipandam
1998 1907 2081 1929 esse
2106 1895 2252 1928 censui-

388 1982 467 2003 mus
486 1982 492 2002 :
516 1969 745 2003 attendentes
766 1968 809 2001 ad
830 1968 866 2000 id
887 1979 954 2000 nos
970 1968 1054 2012 jure
1075 1966 1270 2012 legationis
1292 1966 1458 2011 astringi,
1477 1972 1513 1998 ut
1530 1965 1716 1998 hominum
1733 1964 1840 1998 vitam
1862 1975 1900 1996 ac
1922 1974 2042 1996 mores
2063 1963 2100 1995 in
2122 1962 2252 1995 melius

387 2039 640 2078 reformemus,
667 2042 705 2069 ut
730 2035 971 2068 ministerium
994 2034 1085 2066 illud
1107 2033 1335 2079 impleamus,
1358 2033 1455 2078 quod
1476 2033 1607 2078 legatis
1627 2030 1838 2064 incumbere
1865 2030 2100 2075 propheticus
2127 2030 2252 2062 Sermo

387 2104 576 2145 declarat⁸,
596 2110 634 2136 ut
654 2102 795 2137 scilicet
816 2101 972 2135 evellant
993 2108 1029 2134 et
1049 2101 1244 2146 dissipent,
1262 2100 1433 2133 edificent
1449 2106 1483 2133 et
1503 2099 1678 2145 plantent.
1702 2100 1745 2131 Et
1765 2110 1845 2131 cum
1867 2097 2037 2130 omnibus
2058 2096 2253 2141 providere

387 2179 422 2205 et
446 2171 658 2217 prospicere
683 2170 884 2214 injunctum
914 2180 981 2201 nos
1002 2168 1164 2201 cohartet
1185 2168 1355 2209 officium,
1384 2167 1437 2200 eis
1459 2174 1577 2200 tamen
1598 2166 1794 2211 specialius
1819 2164 2025 2206 intendere,
2046 2163 2251 2209 invigilare,

389 2238 654 2283 consulereque
682 2237 872 2277 debemus,
902 2247 1055 2281 quorum
1084 2235 1278 2280 aliquando
1307 2235 1490 2280 preceptis
1519 2246 1558 2267 ac
1585 2233 1790 2278 disciplinis
1820 2231 1950 2264 imbuti
1978 2230 2252 2276 confirmatique

388 2307 539 2347 fuimus,
563 2317 642 2338 nam
665 2316 744 2337 eum
766 2304 803 2336 in
824 2304 903 2348 ipsa
923 2303 1013 2335 alma
1035 2302 1279 2335 Universitate
1300 2302 1338 2334 in
1359 2301 1563 2334 minoribus
1584 2301 1688 2334 annis
1709 2299 1900 2333 studentes
1920 2299 2133 2339 fuissemus,
2154 2303 2190 2330 et
2209 2296 2252 2330 ab

389 2373 448 2406 illa
465 2372 818 2418 quantulamcunque
839 2370 1067 2415 disciplinam
1086 2381 1124 2402 ac
1147 2369 1361 2410 doctrinam,
1381 2375 1415 2402 et
1435 2369 1472 2401 in
1492 2368 1631 2401 artibus
1654 2367 1886 2413 magistratus
1907 2366 2083 2399 honorem
2104 2376 2252 2410 accepe-

390 2441 517 2481 rimus,
539 2438 715 2472 (lebemus
737 2438 861 2482 utique
883 2437 1057 2470 divinitus
1081 2436 1188 2469 nobis
1209 2436 1340 2469 collate
1365 2436 1546 2468 industrie
1568 2436 1723 2468 fructum
1751 2433 1954 2479 rependere
1978 2432 2050 2465 hiis
2075 2444 2093 2465 a
2119 2431 2252 2476 quibus

389 2507 484 2539 illam
502 2506 723 2551 accepimus,
738 2505 1016 2537 reminiscentes
1033 2504 1184 2549 insuper
1199 2503 1306 2536 nobis
1322 2515 1339 2536 a
1357 2503 1443 2536 sede
1461 2502 1672 2548 apostolica,
1686 2508 1721 2534 et
1736 2514 1754 2534 a
1771 2501 1832 2534 SS.
1850 2502 1891 2533 D.
1907 2501 1949 2532 N.
1965 2499 2113 2532 Nieolao
2131 2499 2252 2532 divina

389 2573 615 2618 providentia
637 2584 726 2617 papa
746 2573 790 2613 V,
809 2583 852 2604 ex
873 2572 977 2616 eujus
997 2571 1110 2604 latere
1132 2571 1217 2604 licet
1237 2571 1408 2603 immeriti
1430 2582 1556 2603 sumus
1578 2569 1718 2610 emissi,
1740 2568 1776 2601 id
1799 2567 2006 2613 specialiter
2025 2566 2139 2599 fuisse
2160 2577 2253 2598 com-

391 2641 552 2681 missum,
576 2646 614 2672 ut
641 2639 777 2680 Studia,
806 2638 984 2683 Collegia,
1011 2638 1190 2683 Capitula,
1217 2644 1323 2682 atque
1352 2637 1617 2671 Universitates
1644 2636 1876 2669 visitaremus
1904 2646 1943 2667 ac
1971 2634 2253 2666 reformaremus

390 2714 530 2748 statuta,
554 2713 589 2739 et
609 2718 699 2739 nova
721 2705 913 2738 condendo
935 2712 970 2738 et
985 2712 1106 2738 vetera
1128 2705 1361 2750 corrigendo,
1380 2704 1423 2737 ad
1440 2705 1554 2750 ipsam
1572 2703 1865 2736 reformationem
1886 2701 2087 2734 faciendam
2108 2711 2251 2732 omnem

389 2786 532 2818 operam
554 2784 748 2817 curamque
770 2779 1036 2805 convertamus.
1060 2774 1103 2805 Et
1123 2773 1292 2817 quoniam
1315 2771 1562 2817 legislatorem
1583 2771 1620 2803 in
1641 2771 1718 2815 ipsa
1746 2769 1867 2814 legum
1890 2767 2151 2801 constitutione
2171 2772 2253 2799 ante

390 2840 621 2872 considerare
643 2839 759 2880 decet,
782 2845 821 2871 ut
841 2839 1019 2872 Canonis5
1043 2845 1195 2871 testatur
1215 2839 1423 2880 auctoritas,
1447 2838 1654 2883 quodjusta
1677 2843 1711 2869 et
1731 2836 1884 2869 honesta
1906 2835 1953 2868 sit
1973 2834 2043 2875 lex,
2066 2840 2105 2866 ut
2124 2833 2250 2878 patrie,

390 2906 482 2947 loco,
512 2906 737 2950 temporique
765 2905 1000 2946 conveniens,
1031 2905 1130 2938 utilis
1157 2905 1215 2938 vel
1243 2905 1461 2946 necessaria,
1491 2911 1526 2937 et
1551 2904 1587 2936 id
1616 2903 1849 2949 premeditari
1877 2907 2033 2946 oportet,
2061 2907 2251 2944 antequam

511 2964 550 2987 90.

2484 2887 2502 3139 ...a-mewa...
2491 2788 2502 2866 xm...
2497 2702 2502 2703 1
