2502 3418
252 362 347 399 1430]
598 375 644 396 AB
679 375 783 397 ΑΝΝο
817 374 1105 396 MCCCLXxxxlv
1139 373 1270 402 USQUE
1305 373 1352 395 AD
1386 373 1524 395 ANNUM
1558 373 1763 396 mccccmi.
2045 365 2109 397 489

246 449 339 479 dioec.,
348 449 487 480 litigando,
499 449 581 472 multa
592 449 756 472 incommoda
767 448 908 477 sustinens,
919 448 1057 471 ecclesiam
1067 448 1223 479 resignavit,
1233 450 1258 470 et
1267 455 1352 478 papae
1365 447 1535 478 supplicavit,
1545 450 1573 470 ut
1581 447 1672 478 pensio
1683 447 1734 469 sibi
1746 450 1924 470 reservaretur
1933 448 1974 477 (ad
1986 456 2027 471 an.
2039 448 2106 477 1429,

247 494 324 518 Febr.
341 495 389 523 18).

340 578 364 603 1.
383 578 553 602 Guillelmum
569 579 600 602 de
612 579 746 602 Montfort.

247 688 391 725 2340.
420 698 594 723 Πηίιένείἰαε
614 697 707 722 Paris.
733 696 773 722 ad
793 696 947 722 Martinam
974 697 998 722 V
1012 705 1064 731 pro
1077 695 1244 721 subbedello
1264 697 1427 721 Hermanno
1448 694 1543 728 Fabri,
1563 694 1612 730 qui
1632 702 1646 720 e
1669 694 1821 719 Get-mania
1842 695 1881 719 ad
1903 696 1982 720 Rom.
2000 695 2108 720 cin-iam

335 746 441 772 citatus
455 747 521 781 fuit,
538 750 565 772 et
578 747 695 772 Romam
710 746 801 772 venire
817 750 875 771 tam
889 746 943 771 cito
958 745 1014 771 nisi
1030 745 1149 771 volando
1163 754 1217 771 non
1228 745 1332 781 potuit.

1538 780 1694 809 1427-1429,
1709 780 1823 806 Parisiis.

335 870 582 904 Crebrescunt
608 870 769 911 assidue,
796 869 1005 902 beatissime
1032 876 1144 914 pater,
1172 868 1443 914 suppositorum
1472 874 1679 901 nostrorum
1704 868 1853 912 querele
1880 875 1911 901 et
1939 869 2110 901 lamenta-

245 937 338 970 biles
359 937 517 982 gemitus
543 936 589 969 ob
614 936 894 969 intollerabilem
922 936 1139 976 molestiam,
1162 948 1231 980 que
1260 948 1324 980 per
1349 935 1567 980 apostolicas
1598 935 1793 968 citaciones
1819 936 1978 968 affertur.
2007 936 2110 969 Parvi

246 1004 339 1037 enim
362 1010 487 1049 putant
502 1010 701 1037 sectatores
722 1004 821 1037 curie
842 1015 909 1036 nos
927 1004 1063 1048 impetu
1085 1003 1299 1036 citacionum
1317 1015 1335 1035 a
1353 1002 1484 1036 studiis
1502 1003 1638 1035 nostris
1656 1002 1854 1044 dimovere,
1873 1003 1943 1035 nisi
1961 1003 2111 1048 insuper

244 1070 497 1115 hujuscemodi
523 1071 718 1103 citaciones
745 1070 836 1103 locis
864 1070 1125 1103 beneficiorum
1153 1076 1361 1102 nostrorum
1387 1069 1613 1102 clandestine
1641 1069 1797 1113 affigant,
1828 1076 1862 1102 ct
1893 1070 2105 1114 priusquam

244 1137 351 1170 nobis
372 1138 601 1171 innotescere
623 1137 779 1182 possint,
810 1137 889 1170 dies
916 1137 959 1170 ad
986 1149 1092 1181 quem
1123 1148 1316 1170 evocamur
1343 1137 1418 1168 scre
1439 1136 1563 1181 lapsus
1592 1143 1659 1177 cst,
1688 1136 1734 1168 ita
1758 1143 1795 1168 ut
1822 1136 1852 1169 si
1881 1136 1988 1169 nobis
2010 1143 2110 1170 esset

242 1204 439 1238 vehemens
464 1205 604 1237 affectio
632 1211 729 1237 trans
750 1204 862 1249 Alpes
888 1204 1127 1244 commeandi,
1158 1204 1304 1236 minime
1335 1209 1454 1236 tamen
1482 1215 1547 1247 per
1572 1202 1784 1236 brevitatem
1818 1204 1992 1248 temporis
2023 1204 2108 1236 illuc

244 1271 457 1316 tempestive
478 1271 651 1316 progredi
673 1271 811 1304 liceret.
834 1272 948 1315 Cujus
974 1271 1026 1303 rei
1054 1270 1256 1315 exemplum
1284 1282 1413 1303 recens
1439 1277 1520 1303 ante
1546 1270 1674 1302 oculos
1700 1277 1847 1302 nostros
1872 1271 2031 1315 positum
2054 1278 2109 1304 cst

244 1338 280 1370 in
301 1338 475 1371 citacione
497 1338 633 1370 domini
656 1338 825 1371 Hermani
847 1337 953 1371 Fabri
974 1337 1127 1370 bedelli¹
1151 1337 1308 1370 nationis
1331 1337 1532 1382 Anglicane
1558 1337 1595 1369 in
1622 1337 1865 1370 Universitate
1887 1344 2023 1378 nostra,
2049 1338 2110 1382 qui

247 1404 444 1438 amhaxiate
461 1405 659 1438 novissime
676 1405 719 1438 ad
736 1411 891 1438 vestram
910 1405 1135 1438 sanctitatem
1154 1416 1218 1449 per
1234 1416 1301 1437 nos
1320 1404 1497 1437 destinate
1515 1404 1671 1437 servitor
1686 1410 1720 1436 et
1736 1403 1903 1437 bodellus
1918 1405 2110 1437 extiterat².

249 1472 311 1505 Hic
323 1472 419 1505 enim
432 1484 549 1517 nuper
562 1472 599 1505 in
612 1472 691 1505 loco
705 1472 966 1505 beneficiorum
981 1472 1076 1517 apud
1094 1478 1252 1504 remotos
1270 1471 1464 1505 Germanie
1480 1471 1590 1503 fines³
1608 1471 1737 1503 citatus
1755 1471 1871 1503 extitit
1887 1478 1925 1504 ut
1940 1472 2113 1516 quinqua-

247 1539 388 1584 gesimo
406 1539 464 1572 die
485 1541 596 1572 Rome
614 1546 852 1584 compareret.
865 1541 1000 1573 Verum
1019 1539 1104 1572 dum
1121 1551 1180 1571 res
1199 1538 1270 1571 sibi
1284 1539 1455 1579 innotuit,
1473 1538 1582 1582 hujus
1602 1538 1777 1583 temporis
1800 1538 1878 1571 dics
1898 1539 2111 1583 quaterdeni

244 1606 432 1647 fluxerant,
455 1613 560 1651 atque
581 1606 648 1639 hoc
673 1612 775 1651 pacto
798 1618 937 1651 egenus
959 1606 1020 1639 ille
1043 1606 1199 1639 servitor
1220 1612 1345 1638 noster
1370 1617 1469 1638 more
1496 1605 1718 1638 contumacis
1744 1604 1917 1650 gravibus
1945 1606 2112 1638 censuris

242 1673 364 1707 veniet
383 1673 613 1718 plectendus,
634 1685 723 1718 quas
745 1680 863 1706 tamen
884 1673 982 1706 nulla
998 1673 1053 1706 via
1075 1673 1229 1706 evadere
1251 1673 1378 1717 potuit,
1402 1673 1472 1705 nisi
1494 1684 1558 1717 per
1578 1683 1659 1705 aera
1675 1672 1802 1705 volans
1824 1672 1948 1705 decem
1971 1673 2110 1705 dierum

244 1740 366 1786 spacio
389 1740 586 1785 quingenta
608 1740 760 1773 miliaria
786 1747 1029 1785 peragrasset.
1053 1741 1141 1772 Tum
1170 1746 1324 1785 urgente
1349 1739 1470 1784 inopia
1499 1751 1563 1784 per
1591 1750 1743 1784 magnos
1771 1746 1938 1783 sumptus
1964 1740 2110 1786 minime

243 1807 423 1840 sufferens
443 1807 518 1852 juri
544 1819 611 1840 suo
638 1807 781 1848 cedere,
808 1807 985 1840 beneficia
1012 1806 1233 1852 relinquere,
1266 1806 1423 1851 graciam
1456 1805 1599 1839 abicere
1630 1806 1881 1850 compelletur,
1914 1806 2106 1851 Dignetur,

243 1873 452 1907 beatissime
474 1880 585 1919 pater,
614 1875 721 1907 tantis
748 1874 1011 1907 calamitatibus
1038 1874 1106 1907 viri
1128 1874 1249 1918 inopis
1275 1880 1310 1906 et
1334 1873 1442 1918 egeni
1464 1873 1751 1905 misericorditer
1772 1873 1967 1906 subvenire
1991 1880 2111 1906 vestra

244 1940 444 1982 beatitudo,
470 1952 597 1974 causas
624 1942 703 1985 ejus
729 1941 773 1974 ad
802 1941 927 1974 sedem
957 1940 1192 1986 apostolicam
1222 1940 1411 1973 devolutas
1437 1939 1626 1984 judicibus
1652 1940 1921 1972 Parisiensibus
1947 1941 2111 1973 commit-

245 2008 367 2049 tendo,
390 2014 429 2041 ut
449 2007 586 2052 absque
610 2008 857 2041 immoderatis
883 2007 1090 2052 sumptibus
1119 2007 1215 2052 quod
1242 2007 1274 2040 ei
1297 2008 1381 2052 jure
1408 2006 1568 2039 debitum
1595 2007 1704 2039 suerit
1728 2007 1843 2039 valeat
1871 2007 2050 2048 obtinere,
2077 2014 2111 2040 ct

243 2074 349 2108 fidele
371 2074 601 2119 obsequium,
624 2075 722 2119 quod
739 2081 861 2108 nostre
881 2075 1115 2108 Universitati
1133 2086 1199 2107 suo
1218 2080 1354 2119 prestat
1371 2074 1502 2115 officio,
1523 2074 1695 2106 deserere
1713 2086 1785 2106 non
1799 2081 1961 2119 cogatur.
1981 2076 2110 2107 Vestre

242 2142 432 2183 sanctitati,
456 2148 556 2186 pater
576 2141 800 2183 beatissime,
822 2142 859 2174 in
877 2142 1018 2175 cunctis
1038 2141 1193 2174 feliciter
1213 2141 1350 2186 aspiret
1369 2141 1503 2174 Jhesus
1525 2140 1707 2174 Christus.

335 2240 451 2265 Minuta
466 2241 582 2264 chartac.
598 2241 625 2264 in
640 2241 720 2264 Arch.
734 2244 788 2265 nat.
800 2241 895 2270 Paris.,
910 2242 933 2264 M
949 2243 1000 2270 652,
1015 2246 1044 2263 τι0
1060 2241 1097 2264 18.
1113 2254 1144 2258 -
1159 2241 1250 2268 Quoad
1261 2240 1387 2271 temporis
1404 2243 1491 2263 notam
1504 2240 1557 2264 vid.
1572 2242 1625 2263 not.
1641 2240 1664 2264 3.

334 2324 359 2349 1.
375 2325 426 2348 Seu
441 2324 529 2355 potius
542 2324 767 2350 subbedelli.—2.
777 2326 826 2348 Pro
840 2325 954 2348 secundo
970 2325 1055 2348 rotulo
1069 2333 1111 2348 un.
1129 2325 1197 2348 1424.
1215 2325 1254 2348 Cf.
1271 2326 1400 2352 Auctar„
1418 2325 1449 2352 Il,
1460 2325 1513 2352 454,
1534 2325 1571 2352 14,
1588 2327 1613 2347 et
1629 2332 1654 2354 p.
1672 2324 1726 2346 317.
1738 2323 1798 2347 -3,
1816 2324 1951 2346 limbi-icae
1967 2324 2107 2355 quamdam

242 2369 421 2400 praebendam
437 2369 488 2392 sibi
501 2370 624 2392 collatam
639 2370 794 2401 acceptavit,
809 2373 834 2393 ot
848 2370 1020 2393 Universitati
1034 2369 1204 2401 supplicavit,
1222 2373 1250 2392 ut
1266 2373 1318 2392 tum
1330 2369 1363 2392 ad
1376 2377 1482 2400 papam.
1497 2377 1574 2400 quam
1590 2369 1623 2391 ad
1637 2368 1782 2399 capitulum
1799 2368 1966 2391 Emhrieense
1981 2368 2108 2391 scriberet

241 2415 378 2442 (Alcman,
393 2414 424 2443 11,
440 2422 467 2445 p.
481 2414 534 2441 362,
549 2415 592 2442 44,
606 2415 661 2443 363,
677 2415 690 2437 2
706 2416 784 2446 sqq.).
797 2415 889 2438 Postea
904 2423 952 2445 per
964 2415 1073 2445 longum
1087 2414 1213 2445 temporis
1232 2414 1348 2445 spatium
1363 2414 1458 2437 Romae
1473 2417 1539 2446 erut,
1555 2413 1677 2440 ξιη.1429,
1688 2412 1791 2438 octob..
1806 2412 1830 2435 in
1847 2413 1919 2435 curia
1935 2413 2037 2443 negotia
2052 2413 2107 2444 jam

239 2458 407 2489 expediverat
419 2460 557 2488 (fluctum,
574 2459 606 2488 Il,
623 2467 649 2490 p.
665 2460 719 2488 420,
736 2461 785 2488 30),
800 2459 971 2482 nihilominus
989 2459 1014 2482 in
1028 2459 1101 2482 curia
1113 2459 1240 2482 remansit
1251 2460 1313 2488 (454,
1328 2459 1375 2488 10).
1388 2459 1425 2481 Ad
1439 2459 1547 2482 Roman.
1560 2458 1660 2480 curiam
1674 2466 1732 2480 cum
1749 2457 1941 2487 Embriceuscs,
1954 2461 1982 2480 ut
1994 2458 2106 2486 videtur,

243 2503 400 2526 citaverunt.

245 2611 387 2648 2341.
414 2621 500 2647 Natio
515 2621 710 2647 Normanniae
725 2621 836 2647 domum
852 2622 978 2658 amplam
995 2622 1023 2648 in
1040 2622 1096 2647 vico
1115 2621 1293 2647 Garlandiae
1308 2621 1444 2656 acquirit.

1424 2703 1496 2732 7430,
1512 2702 1643 2728 Februarii
1655 2703 1691 2731 17,
1708 2703 1821 2728 Parisiis.

333 2793 360 2824 A
385 2798 465 2824 tous
485 2791 588 2824 ceulx
609 2792 669 2836 qui
691 2804 751 2824 ces
772 2799 963 2837 presentes
984 2792 1112 2825 lettres
1132 2798 1293 2832 verront,
1317 2792 1450 2836 Symon
1472 2790 1643 2831 Morhicr,
1667 2790 1848 2823 chevalier
1869 2791 2043 2836 seigneur
2063 2792 2107 2824 de

243 2857 390 2899 Villers,
418 2858 629 2891 conscillier
655 2858 702 2890 du
734 2870 808 2903 roy,
840 2866 964 2891 nostre
992 2859 1078 2900 sire,
1106 2865 1140 2891 et
1164 2858 1275 2903 garde
1307 2858 1351 2890 dc
1379 2857 1411 2889 la
1436 2860 1606 2902 prcvoste
1633 2856 1676 2888 de
1704 2857 1815 2898 Paris,
1846 2857 1951 2890 salut.
1985 2859 2109 2891 Savoir

245 2924 383 2958 saisons
407 2937 476 2969 que
494 2937 557 2970 par
573 2925 704 2958 devant
720 2925 821 2959 Giles
839 2927 983 2970 Hanage
1002 2931 1036 2958 et
1053 2925 1154 2958 Helie
1172 2925 1323 2966 Prestic,
1341 2924 1457 2957 clercs
1475 2924 1634 2956 notaires
1646 2924 1749 2968 jurez
1766 2924 1812 2956 du
1831 2936 1906 2969 roy,
1930 2926 2109 2958 nostredit

367 2986 434 3003 *M*
452 2984 548 3007 Chare.
571 2983 650 3007 Univ.
667 2983 759 3008 Paris.
777 2984 819 3007 lv.
1957 2984 1986 3005 6⁶2
