2502 3418
420 336 484 375 '572
993 353 1314 377 CHARTULARIUM
1348 354 1542 377 UNivssns.
1579 355 1710 377 rmus.
2186 342 2286 379 [1435

420 484 565 521 2465.
589 494 726 520 Facultas
743 494 904 529 theologiae
919 499 1032 520 statuta
1046 495 1138 521 denuo
1154 495 1242 521 scribi
1259 495 1389 521 mandat,

1391 587 1465 617 7435,
1481 588 1549 618 ιΙαΙῘῘ,
1564 588 1676 620 Augusti!
1692 588 1820 621 Septemb.
1836 589 1861 618 5,
1883 588 1998 614 Parisiis.

508 674 595 707 Item
618 687 682 720 pro
705 675 749 720 vij
772 675 857 720 pell.
882 675 1090 721 pergameni
1122 675 1225 708 vituli
1257 687 1321 720 pro
1350 675 1545 708 scribendo
1574 682 1704 709 statuta
1725 675 1904 709 facultatis
1932 676 2007 720 xiiij
2037 675 2105 722 sol.
2126 696 2171 700 -
2197 676 2284 708 Item

419 753 483 785 pro
507 753 636 786 grossa
659 742 835 775 dictorum
859 749 1073 775 statutorum
1095 755 1186 775 xxxv
1208 742 1276 774 sol.
1298 763 1342 767 —
1363 743 1450 775 Item
1474 754 1539 787 pro
1560 742 1806 776 illuminatore
1828 743 1889 788 qui
1905 743 1990 775 fecit
2010 742 2181 788 ystoriam
2203 754 2283 775 cum

418 808 528 841 certis
549 808 666 841 literis
687 810 748 854 viij
771 809 839 843 sol.
859 830 904 834 —
924 811 1012 842 Item
1030 821 1095 854 pro
1117 809 1313 854 religatore
1331 816 1366 842 et
1399 810 1622 854 impressura
1643 822 1664 843 x
1685 810 1753 843 sol.

506 877 594 908 Item
624 876 681 908 die
717 876 840 921 quinta
869 876 1107 921 Septembris,
1138 876 1282 921 quando
1307 876 1445 909 domini
1480 877 1640 922 deputati
1675 877 1855 910 facultatis
1889 877 2037 910 suerunt
2069 876 2283 922 congregati

417 954 529 988 super
549 944 806 976 reformatione
829 944 1129 989 disputationum,
1153 945 1246 989 [pro]
1264 956 1367 989 pane,
1390 944 1474 977 vino
1497 951 1533 977 et
1553 944 1643 989 piris
1664 944 1699 989 iij
1723 944 1790 977 sol.
1814 945 1864 988 iiij
1887 945 1971 977 den.

509 1054 578 1077 Bibl.
598 1057 651 1078 nat.
668 1054 763 1079 Pau-is..
784 1063 831 1078 mS.
850 1055 894 1078 lat.
910 1057 979 1080 ῦΙιξὶΙι.
995 1064 1021 1087 p.
1039 1056 1092 1079 174.

413 1277 558 1314 2466.
586 1287 761 1312 Universitas
777 1287 872 1312 Par-is.
890 1287 930 1312 ad
944 1287 1120 1323 superiorem
1137 1287 1378 1324 [provincialem]
1396 1287 1462 1314 ord.
1485 1288 1555 1315 Min.
1577 1289 1683 1322 Paris„
1702 1287 1828 1314 laudans
1845 1297 1920 1322 mag.
1936 1287 2071 1314 Iacobum
2092 1287 2128 1314 de
2147 1287 2280 1322 Turonia,

502 1340 531 1361 ut
544 1338 652 1370 fratres
669 1338 764 1372 quiete
778 1337 884 1362 studiis
902 1346 1003 1363 vacare
1016 1337 1105 1364 sinat.

1552 1384 1709 1413 7433-1435,
1727 1383 1863 1416 Septemb„
1879 1384 1994 1410 Parisiis.

497 1471 552 1503 Ad
573 1470 685 1504 vestri
707 1471 804 1504 cedit
823 1471 974 1504 Ordinis
998 1471 1110 1504 decus
1138 1471 1369 1513 immensum,
1392 1471 1614 1505 venerabilis
1645 1478 1757 1516 pater,
1781 1471 1811 1504 si
1839 1471 1928 1504 viris
1952 1471 2130 1504 studiosis
2163 1482 2279 1516 popu-

408 1537 503 1570 letur
518 1544 623 1582 atque
644 1538 812 1571 litteratis
832 1545 951 1571 vestra
975 1538 1118 1584 religio.
1143 1540 1182 1571 ln
1204 1545 1385 1572 conventu
1407 1539 1589 1584 siquidem
1618 1538 1704 1571 dicti
1725 1538 1875 1572 Ordinis
1902 1538 1960 1571 hic
1983 1538 2078 1583 apud
2100 1550 2168 1571 nos
2188 1550 2279 1571 non-

408 1605 497 1637 nulli
527 1605 691 1638 resident
720 1605 1030 1639 commendabiles
1058 1613 1092 1639 et.
1126 1605 1275 1639 litterati
1308 1606 1390 1648 viri,
1422 1606 1534 1639 studii
1564 1618 1665 1639 sacre
1694 1605 1879 1651 theologie
1909 1605 2140 1638 venerabiles
2178 1611 2278 1639 actus

405 1672 564 1705 assiduis
581 1679 616 1705 et
636 1672 833 1705 indefessis
854 1672 1042 1706 laboribus
1064 1680 1299 1706 exeereentes
1323 1673 1620 1718 diligentissime,
1642 1673 1710 1706 sul)
1732 1673 1832 1706 illius
1853 1673 1951 1706 ducti
1975 1673 2154 1718 regimine
2175 1684 2278 1706 reve-

404 1739 509 1772 rendi
525 1740 689 1784 magistri
710 1741 857 1773 nomine
877 1740 1002 1773 Jacobi
1024 1741 1069 1773 de
1091 1741 1263 1783 Turonia,
1287 1753 1387 1774 sacre
1409 1741 1573 1786 ejusdem
1596 1740 1748 1774 scientie
1770 1740 1892 1773 eximii
1913 1740 2148 1785 professoris,
2172 1740 2277 1784 cujus

405 1806 557 1839 scientie
574 1807 864 1852 amplitudinem,
882 1820 1003 1841 mores
1021 1808 1206 1853 egmgioe,
1222 1815 1376 1842 venuste
1394 1808 1587 1854 religionis
1604 1808 1742 1853 grande
1760 1808 1946 1853 specimen
1963 1807 2006 1840 ad
2022 1814 2144 1841 vestre
2165 1807 2276 1840 totius

405 1874 648 1907 multitudinis
669 1875 853 1920 ingentem
872 1875 1024 1920 gloriam
1047 1875 1272 1909 subticemus
1298 1876 1342 1909 ad
1364 1888 1530 1921 presens.
1553 1876 1777 1909 Presatorum
1813 1882 1930 1908 autem
1961 1875 2121 1908 virorum
2143 1873 2275 1907 intuitu

405 1953 496 1986 quos
521 1941 589 1974 sub
617 1949 740 1975 nostra
775 1943 1002 1987 protectione
1038 1942 1131 1975 tueri
1162 1943 1392 1976 decrevimus
1427 1949 1551 1976 nostra
1584 1943 1697 1976 veluti
1729 1941 2031 1976 commendabilia
2071 1941 2273 1986 supposita,

402 2016 558 2042 vestram
581 2021 772 2043 exoramus
792 2010 1057 2054 paternitatem,
1082 2010 1253 2055 quatinus
1276 2010 1397 2043 studio
1419 2022 1545 2044 eorum
1563 2010 1771 2043 nullatenus
1793 2009 1925 2043 vestris
1946 2009 2122 2042 mandatis
2143 2020 2273 2054 prepe-

403 2076 491 2118 dito,
513 2077 672 2121 prefatos
692 2077 805 2119 viros,
827 2078 973 2110 fratrem
996 2077 1136 2110 scilicet
1155 2077 1356 2111 Johannem
1381 2077 1622 2119 Bretonnelli,
1644 2078 1759 2111 virum
1783 2077 1908 2122 utique
1932 2075 2272 2118 commendabilem,

401 2143 573 2176 lectorem
598 2143 728 2186 Biblie,
753 2151 968 2190 ceterosque
990 2145 1027 2177 in
1049 2145 1176 2178 eodem
1199 2152 1381 2179 conventu
1407 2145 1519 2178 studii
1540 2151 1640 2178 actus
1665 2151 1898 2177 excercentes
1920 2151 1955 2177 et
1983 2156 2133 2177 suorum
2157 2142 2271 2177 hono-

403 2223 476 2243 rem
498 2211 676 2256 graduum
700 2212 971 2256 prestollantes,
996 2212 1082 2245 illue
1110 2213 1276 2245 residere
1304 2213 1426 2257 quiete
1449 2213 1630 2257 permittat
1655 2218 1774 2245 vestra
1799 2212 2056 2257 providissima
2083 2211 2269 2253 discretio,

401 2278 538 2323 abjecta
559 2291 710 2324 prorsus
732 2279 893 2324 qualibet
913 2280 1115 2313 emulorum
1138 2280 1392 2313 informatione
1415 2280 1575 2313 sinistra.
1596 2280 1723 2313 Valeat
1744 2280 1886 2312 tandem
1909 2279 1946 2312 in
1974 2279 2129 2312 Domino
2150 2285 2270 2312 vestra

402 2345 622 2379 venerabilis
639 2347 849 2391 paternitas.
873 2347 1067 2392 Scriptum,
1086 2353 1153 2380 etc.

491 2452 607 2477 Minuta
620 2453 736 2477 chartac.
751 2453 776 2476 in
793 2454 870 2477 Arch.
886 2457 939 2477 nat.
954 2454 1048 2484 Paris.7
1064 2455 1087 2477 M
1099 2456 1150 2482 65²¹,
1166 2458 1194 2477 n⁰
1210 2454 1253 2477 128
1268 2454 1342 2485 (olim
1360 2455 1389 2478 Α.
1410 2455 1449 2477 33.
1471 2456 1546 2485 ggg).
1567 2454 1633 2477 Cum
1650 2454 1783 2477 ,lohannes
1804 2454 1965 2477 Bretonnelli
1985 2454 2018 2477 ab
2039 2462 2083 2477 an.
2104 2453 2164 2477 1433
2185 2453 2267 2477 lector

399 2495 511 2520 biblicus
527 2497 603 2520 suerit
618 2498 680 2527 (vid.
697 2503 725 2521 11⁰
740 2499 820 2528 2435),
837 2507 879 2522 an.
895 2499 963 2527 1435,
981 2499 1124 2530 Septemb„
1137 2499 1191 2530 jam
1206 2499 1408 2528 Sontentiarius,
1424 2499 1537 2530 epistola
1552 2499 1622 2522 intra
1638 2499 1704 2522 illud
1720 2499 1847 2530 temporis
1860 2499 1976 2530 spatium
1993 2499 2124 2530 ponenda.

398 2701 701 2738 2467.C11rsores
719 2713 746 2738 in
759 2712 903 2746 facultate
919 2713 1089 2747 theologiae.

1380 2783 1455 2813 1434,
1471 2783 1687 2816 &picum—7435!
1703 2783 1842 2816 Septemb..
1859 2783 1974 2809 Paris-ils.

487 2869 668 2913 Sequntur
702 2871 846 2903 nomina
874 2871 1160 2904 bachalariorum
1196 2884 1386 2905 cursorum
1429 2873 1490 2917 qui
1530 2872 1746 2917 inceperunt
1780 2878 1862 2917 post
1896 2871 2073 2917 principia
2109 2870 2261 2903 Senten-

398 2934 532 2966 ciarum
554 2947 646 2967 anno
669 2937 965 2970 CCCCXXXHII
986 2950 992 2970 z
