2502 3418
295 327 389 364 1421]
640 339 686 360 ΑΒ
721 339 825 360 ANNo
859 336 1145 359 MCCCLxxxxiv
1181 335 1310 363 USQUE
1346 335 1392 355 ..xo
1427 333 1564 355 ANNUM
1599 333 1804 355 uecccml.
2087 323 2148 354 401

292 458 436 495 2186.
466 467 639 493 Πηὶνενείἰαε
652 467 748 492 Paris.
763 465 804 491 ad
816 465 967 501 quemdam
979 464 1154 501 praelatum,
1172 467 1201 490 ut
1213 463 1304 489 Paulo
1318 463 1353 489 de
1364 464 1444 488 Bona
1457 462 1534 495 Fide,
1551 471 1625 496 mag.
1639 462 1667 487 in
1684 461 1789 495 linguis
1804 460 1938 486 Hebraea
1950 464 1976 485 et
1993 459 2149 489 Chaldaea,

379 526 490 542 summa
506 517 557 544 100
571 518 735 551 francorum
749 515 876 542 solvatur
889 515 972 550 eique
985 514 1020 540 de
1032 514 1216 550 proventibus
1233 513 1361 550 episcopi
1374 513 1469 539 Paris.
1485 516 1563 538 certa
1577 521 1591 537 <‹
1609 515 1696 547 quota
1708 520 1722 536 1»
1733 510 1951 546 septimanalim
1965 509 2153 545 percipienda

379 566 550 601 assignetur.

1484 599 1524 625 An.
1542 599 1607 624 1421
1621 599 1736 626 exeunte,
1754 597 1867 622 Parisiis.

383 717 448 724 .....
472 690 627 736 [Anglie]
650 703 711 724 rex
737 691 906 724 dominus
934 697 1060 723 noster
1081 689 1223 734 pietatis
1249 689 1381 722 intuitu
1403 701 1467 733 per
1488 700 1572 721 suas
1600 694 1764 733 patentes
1784 687 1923 720 litteras
1945 699 1962 720 a
1983 699 2048 723 suo
2071 699 2156 719 con-

293 758 375 791 silio
405 758 471 799 [ad]
583 765 618 791 et
648 758 839 803 generales
870 758 1102 790 financiarum
1134 756 1404 789 commissarios
1431 756 1616 801 expeditas
1644 755 1818 800 magistro
1848 755 1958 787 Paulo
1985 755 2029 786 de
2059 755 2156 786 Bona

293 826 393 862 Fide,
418 826 455 858 in
476 826 613 871 linguis
635 825 750 858 Ebrea
774 832 810 858 et
829 825 961 859 Caldea
983 825 1122 858 doctori
1146 824 1382 869 peritissimo,
1404 824 1558 869 largitus
1580 830 1636 856 est
1656 835 1828 856 sommam
1851 829 1993 855 centum
2016 822 2156 854 franco-

294 905 371 926 rum
394 894 490 926 auri¹
514 893 557 926 ad
578 893 695 938 ipsius
716 893 752 925 in
779 893 900 926 studio
926 899 1065 933 nostro,
1089 892 1145 925 cui
1174 892 1367 937 plurimum
1400 890 1641 932 deserviebat,
1669 890 2018 929 substentationem,
2053 901 2157 934 quam

294 973 481 1002 summam,
505 960 614 1002 [lice]t
640 960 772 993 multos
798 960 876 993 dies
904 960 948 993 ad
978 960 1094 1005 ipsius
1123 959 1416 1004 prosecutionem
1448 958 1678 1003 impenderit,
1702 970 1895 1002 numquam
1924 956 2041 1002 potuit
2067 955 2159 988 obti-

294 1040 399 1068 nere,
424 1034 572 1073 propter
588 1028 684 1072 quod
707 1034 866 1072 egestate
889 1027 1100 1072 compulsus
1122 1033 1177 1060 est
1197 1039 1329 1059 annum
1352 1033 1387 1058 et
1406 1026 1560 1071 amplius
1582 1026 1695 1058 fuisse
1716 1025 1849 1058 absens
1866 1037 1883 1057 a
1901 1024 2020 1057 nobis.
2043 1025 2161 1065 [l]t[a]-

297 1107 366 1140 que
394 1107 474 1136 nos,
497 1102 565 1128 tam
588 1101 737 1140 propter
763 1094 958 1127 christiane
985 1094 1176 1139 religionis
1202 1093 1460 1134 reverenciam,
1486 1093 1528 1126 ad
1557 1105 1660 1138 quam
1683 1093 1737 1126 vir
1757 1099 1890 1134 tantus,
1914 1105 1956 1125 ex
1976 1093 2159 1137 judaismo

296 1174 508 1203 conversus,
533 1174 604 1194 non
630 1162 709 1195 sine
731 1174 861 1207 magno
889 1161 1023 1206 probro
1045 1161 1333 1194 christicolarum
1361 1161 1577 1201 [m]endicat,
1602 1160 1717 1192 eidem
1740 1160 1965 1193 visceraliter
1991 1160 2162 1205 compati-

297 1241 389 1270 mur,
414 1236 534 1262 vestre
563 1229 766 1262 reverentie
797 1229 880 1261 totis
909 1228 1097 1261 affectibus
1126 1228 1385 1273 supplicamus,
1416 1234 1594 1272 quatenus
1622 1228 1796 1272 prefatum
1821 1228 1953 1260 donum
1984 1240 2053 1260 una
2081 1239 2159 1260 cum

295 1296 426 1329 litteris
462 1296 548 1329 doni
576 1296 676 1337 alias,
704 1303 743 1328 ut
772 1296 886 1336 scitis,
916 1296 953 1328 in
983 1295 1196 1328 cancellaria
1227 1295 1392 1340 perditis,
1422 1295 1589 1327 renovari
1623 1307 1686 1339 per
1715 1295 1849 1339 regiam
1880 1294 2184 1338 rnunificentianr

295 1375 490 1408 procurare
517 1363 730 1408 dignemini.
754 1363 933 1407 Amplius,
961 1363 1129 1407 quoniam
1153 1363 1246 1395 idem
1274 1362 1448 1407 magister
1469 1361 1601 1394 Paulus
1622 1374 1701 1394 culn
1726 1374 1836 1394 uxore
1858 1368 1891 1394 et
1913 1361 2072 1406 parvulis
2098 1374 2164 1394 nec

294 1430 426 1463 victum
458 1430 592 1463 habent
620 1442 686 1462 nec
714 1430 897 1471 vestitum,
920 1436 980 1462 aut
1006 1429 1102 1462 aliud
1132 1430 1227 1462 unde
1259 1441 1323 1462 sue
1353 1429 1497 1474 possint
1524 1429 1647 1474 inopie
1669 1429 1877 1469 subvenire,
1901 1436 1935 1462 ct
1961 1429 2097 1461 idcirco
2119 1429 2166 1461 sit.

296 1497 433 1530 eisdem
457 1497 681 1530 neccessaria
705 1497 980 1542 presentissima
1002 1497 1176 1542 provisio,
1194 1497 1355 1541 alioquin
1377 1497 1527 1541 penuria
1549 1497 1703 1529 consecti
1725 1500 1969 1540 eo[gere]ntur
1988 1496 2023 1528 in
2046 1496 2164 1529 medio

297 1565 412 1597 nostri
435 1564 610 1604 deficere;
634 1564 897 1597 rationabiliter
922 1565 966 1597 de
993 1564 1231 1609 proventibus
1253 1564 1407 1596 ecclesie
1434 1564 1651 1596 Parisiensis
1672 1563 1715 1596 ad
1743 1563 1926 1596 dominum
1954 1564 2163 1608 episcopum

298 1631 578 1677 pertinentibus,
597 1632 657 1676 qui
680 1643 808 1676 magna
830 1644 895 1676 pro
918 1638 1016 1676 parte
1034 1631 1070 1663 in
1088 1643 1286 1676 pauperum
1308 1631 1513 1664 alimoniam
1532 1637 1579 1668 et,
1593 1632 1692 1675 juxta
1710 1631 2007 1670 Clementinam2,
2025 1631 2061 1663 in
2079 1643 2165 1675 qua-

297 1705 379 1731 tuor
405 1699 578 1731 dictarum
606 1698 811 1743 linguarum
834 1698 1022 1731 doctorum
1045 1698 1347 1731 sustentationem
1369 1697 1503 1730 debent
1528 1698 1670 1738 cedere,
1698 1698 1815 1742 aliqua
1838 1704 1944 1742 quota
1970 1697 2167 1730 hebdoma-

298 1765 406 1798 datim
438 1765 671 1810 percipienda
699 1778 742 1798 ex
772 1765 1000 1798 ordinatione
1032 1765 1195 1810 ejusdem
1225 1765 1361 1797 domini
1393 1765 1508 1797 nostri
1537 1765 1674 1809 prefato
1696 1764 1805 1797 Paulo
1828 1771 1950 1809 posset
1972 1765 2164 1809 assignari,

298 1845 489 1877 quousque
515 1832 739 1877 temporibus
761 1833 797 1864 in
825 1832 954 1865 melius
977 1833 1205 1865 commutatis
1227 1832 1319 1865 alius
1345 1832 1401 1865 sui
1428 1838 1541 1865 status
1568 1844 1606 1864 ac
1633 1832 1802 1876 pauperis
1824 1833 1895 1864 vite
1923 1832 2166 1865 continuande

298 1900 428 1933 modus
445 1899 644 1945 apparebit,
664 1900 851 1933 Altissimo
870 1900 1096 1945 providente,
1116 1900 1176 1945 qui
1194 1899 1277 1932 illos
1294 1899 1438 1932 abunde
1460 1906 1678 1937 renumerat,
1698 1911 1789 1944 quos
1807 1900 1997 1944 cognoscit
2013 1900 2166 1940 s[edulo]

299 1979 436 2012 egenos
458 1974 494 2000 et
520 1979 699 2012 pauperes
724 1967 927 1999 intendere.
954 1968 1119 2000 Vestram
1146 1967 1266 2012 itaque
1293 1967 1529 2000 reverentiam
1557 1966 1689 1999 obnixe
1715 1967 1965 2011 deprecamur,
1989 1974 2167 2012 quatenus

298 2034 355 2067 vel
376 2034 433 2067 his
449 2034 506 2067 vel
527 2034 607 2067 aliis
629 2034 772 2074 mediis,
792 2046 861 2079 que
878 2041 995 2067 vestra
1018 2035 1168 2067 maxima
1190 2034 1363 2067 discretio
1385 2034 1590 2079 excogitare
1614 2034 1758 2078 poterit,
1776 2034 1922 2079 aliquod
1944 2034 2165 2067 caritativum

299 2101 503 2135 subsidium
526 2102 663 2147 prefato
685 2102 858 2147 magistro
881 2101 990 2134 Paulo
1013 2102 1229 2147 procuretis,
1251 2114 1313 2146 pro
1336 2114 1406 2146 quo
1429 2108 1462 2134 et
1483 2101 1563 2134 aliis
1580 2108 1700 2134 vestre
1723 2101 1881 2146 benigue
1902 2102 2167 2146 compassionis

299 2168 427 2202 officiis
450 2169 654 2202 mercedem
675 2176 883 2214 perpetuam
907 2169 1129 2214 percipietis.
1154 2170 1294 2209 Datum,
1318 2176 1385 2201 etc.

377 2268 491 2292 Minuta
511 2268 627 2291 chartac.
651 2269 823 2300 pessumdata
844 2269 869 2291 in
895 2268 972 2292 Arch.
986 2272 1040 2292 nat.
1056 2268 1152 2298 Paris.,
1170 2269 1193 2291 M
1209 2270 1260 2295 65¹²,
1283 2272 1311 2291 n⁰
1327 2269 1371 2291 123
1388 2268 1460 2297 (olim
1476 2269 1505 2292 A.
1522 2269 1560 2291 33.
1578 2268 1650 2296 hbb).
1670 2268 1803 2295 Quantum
1818 2268 1850 2290 ad
1867 2267 1993 2298 temporis
2010 2271 2097 2290 notum
2115 2268 2168 2292 vid.

299 2316 352 2336 not.
364 2312 386 2336 1.
400 2326 427 2330 -·
441 2313 475 2336 De
491 2313 536 2335 illo
552 2313 690 2344 magistro.
703 2321 829 2336 converso
841 2313 1077 2344 ajutlaismo,ju1n
1094 2313 1126 2336 nd
1142 2321 1184 2336 an.
1202 2314 1262 2336 1413
1276 2313 1301 2335 in
1317 2313 1495 2336 Universitatc
1511 2312 1600 2343 agitur
1615 2313 1678 2339 (vid.
1691 2313 1863 2339 Auctar.‚11.
1880 2320 1906 2343 p.
1923 2313 1976 2341 158,
1991 2314 2024 2341 (i),
2037 2315 2061 2335 et
2076 2316 2167 2343 postea

298 2357 415 2388 saepius.
431 2358 540 2389 Semper
563 2358 588 2380 in
610 2358 756 2381 miserabili
779 2361 849 2381 statu
870 2358 984 2381 vivebat.
1000 2359 1137 2381 JOL'RDAIN
1155 2358 1180 2380 in
1202 2359 1295 2382 Revzce
1313 2359 1359 2382 des
1381 2357 1491 2381 sociffte's
1511 2362 1651 2386 sanantes,
1673 2358 1741 2383 1803,
1759 2366 1784 2388 p.
1802 2359 1847 2380 350
1863 2360 1896 2387 (et
1911 2357 2004 2379 iterum
2024 2357 2049 2379 in
2071 2357 2168 2381 Indice

297 2402 433 2430 chronol„
456 2411 482 2433 p.
503 2403 556 2430 246,
578 2405 630 2425 not.
654 2403 675 2432 1)
697 2403 779 2425 edidit
794 2403 896 2426 litteras
917 2402 1103 2426 Universitatis
1125 2403 1156 2425 ad
1172 2402 1305 2425 civitatem
1328 2402 1503 2432 Bimmtinam,
1520 2401 1546 2424 in
1562 2402 1658 2432 quibus
1674 2410 1742 2427 eum.
1759 2402 1802 2432 qui
1825 2412 1837 2423 «
1853 2410 1867 2423 a
1883 2402 2006 2431 compos(-
2026 2410 2055 2424 en
2078 2401 2166 2424 e'brieu

297 2447 395 2470 certain
412 2447 516 2470 notable
537 2447 603 2470 livre
624 2456 669 2470 sur
684 2450 772 2470 nostre
790 2449 840 2478 foy,
862 2448 947 2479 lequel
967 2456 981 2470 a
1005 2447 1131 2470 intention
1148 2448 1179 2470 de
1203 2447 1267 2470 faire
1289 2447 1432 2470 translator
1454 2455 1483 2469 en
1501 2447 1596 2477 langue
1612 2446 1692 2469 latine
1715 2447 1745 2469 de
1767 2454 1814 2477 par
1837 2446 1894 2468 ‹11-151
1911 2456 1932 2473 n,
1953 2445 1970 2468 i.
1986 2454 2007 2468 e.
2024 2454 2070 2476 per
2087 2455 2165 2468 unum

297 2491 412 2514 civitatis
429 2491 617 2519 Bisuntinens.,
634 2492 745 2520 civibus,
762 2492 794 2515 ad
809 2501 873 2523 quos
890 2492 970 2522 venit,
983 2493 1157 2515 commendat.

391 2576 415 2601 1.
432 2577 466 2600 Ut
479 2585 492 2599 e
506 2577 636 2599 mandatis
655 2577 841 2600 Universitatis
858 2577 941 2600 Paris.
961 2578 1051 2608 (supra
1070 2581 1099 2599 n⁰
1114 2577 1183 2606 2178)
1202 2576 1293 2607 liquet,
1310 2576 1437 2599 Heni-icus
1458 2584 1502 2598 rex
1518 2576 1627 2606 Angliue
1643 2584 1655 2598 e
1676 2575 1797 2598 Corbolio
1818 2576 1950 2598 ordinavit
1970 2583 2017 2606 pro
2035 2576 2116 2599 Paulo
2136 2577 2168 2599 de

301 2621 424 2644 Bonafide
439 2621 483 2643 100
501 2622 603 2644 frunt-os
617 2621 684 2644 auri.
702 2621 828 2644 Hem-icus
848 2630 889 2644 au.
908 2622 976 2649 1420,
994 2621 1062 2644 inter
1082 2621 1206 2645 Novemb.
1225 2622 1251 2644 17
1270 2625 1294 2644 et
1315 2621 1435 2644 Dercmb.
1453 2621 1473 2647 1,
1496 2620 1611 2643 Corbolii
1633 2620 1691 2645 tuit.
1708 2620 1769 2642 dum
1788 2629 1802 2642 a
1823 2621 1959 2643 Meloduno
1976 2620 2090 2643 Parisios
2107 2629 2166 2651 pro-

301 2669 388 2689 vectus
405 2669 444 2688 est
457 2666 519 2695 (vid.
533 2667 634 2690 Chron.
649 2667 680 2689 de
695 2666 865 2695 Μοπεινείεε,
881 2667 922 2694 tv,
934 2675 960 2697 p.
976 2667 1019 2693 15;
1034 2666 1158 2690 Journal
1171 2666 1240 2690 d’un
1255 2666 1407 2696 bourqeois.
1424 2674 1450 2696 p.
1463 2665 1526 2694 1114).
1542 2665 1652 2687 Proinde
1668 2665 1730 2687 haec
1746 2665 1858 2695 epistula
1875 2665 1905 2687 nd
1921 2673 2016 2687 annum
2031 2665 2088 2688 1421
2109 2669 2169 2696 post

301 2719 415 2733 mensem
432 2711 557 2734 Noveinb.
576 2710 698 2741 pertinet.
715 2724 738 2727 —
754 2710 778 2735 2.
795 2711 852 2734 Vid.
870 2711 1007 2740 Chartul.‚
1023 2711 1052 2740 ll,
1069 2715 1097 2733 n⁰
1112 2712 1170 2738 695;
1185 2714 1210 2733 et
1225 2714 1351 2741 quantum
1368 2710 1400 2732 ad
1414 2710 1567 2740 episcopum
1585 2709 1678 2737 Paris„
1695 2709 1748 2732 vid.
1763 2709 1827 2732 ibid.
1845 2709 1877 2731 11³⁸
1891 2711 1944 2735 777,
1959 2711 2012 2732 857.

428 2951 492 2967 *ΜΕ*
510 2948 605 2971 Charl.
629 2948 708 2971 Univ.
727 2948 818 2972 Paris.
837 2948 878 2970 lv.
2018 2948 2044 2970 51
