2502 3418
355 335 420 368 396
926 343 1243 366 CHARTULARIUM
1278 342 1468 365 nruvrms.
1510 342 1639 364 rmus.
2120 327 2218 364 [1421

354 419 475 453 villam
503 426 662 452 vocatam
694 420 849 459 Dreux³,
882 419 1022 452 scilicet
1051 418 1221 451 dominus
1250 418 1420 463 antiquus
1450 423 1569 450 rector
1595 429 1688 462 mag.
1719 417 1847 448 Petrus
1877 414 2053 456 Mauricii,
2081 414 2142 459 qui
2169 412 2219 447 ibi

355 486 604 519 destinabatur
623 486 666 519 ad
688 486 983 531 prosequendum
1001 498 1111 518 unum
1134 485 1290 518 rotulum
1313 497 1377 530 pro
1399 484 1472 517 illis
1494 484 1538 516 de
1560 483 1723 529 partibus
1743 482 1950 523 Normanie,
1968 488 2035 514 etc.
2058 482 2103 514 Et
2122 481 2219 526 quod

355 553 433 598 ipse
455 553 604 586 haberet
623 553 738 586 bonas
758 553 1019 586 instructiones
1041 564 1151 597 super
1171 552 1245 585 illis
1266 551 1383 585 tribus
1404 551 1548 596 punctis
1569 557 1605 583 et
1628 550 1778 583 haberet
1798 549 1944 582 nomine
1965 548 2220 582 Universitatis

356 626 479 665 petere
501 619 544 652 ab
565 620 645 665 ipso
666 620 813 652 domino
835 626 984 665 regente
1003 631 1010 652 ε

446 688 479 719 1⁰
505 687 610 730 Quod
638 686 707 720 sibi
738 686 897 731 placeret
922 686 1079 719 eximere
1101 686 1288 730 supposita
1309 685 1565 719 Universitatis
1586 683 1629 717 ab
1650 684 1731 717 istis
1752 683 1881 716 marcis
1902 682 2064 728 argenti*
2086 688 2122 715 et
2140 681 2221 715 aliis

356 753 618 795 exactionibus,
641 753 839 786 secundum
863 765 1011 786 suorum
1033 752 1307 798 privilegiorum
1329 759 1506 792 tenorem,
1529 758 1589 784 aut
1609 751 1733 784 saltem
1757 750 1842 783 dare
1864 761 2083 795 suspensum
2105 761 2221 794 usque

356 821 399 854 ad
416 820 608 854 adventum
627 833 731 853 suum
749 820 921 853 Parisius.
942 821 984 853 Et
1000 820 1044 855 de
1061 819 1128 853 hoc
1145 826 1285 864 peteret
1304 820 1383 864 ipse
1400 819 1556 852 nuncius
1573 825 1608 852 et
1627 824 1840 863 procurator
1855 817 2009 850 litteram
2026 823 2219 862 patentem.

444 889 478 920 2⁰
503 887 608 931 Quod
629 887 707 932 ipse
730 887 898 920 dominus
921 898 1053 932 regens
1075 886 1254 919 scriberet
1273 886 1420 919 domino
1438 892 1563 918 nostro
1581 897 1722 918 summo
1743 884 1905 930 pontifici
1927 883 2161 917 conformiter
2177 883 2220 917 ad

356 954 648 995 Universitatem,
675 954 772 998 quod
799 953 909 987 vellet
938 953 1130 998 providere
1159 953 1394 987 Universitati
1422 953 1466 985 de
1496 952 1654 985 licentiis
1681 951 1914 985 conferendis
1943 951 1981 984 in
2002 950 2162 992 modum,
2185 950 2222 983 in

356 1033 460 1066 quem
479 1021 703 1054 Universitas
720 1019 946 1065 supplicabat
961 1027 996 1053 et
1012 1019 1195 1053 scribebat
1210 1032 1275 1052 sue
1293 1019 1511 1053 Sanctitati⁵.
1536 1021 1579 1052 Et
1599 1019 1643 1052 (le
1660 1019 1730 1052 isto
1747 1019 1826 1064 ipse
1843 1018 2013 1051 dominus
2030 1017 2221 1062 antiquus‘

355 1088 500 1121 afferret
519 1087 657 1120 litteras
678 1087 819 1120 clausas
841 1087 1004 1131 ejusdem
1027 1087 1164 1120 domini
1186 1087 1361 1132 regentis.

442 1156 477 1187 3⁰
502 1154 607 1197 Quod
635 1154 713 1199 ipse
739 1154 909 1187 dominus
940 1166 1073 1199 regens
1101 1153 1271 1186 omnibus
1301 1160 1337 1186 et
1366 1153 1523 1199 singulis
1554 1153 1702 1198 prelatis
1733 1153 1882 1185 Francie
1912 1151 2074 1185 scribere
2099 1151 2220 1193 vellet,

355 1221 452 1267 quod
473 1228 607 1254 attento
625 1221 721 1266 quod
743 1221 796 1254 eis
817 1221 1050 1254 incumbebat
1064 1221 1195 1255 virtute
1212 1221 1422 1254 alternative
1439 1221 1605 1254 conferre
1622 1220 1774 1253 mediam
1793 1226 1928 1265 partem
1946 1219 2220 1260 beneficiorum,

356 1288 526 1333 quodque
556 1300 667 1333 super
696 1288 868 1321 totalitate
902 1295 1142 1321 consueverat
1173 1288 1397 1322 Universitas
1433 1288 1644 1333 providere,
1678 1299 1743 1333 pro
1775 1288 1879 1332 cujus
1910 1286 2111 1332 suppositis
2145 1286 2223 1331 ipsa

356 1355 531 1388 beneficia
560 1355 705 1388 fundata
735 1361 820 1388 sunt
851 1355 1069 1400 specialiter,
1100 1355 1240 1388 scilicet
1270 1367 1335 1400 pro
1365 1355 1453 1388 viris
1483 1355 1678 1396 studiosis3
1705 1361 1837 1388 attenta
1863 1354 1968 1387 etiam
1996 1353 2223 1387 desolatione

357 1422 472 1467 ipsius
494 1421 749 1455 Universitatis
775 1428 810 1454 et
837 1422 933 1466 quod
964 1428 1113 1467 propter
1142 1423 1329 1467 penuriam
1358 1429 1393 1455 et
1421 1422 1599 1455 caristiam
1622 1428 1824 1467 temporum
1853 1420 2032 1454 notabiles
2059 1419 2223 1466 magistri

357 1489 488 1522 cotidie
510 1488 681 1521 recedere
709 1495 915 1534 coguntur:
939 1489 1009 1534 ipsi
1037 1489 1174 1522 domini
1205 1489 1333 1534 prelati
1363 1489 1598 1534 providerent
1626 1489 1718 1535 ipsis
1748 1488 1932 1534 magistris
1960 1494 1995 1521 et
2022 1487 2223 1533 suppositis

356 1556 558 1589 antedictis.
586 1557 630 1588 Et
650 1555 768 1600 quoad
794 1562 966 1600 punctum
992 1556 1089 1589 istud
1111 1556 1223 1589 voluit
1246 1557 1342 1589 natio
1364 1557 1461 1601 quod
1483 1556 1637 1602 quilibet
1657 1556 1831 1602 magister
1850 1556 1996 1589 afferret
2015 1566 2115 1588 suam
2137 1566 2224 1600 sup-

355 1623 582 1668 plicationem
604 1623 829 1668 procuratori
852 1623 1021 1665 nationis,
1047 1630 1083 1656 et
1102 1635 1162 1657 eas
1183 1631 1397 1669 procurator
1417 1625 1452 1656 in
1474 1636 1546 1657 uno
1569 1624 1688 1657 rotulo
1711 1623 1901 1664 scriberet,
1925 1623 1962 1656 in
1983 1623 2087 1668 cujus
2108 1621 2223 1668 capite

353 1690 576 1723 scriberetur
596 1696 820 1735 procurator,
851 1696 886 1722 et
912 1697 1180 1735 consequenter
1201 1691 1327 1724 decani
1356 1698 1391 1724 et
1417 1691 1581 1736 magistri
1608 1691 1808 1724 secundum
1831 1690 1994 1723 ordinem
2022 1689 2224 1735 provincia·
2265 1706 2274 1708 ἡ

354 1769 451 1798 rum,
475 1763 510 1789 et
530 1757 627 1801 quod
649 1756 711 1789 illo
734 1756 852 1790 rotulo
874 1757 1043 1802 adjuncto
1066 1757 1195 1791 rotulis
1216 1758 1363 1791 aliarum
1386 1758 1592 1791 facultatum
1620 1765 1655 1791 et
1682 1758 1882 1799 nationum,
1904 1757 2103 1790 secundum
2126 1755 2223 1801 quod

354 1836 419 1869 per
440 1823 719 1857 Universitatem
742 1824 855 1856 suerat
878 1824 1103 1866 conclusum,
1128 1824 1379 1858 dividerentur
1400 1826 1451 1859 sic
1474 1826 1638 1871 inscripti
1667 1825 1867 1858 secundum
1896 1836 2085 1857 numerum
2107 1822 2225 1869 prela-

355 1898 486 1932 torum,
510 1897 545 1923 et
565 1890 714 1923 cuilibet
735 1890 872 1935 prelato
893 1891 1181 1937 assignarentur,
1203 1892 1260 1925 vel
1282 1893 1557 1926 nominarentur
1577 1905 1643 1938 per
1663 1892 1944 1926 Universitateln
1966 1891 2038 1924 duo
2059 1890 2117 1925 vel
2138 1902 2224 1936 qua-

356 1965 437 1991 tuor
456 1964 517 1991 aut
536 1957 672 2003 plures,
696 1958 897 1991 secundum
918 1959 1015 2003 quod
1037 1959 1208 2004 expedire
1229 1960 1416 1993 videretur
1439 1960 1639 2006 deputatis3
1663 1967 1698 1993 et
1719 1960 1815 2005 quod
1837 1959 1890 1992 illi
1911 1958 2086 2004 assignati
2107 1958 2224 1991 mitte-

355 2032 480 2058 rentur
495 2025 679 2070 assignato
697 2037 763 2058 suo
785 2025 922 2070 prelato
944 2026 980 2058 in
1001 2038 1070 2059 una
1092 2026 1209 2059 littera
1227 2027 1347 2060 clausa
1365 2028 1621 2061 Universitatis
1642 2026 1991 2060 recommendatoria
2008 2025 2221 2066 eorundem,

355 2098 390 2125 et
410 2104 488 2125 cum
510 2091 641 2124 litteris
662 2092 798 2124 domini
820 2093 994 2136 regentiS,
1017 2092 1310 2139 haberenturque
1332 2101 1367 2127 et
1387 2101 1671 2140 procurarentur
1686 2094 1805 2127 littere
1826 2093 1962 2135 clause,
1980 2092 2038 2126 vel
2058 2098 2223 2138 patentes

356 2159 492 2191 domini
512 2158 628 2191 nostri
649 2159 747 2203 regis
768 2171 833 2203 per
849 2171 953 2191 suum
975 2172 1144 2205 magnum
1166 2161 1359 2194 consilium
1380 2169 1522 2207 passate
1543 2173 1654 2207 super
1670 2161 1796 2195 eadem
1817 2160 2027 2206 provisione
2048 2160 2086 2192 in
2105 2159 2220 2192 form'a

356 2226 443 2259 satis
464 2225 699 2270 compulsiva,
722 2225 815 2258 bona
836 2232 871 2258 et
894 2225 1059 2268 honesta,
1082 2227 1277 2261 advisanda
1305 2241 1370 2273 per
1390 2229 1594 2274 deputatos,
1617 2229 1660 2262 ad
1682 2228 1936 2262 destinandum
1963 2227 2055 2272 ipsis
2075 2226 2224 2272 prelatis

358 2305 426 2325 una
442 2305 522 2325 cum
538 2292 629 2337 ipsis
650 2292 781 2325 litteris
798 2293 1002 2326 antedictis.
1021 2294 1180 2336 Quarum
1197 2295 1396 2328 litterarum
1414 2296 1612 2341 patentium
1630 2295 1784 2341 quilibet
1803 2295 1938 2328 habere
1958 2294 2092 2340 poterit
2112 2305 2223 2326 unum

357 2360 528 2405 scriptum
547 2371 611 2392 seu
633 2359 888 2405 transcriptum
910 2360 952 2392 ad
974 2362 1248 2394 monstrandum
1271 2374 1337 2395 suo
1359 2363 1512 2408 prelato,
1529 2363 1586 2397 vel
1609 2375 1714 2396 unam
1736 2363 1890 2396 litteram
1912 2362 2083 2395 clausam.

445 2426 570 2460 Voluit
589 2427 740 2471 insuper
760 2427 855 2459 natio
878 2428 974 2472 quod
995 2428 1066 2473 ipsi
1087 2428 1246 2473 deputati
1269 2436 1482 2474 potestatem
1504 2430 1681 2463 haberent
1700 2430 1861 2463 mutandi
1882 2429 2095 2463 collationes
2116 2428 2224 2473 magi-

359 2499 514 2525 strorum
537 2493 813 2526 inrotulatorum
841 2493 902 2526 ubi
931 2494 1054 2539 plures
1076 2497 1329 2529 concurrentie
1351 2504 1488 2538 essent,
1510 2504 1546 2530 et
1573 2498 1771 2531 nominavit
1797 2497 1893 2530 natio
1915 2497 2106 2541 deputatos
2128 2503 2222 2540 mag.

359 2559 593 2593 Guillelmnm
616 2560 660 2592 de
681 2561 820 2602 Brocis,
844 2573 937 2606 mag.
960 2562 1159 2595 Johannem
1182 2563 1355 2597 Chevroti
1385 2571 1420 2597 et
1450 2565 1539 2597 lne7.
1572 2566 1615 2597 Et
1635 2564 1750 2598 voluit
1776 2564 1873 2609 quod
1902 2563 1992 2596 nulli
2017 2562 2077 2596 alii
2097 2573 2222 2596 vocem

359 2625 533 2658 haberent
557 2639 621 2671 pro
643 2627 787 2660 natione
818 2628 854 2660 in
882 2629 1027 2662 materia
1058 2629 1124 2662 ista
1154 2637 1303 2675 propter
1323 2631 1525 2664 discordias
1548 2631 1722 2664 vitandas.
1746 2631 1936 2664 Ordinavit
1955 2630 2107 2674 insuper
2126 2629 2223 2662 natio

360 2699 394 2725 et
413 2693 527 2725 voluit
547 2693 642 2737 quod
665 2705 733 2738 ego
755 2705 844 2727 suus
865 2703 1079 2739 procurator
1099 2697 1240 2741 positus
1262 2709 1379 2730 essem
1403 2698 1439 2730 in
1461 2698 1575 2743 capite
1598 2697 1719 2739 rotuli,
1742 2698 1836 2731 sicut
1856 2703 2069 2731 consuetum
2093 2702 2166 2736 θεῖς
2189 2702 2225 2729 et

360 2759 455 2802 quod
477 2759 519 2791 ad
542 2759 633 2792 duos
655 2760 813 2804 prelatos
835 2773 927 2806 quos
949 2762 1120 2807 eligerem
1145 2770 1179 2796 et
1199 2764 1242 2796 ad
1265 2764 1353 2797 duas
1375 2764 1589 2797 collationes
1611 2777 1729 2797 essem
1753 2763 2066 2798 recommendatus
2087 2769 2123 2795 et
2142 2762 2223 2795 aliis

361 2825 519 2869 prelatis,
543 2827 688 2870 proviso
711 2827 807 2871 quod
829 2829 973 2872 quando
996 2842 1105 2862 unum
1128 2842 1246 2863 essem
1268 2831 1485 2864 beneficium
1507 2838 1697 2864 assecutus
1718 2832 1850 2865 virtute
1877 2831 1986 2875 hujus
2007 2829 2223 2862 nominatio-

361 2891 429 2932 nis,
453 2892 568 2935 quoad
590 2892 686 2925 aliud
707 2895 975 2938 assequendum
998 2896 1078 2929 aliis
1101 2897 1285 2942 magistris
1306 2898 1546 2943 prejudicium
1570 2910 1642 2931 non
1663 2899 1841 2931 afferrem.
