2502 3418
993 343 1317 366 CIIARTULARIUM
1353 341 1544 363 UNIVERS.
1582 340 1713 362 PARlS.

410 411 2281 432 ffl-ss——ss

398 1810 458 1832 2603
555 1819 583 1822 -

399 1913 459 1934 2609
556 1922 585 1924 -

399 1970 459 1992 2610
557 1984 585 1987 -

397 2072 457 2094 2611
556 2086 585 2089 -

398 2130 459 2152 2612
556 2144 585 2147 -

398 2188 458 2210 2613
554 2202 584 2205 -

398 2291 457 2314 2614
553 2305 583 2308 —

398 2349 457 2372 2615
552 2362 583 2366 -—

397 2407 457 2429 2616
553 2420 581 2423 -

397 2509 456 2532 2617
553 2522 581 2525 ——

397 2567 456 2589 2618
551 2580 582 2583 —

396 2625 456 2647 2619
552 2638 582 2640 -

396 2727 456 2749 2620
531 2725 594 2750 1447

396 2825 453 2846 2621
550 2836 581 2840 -

519 2943 559 2965 98.

743 869 803 893 Maii
818 870 832 892 4

738 927 809 950 Junii
827 928 841 949 ss

683 1029 846 1060 Septembris
865 1030 892 1051 27

680 1175 891 1206 Just-Septemb.

680 1234 805 1257 Novemb.
819 1234 892 1256 25-29

693 1292 837 1316 Nov.-De‹·.
853 1293 880 1315 1l1

717 1350 858 1373 Decembre

705 1452 840 1475 Februarii
858 1453 869 1475 7

681 1510 815 1534 Februarii
823 1511 892 1533 22-23

680 1702 892 1726 Feh.23-Mart.13

722 1804 809 1828 Martii
826 1805 855 1827 26

746 1907 851 1929 -26

721 1965 820 1996 Aprilis
838 1967 850 1988 7

756 2081 783 2085 —
818 2068 846 2091 11

730 2125 791 2148 Maii
808 2126 837 2148 30

675 2182 728 2207 Jul.
741 2183 847 2214 21-Aug.
859 2184 888 2206 20

697 2284 819 2308 Octobris
836 2286 864 2309 15

749 2356 776 2360 -
834 2344 863 2365 22

679 2400 836 2423 Novembris
853 2402 881 2424 15

745 2516 776 2520 —
850 2503 878 2526 18

703 2560 851 2583 Novembre

673 2618 794 2641 Decemb.
807 2619 845 2646 22»,
855 2619 884 2640 30

695 2719 815 2742 Januarii
832 2720 860 2742 16

719 2821 806 2844 Martii
823 2822 838 2844 6

928 462 1049 485 Facultas
1065 462 1231 485 ‘decretorum
1247 462 1369 485 Milonem
1383 461 1505 486 d'llliers.
1520 463 1623 491 petente
1639 460 1704 482 duce
1720 457 1911 484 Aurelianensi,
1924 457 2096 480 adiecturum
2109 458 2193 478 matu-

957 507 1064 530 tinalem
1085 506 1201 530 admittit
1203 516 2190 530 .......................................

926 565 1045 596 Epistola
1066 568 1092 587 et
1114 565 1142 587 14
1166 564 1348 587 conclusiones
1372 563 1506 586 facultatis
1527 561 1676 592 theologiae
1700 560 1784 584 Paris.
1807 561 1840 583 ad
1860 559 2032 583 ecclesiarum
2058 558 2191 590 praelatos

957 612 1047 632 contra
1061 611 1166 638 sestam
1178 610 1328 638 fatuorum
1343 607 1369 630 in
1385 607 1491 631 oetavis
1506 606 1658 630 Nativitatis
1672 605 1776 629 Domini
1794 604 1835 628 vel
1854 604 1942 636 prima
1956 602 2077 627 Januarii
2092 602 2118 625 in
2132 602 2190 634 qui-

957 654 1070 676 busdam
1085 652 1203 676 ecclesiis
1217 652 1377 675 celebratum
1382 663 2190 675 ................................

926 711 1036 734 Carolus
1052 711 1097 734 Vll
1113 710 1238 742 probibet
1253 711 1347 733 festum
1366 710 1499 732 fatuorum
1512 721 2190 731 ...........................

924 769 984 792 Joh.
1002 769 1026 791 le
1043 768 1136 799 Bugle,
1152 768 1240 791 scriba
1255 766 1450 791 conservatoris
1466 766 1576 797 antiqui,
1590 765 1680 797 litigat
1694 768 1785 789 contra
1797 764 1944 788 Jobannem
1959 762 2063 787 Picardi
2082 762 2108 786 in
2126 762 2189 786 Par-

955 814 1069 836 lamento
1072 824 2189 835 ............................................

924 871 1000 894 Natio
1016 870 1141 894 Franciue
1156 878 1184 893 se
1199 869 1309 902 opponit
1324 877 1391 892 novo
1404 868 1562 892 cancellario
1578 869 1604 891 S.
1620 867 1767 891 Genovefae
1780 866 1895 890 Johanni
1910 867 1941 890 de
1957 866 2037 889 Puteo
2054 882 2189 890 ......

925 929 1057 960 Eugenius
1074 929 1106 951 lV
1122 927 1238 959 injungit
1254 927 1440 950 archidiacono
1453 927 1484 949 de
1497 926 1603 957 Josnyo,
1621 928 1650 948 ut
1664 925 1789 956 inquirat,
1806 924 1920 953 cuinam,
1935 923 2050 947 Johunni
2063 923 2094 946 de
2110 923 2190 946 Puteo

954 982 987 996 an
1003 973 1127 1004 Philippo
1140 971 1253 1003 Anglici‚
1271 974 1404 1002 competat
1418 970 1620 994 cancellariatus
1641 970 1668 993 S.
1684 970 1831 993 Genuvefae
1849 983 2189 992 ..............

923 1031 999 1054 Natio
1018 1030 1144 1054 Franciae
1162 1033 1188 1053 et
1205 1029 1344 1060 Philippus
1365 1028 1467 1059 Anglici
1492 1027 1645 1059 supplicant
1663 1027 1780 1058 Eugenio
1801 1027 1842 1056 lv,
1866 1029 1893 1050 ut
1914 1026 2040 1057 episcopo
2064 1024 2190 1048 Meldensi

953 1075 1101 1098 committat
1122 1074 1320 1106 inquisitionem
1336 1074 1367 1097 de
1383 1072 1570 1096 cancellariam
1587 1072 1614 1096 S.
1632 1072 1790 1096 Genovesne.
1804 1070 1946 1102 Philippus
1962 1069 2067 1101 Anglici
2086 1069 2112 1093 in
2128 1077 2190 1093 can-

954 1120 1091 1144 cellarium
1108 1119 1257 1142 instituitur
1273 1131 2188 1142 ....................................

922 1177 1032 1202 Carolus
1046 1178 1092 1201 Vll
1108 1186 1159 1200 non
1175 1185 1252 1200 veros
1268 1176 1402 1199 scholares
1418 1175 1449 1198 ad
1467 1174 1569 1198 talliam
1587 1174 1687 1205 obligat
1691 1189 2189 1198 ....................

923 1237 964 1260 Lis
980 1237 1012 1260 de
1027 1236 1142 1268 quodam
1157 1235 1239 1258 nobili
1254 1234 1375 1257 scholare
1389 1233 1542 1263 Alemanno,
1558 1233 1663 1256 detento
1679 1232 1705 1255 in
1719 1231 1871 1255 carceribus
1890 1230 1985 1262 palatii
2003 1247 2188 1255 ........

922 1296 957 1318 Ι)0
968 1294 1106 1318 Fernando
1122 1293 1296 1320 Cordubens.,
1311 1291 1438 1323 Hispano,
1455 1291 1608 1322 disputante
1624 1293 1649 1313 et
1665 1290 1770 1313 detento
1786 1288 1894 1312 Parisiis
1899 1305 2187 1312 ............

922 1353 1033 1376 Carolus
1048 1352 1095 1375 vll
1110 1359 1157 1383 per
1173 1359 1235 1374 suas
1250 1350 1353 1373 litteras
1370 1359 1382 1371 «
1401 1357 1481 1380 super
1503 1348 1614 1371 materia
1634 1347 1791 1379 injuriarum
1815 1346 1883 1370 alias
1906 1346 2078 1370 Universitati
2102 1346 2189 1369 illata-

953 1405 1012 1420 rum
1027 1405 1038 1419 »
1055 1396 1208 1419 dilationem
1225 1394 1336 1418 actionis
1352 1394 1510 1425 injuriarum
1526 1392 1618 1415 indicit
1637 1408 2186 1415 ......................

923 1454 1059 1479 Licentiati
1075 1454 1101 1477 in
1118 1454 1242 1476 facultate
1255 1451 1404 1482 theologiae
1407 1465 2187 1475 ...............................

922 1514 987 1537 Cum
1004 1513 1056 1535 duo
1074 1510 1195 1542 magistri
1211 1519 1271 1533 cum
1285 1513 1386 1541 septem
1404 1508 1581 1536 scholaribus,
1597 1507 1642 1538 qui
1659 1507 1790 1530 faciebant
1807 1516 1820 1527 «
1835 1507 1881 1530 des
1894 1506 2029 1537 jeunesses
2045 1516 2068 1536 »‚
2088 1506 2115 1529 in
2137 1507 2189 1530 Ca-

954 1557 1057 1581 stelleto
1066 1555 1163 1579 detenti
1177 1558 1274 1583 essent,
1283 1563 1327 1578 eos
1343 1553 1464 1585 magistri
1477 1553 1537 1577 Job.
1548 1552 1651 1575 Bel-aud
1664 1555 1688 1575 et
1701 1551 1761 1575 Joh.
1773 1550 1975 1575 Pnin-et-Cbair
1985 1550 2011 1574 in
2021 1551 2188 1574 Pax-lamento

953 1603 1002 1625 sub
1018 1600 1221 1625 comminatione
1237 1599 1415 1622 cessationum
1431 1598 1584 1621 reclamant.
1598 1597 1756 1620 Procurator
1768 1595 1839 1627 regis
1854 1603 1898 1619 eos
1911 1595 2032 1627 increpat
2048 1595 2187 1619 vehemen-

953 1650 993 1670 ter
1007 1654 1058 1669 non
1069 1645 1277 1676 obtemperando
1290 1651 1381 1667 eorum
1394 1642 1526 1666 mandatis
1539 1657 2188 1665 ..........................

923 1705 1045 1728 Mandata
1065 1703 1154 1726 curiae
1168 1701 1327 1726 Pau-lamenti
1344 1701 1494 1729 adversata,
1510 1699 1677 1724 Universitas
1695 1698 1788 1721 indicit
1802 1697 1962 1721 cessationes
1978 1706 1992 1721 a
2011 1699 2188 1727 sermonibus,

953 1750 1034 1772 donec
1050 1748 1185 1771 scholares
1201 1746 1272 1778 capti
1287 1749 1312 1769 et
1327 1745 1424 1769 detenti
1442 1745 1616 1768 restituantur
1619 1760 2187 1769 .......................

922 1807 1032 1831 Carolus
1048 1806 1093 1829 Vll
1109 1805 1277 1829 Parlamento
1292 1803 1378 1827 Paris.
1394 1802 1535 1826 committit
1546 1810 1636 1826 omnes
1653 1810 1748 1825 causas
1767 1801 1955 1826 Universitatis
1970 1801 2078 1833 ejusque
2092 1810 2188 1833 suppo-

953 1852 1063 1875 sitorum
1069 1863 2187 1875 ............................................

922 1909 1059 1933 Licentiati
1072 1909 1098 1931 iu
1115 1908 1240 1931 facultate
1255 1906 1400 1930 medicinae
1404 1921 2188 1929 ...............................

920 1967 1032 1991 Martino
1048 1966 1165 1995 Questel,
1181 1965 1280 1988 decano
1302 1964 1365 1988 eccl.
1382 1963 1544 1991 Belvacensi‚
1561 1963 1635 1986 hacc.
1657 1962 1744 1990 theol„
1770 1962 1904 1993 Eugenius
1919 1962 1953 1985 lv
1973 1962 2103 1994 permittit
2123 1962 2188 1985 alibi

951 2020 1030 2043 quam
1045 2010 1156 2034 Parisiis
1172 2009 1306 2033 licentiam
1320 2008 1437 2039 recipere
1456 2023 2187 2031 .............................

921 2069 1057 2093 Licentiati
1072 2068 1098 2091 in
1115 2068 1240 2091 facultate
1255 2067 1419 2090 decretorum
1429 2080 2186 2089 ..............................

918 2129 987 2159 Mag.
1003 2127 1062 2151 Joh.
1081 2126 1179 2150 Luilier
1194 2125 1300 2148 nomine
1315 2123 1503 2148 Universitatis
1519 2123 1544 2146 in
1563 2122 1638 2146 curia
1655 2122 1815 2146 Parlamenti
1830 2130 1858 2145 se
1871 2122 1982 2153 opponit
1995 2121 2092 2145 litteris
2106 2121 2186 2153 regis.

918 2185 1084 2210 Universitas
1101 2184 1186 2208 Paris.
1200 2183 1295 2206 scribit
1314 2182 1437 2214 pluribus
1452 2181 1677 2205 Universitntibus
1696 2183 1724 2203 ut
1740 2180 1767 2203 in
1783 2188 1864 2203 unum
1879 2180 2036 2203 conveniant
2052 2180 2188 2211 planctum

947 2238 1036 2253 coram
1052 2237 1122 2260 rege,
1137 2231 1166 2251 ut
1181 2227 1407 2259 Universitatibus
1423 2226 1464 2249 sui
1479 2225 1554 2257 regni
1571 2225 1710 2257 provideat
1723 2224 1754 2248 de
1768 2224 1901 2248 beneficiis
1906 2241 2187 2248 ............

917 2289 985 2319 Mag.
1001 2287 1131 2310 Robertus
1144 2286 1276 2312 Julienue.
1295 2286 1343 2308 fac.
1361 2284 1514 2312 medicinae,
1526 2286 1678 2315 praesentat
1693 2282 1918 2313 dispensationem
1933 2290 1948 2305 a
1962 2285 2109 2313 resumpta.
2128 2299 2134 2305 .
2154 2299 2160 2305 .
2180 2299 2187 2306 .

916 2345 1128 2369 Ambassiatores
1143 2343 1332 2368 Universitatis
1348 2342 1432 2366 Paris.
1449 2342 1483 2365 ad
1496 2350 1584 2373 regem
1600 2340 1731 2372 recipiunt
1743 2339 1932 2364 Instructiones
1948 2356 2186 2363 ..........

916 2404 984 2434 Mag.
1000 2403 1097 2426 Paulus
1111 2402 1143 2425 de
1163 2401 1241 2428 Villa,
1257 2400 1436 2424 Lemovicens.
1453 2400 1547 2427 dioec„
1566 2399 1654 2422 licent.
1676 2398 1702 2421 in
1722 2398 1836 2429 legibus,
1855 2397 2003 2421 assumitur
2023 2397 2056 2421 ad
2073 2398 2186 2429 gradum

945 2448 1101 2470 doctoratus
1118 2446 1144 2470 in
1160 2446 1327 2469 decretorum
1341 2446 1466 2468 facultate
1483 2459 2184 2467 ............................

915 2505 1072 2529 Guillelmus
1086 2505 1118 2527 de
1134 2504 1269 2532 Hellande,
1285 2503 1427 2534 episcopus
1444 2502 1608 2531 Belvacens„
1623 2509 1707 2524 novus
1723 2503 1894 2524 conservator
1904 2499 2107 2523 Universitatis.
2126 2517 2132 2523 .
2152 2516 2159 2524 .
2178 2517 2184 2523 .

914 2563 1036 2594 Magistri
1050 2565 1173 2594 regentes
1191 2561 1325 2585 facultatis
1341 2560 1487 2584 medicinae
1504 2568 1546 2583 an.
1563 2559 1665 2582 1440-47
1669 2574 2184 2583 .....................

915 2621 1080 2644 Universitas
1096 2620 1181 2643 Paris.
1194 2628 1222 2643 se
1239 2619 1350 2651 opponit
1363 2618 1480 2642 decimae
1493 2625 1578 2649 nuper
1588 2625 1602 2640 a
1618 2624 1722 2640 summo
1734 2615 1859 2647 pontifice
1870 2615 2004 2647 aliquibus
2018 2615 2184 2647 principibus

945 2665 1071 2689 Franciae
1086 2673 1227 2688 concessae
1241 2679 1663 2689 .................
1675 2653 1678 2655 .
1683 2677 2184 2685 ....................

914 2723 1047 2754 Eugenius
1064 2723 1097 2746 IV
1110 2723 1221 2746 damnat
1235 2730 1339 2745 errores
1353 2722 1511 2753 aliquorum,
1526 2720 1659 2752 imprimis
1673 2719 1801 2743 Jobannis
1817 2719 1848 2742 de
1861 2718 1987 2748 Polliaco,
2002 2718 2047 2750 qui
2056 2718 2184 2742 fratribus

943 2767 1152 2791 Mendicantibus
1166 2767 1210 2799 jus
1226 2766 1405 2790 confessiones
1416 2765 1639 2797 parochianorum
1654 2763 1779 2787 audiendi
1795 2764 1926 2794 denegant
1937 2765 1963 2786 et
1984 2763 2157 2794 denegarunt.
2176 2780 2183 2786 .

914 2821 1117 2844 Barbitonsores
1133 2821 1219 2844 Paris.
1234 2828 1323 2843 coram
1339 2819 1506 2843 Parlnmento
1521 2827 1536 2842 a
1551 2817 1704 2850 praeposito
1719 2817 1804 2841 Paris.
1818 2816 1963 2848 appellant,
1978 2824 2009 2839 ne
2017 2816 2069 2839 sibi
2084 2815 2184 2839 01110111·-
2218 2826 2219 2829 ¹

944 2865 1003 2896 giae
1015 2873 1079 2888 cura
1094 2865 1121 2888 111
1136 2865 1228 2888 multis
1241 2864 1347 2887 casibus
1364 2864 1497 2887 adimatur
1500 2877 2181 2887 ...........................

2236 500 2281 523 651

2235 647 2281 670 652

2235 705 2280 727 657

2235 807 2280 830 657

2234 864 2279 887 661

2234 966 2279 990 661

2232 1386 2278 1408 665

2231 1443 2278 1466 665

2233 1638 2280 1662 666

2232 1741 2280 1764 669

2232 1843 2279 1867 669

2232 1900 2277 1924 671

2232 2003 2277 2026 671

2231 2061 2279 2084 672

2231 2117 2279 2142 673

2231 2220 2278 2244 673

2231 2278 2278 2301 673

2230 2336 2277 2360 673

2229 2438 2277 2461 674

2229 2496 2277 2519 674

2229 2553 2277 2576 674

2229 2655 2276 2678 674

2228 2758 2275 2781 674

2226 2860 2273 2883 675

2495 3380 2502 3418 M...
2494 3307 2502 3373 ..a-1„
2492 3271 2495 3282 ⁴⁴
