2502 3418
411 319 467 351 174
975 328 1290 349 CHARTULARIUM
1326 327 1515 349 UNIVERS.
1552 327 1679 348 lunis.
2165 313 2263 349 [1410

589 457 763 489 Secuntur
781 467 819 489 ea
842 467 904 500 que
926 460 1021 488 tacta
1043 460 1123 488 sunt
1144 466 1211 498 per
1233 454 1372 487 modum
1397 453 1721 487 advz'samentorum
1743 453 1796 486 vel
1817 453 2074 497 provisionum.

493 567 612 599 Primo
637 567 733 611 quod
755 567 790 599 in
813 566 957 599 solenni
977 566 1242 599 convocacione
1272 565 1489 609 prelatorum
1517 571 1552 597 et
1571 564 1724 596 aliorum
1751 564 1955 608 sapientum
1984 570 2019 596 et
2044 564 2261 609 prudentum

405 642 474 667 tam
496 634 540 667 (le
566 634 720 666 consilio
742 634 840 678 regis
862 645 965 677 quam
995 633 1039 665 de
1062 633 1282 677 parlamento
1300 639 1335 664 et
1355 631 1553 665 Castelleto
1575 638 1610 663 et
1629 631 1781 663 aliorum
1803 631 1863 663 fiat
1877 630 2095 675 justificacio
2117 643 2265 676 proces-

404 713 467 734 sus
489 701 744 734 Universitatis
764 707 887 733 contra
907 699 998 732 hanc
1019 699 1167 732 bullam.

494 769 581 800 Item
617 767 845 812 postmodum
882 766 942 799 fiat
974 766 1041 798 hoc
1075 778 1193 798 coram
1230 765 1456 810 principibus
1492 771 1524 797 et
1560 764 1693 798 deinde
1728 776 1846 797 coram
1883 765 2027 810 populis
2062 766 2262 810 secundum

404 835 682 867 instructionem
703 833 853 866 dandam
874 832 1178 877 predicatoribus,

494 903 581 934 Item
604 913 668 945 pro
691 900 805 933 salute
827 899 985 944 plebium
1009 906 1043 932 et
1070 911 1134 944 pro
1160 899 1408 943 acquisicione
1430 898 1740 931 conscienciaruin
1762 898 1857 943 apud
1886 899 2043 943 prelatos
2065 906 2100 932 et
2120 906 2264 932 curatos

405 975 440 1001 et
461 968 706 1001 cessacionem
730 966 1046 1011 obloquulionum,
1068 966 1212 998 videtur
1237 965 1436 1010 expediens
1458 965 1555 1010 quod
1577 965 1613 997 in
1638 965 1800 1010 qualibet
1820 965 2007 1010 parrochia
2029 973 2098 999 tam
2119 967 2156 999 in
2177 967 2265 1000 civi-

405 1035 537 1068 tatibus
558 1047 661 1079 quam
680 1041 777 1066 extra
799 1034 963 1066 civitates
984 1033 1020 1065 in
1040 1033 1179 1066 villulis
1195 1032 1395 1065 habeantur
1418 1032 1516 1077 parvi
1539 1032 1731 1066 tractatulz'
1751 1033 1787 1066 in
1804 1033 1953 1078 gallico,
1976 1033 2207 1067 continentes
2228 1034 2264 1066 in

404 1101 565 1146 generali
585 1108 746 1133 tenorem
768 1107 1020 1145 preceptorum
1043 1106 1078 1132 et
1098 1100 1413 1132 enumeracionem
1437 1106 1471 1131 et
1492 1111 1681 1131 numerum
1702 1099 1950 1141 articulorum,
1973 1107 2011 1133 ut
2030 1100 2087 1133 vel
2106 1100 2265 1146 legendo

404 1168 460 1201 vel
481 1167 665 1200 recitando
687 1167 830 1212 possint
852 1167 964 1199 curati
989 1173 1320 1211 quantumcumque
1341 1165 1528 1210 simplices
1550 1165 1682 1198 docere
1703 1165 1834 1199 diebus
1855 1166 2049 1199 dominicis
2071 1173 2106 1200 et
2124 1167 2266 1200 festivis

404 1222 544 1279 plebem
568 1235 700 1267 suam².

493 1303 579 1334 Item
602 1301 699 1346 quod
721 1301 917 1346 diligenter
933 1301 1150 1334 observetur
1171 1307 1209 1333 ut
1225 1300 1348 1333 nullus
1369 1307 1514 1334 curatus
1535 1307 1596 1333 aut
1615 1300 1773 1333 vicarius
1794 1301 1874 1345 ejus
1896 1301 2071 1346 suscipiat
2091 1301 2266 1347 deinceps

402 1369 556 1413 aliquem
584 1369 727 1400 fratrem
757 1368 1037 1413 privilegiatum,
1060 1368 1130 1401 nisi
1159 1367 1288 1400 habeat
1308 1368 1447 1400 litteras
1473 1368 1529 1400 sui
1556 1367 1698 1412 prelati,
1721 1374 1869 1412 propter
1893 1367 2030 1401 abusus
2047 1369 2108 1413 qui
2133 1369 2266 1402 cotidie

402 1436 477 1468 fieri
511 1442 756 1468 memorantur
784 1447 847 1480 per
875 1447 950 1475 eos,
983 1435 1043 1480 qui
1071 1447 1109 1467 se
1140 1447 1212 1467 non
1237 1435 1370 1467 missos
1401 1435 1571 1479 ingerunt
1603 1441 1726 1467 contra
1754 1435 1999 1467 intencionem
2031 1435 2265 1468 decretalium

400 1502 540 1536 Dudum
562 1502 618 1535 vel
639 1503 754 1546 Super
769 1501 985 1543 cathedram,
1004 1515 1073 1547 que
1094 1509 1214 1535 certos
1231 1509 1266 1534 et
1286 1509 1385 1534 certo
1408 1502 1515 1535 modo
1537 1502 1729 1547 eligendos
1747 1514 1829 1534 esse
1851 1502 2077 1535 determinat.
2097 1504 2141 1535 Et
2156 1514 2267 1548 super

400 1569 467 1602 hoc
493 1569 705 1603 viderentur
725 1569 830 1601 etiam
853 1568 1079 1614 parrochiani
1102 1569 1370 1610 commonendi,
1395 1581 1439 1601 ne
1463 1569 1559 1602 irent
1578 1569 1622 1602 ad
1649 1568 1739 1602 tales
1760 1569 1831 1602 nisi
1853 1569 1941 1602 certi
1962 1569 2055 1602 bene
2077 1576 2202 1603 essent
2223 1569 2267 1603 de

402 1648 465 1669 sua
488 1636 675 1669 missione.
2229 1680 2232 1682 Ι

489 1703 684 1748 Expediret
718 1710 901 1748 postremo
936 1703 1034 1748 quod
1064 1703 1324 1736 determinacio
1353 1703 1534 1736 facultatis
1569 1703 1754 1749 theologie
1786 1704 1985 1737 novissime
2019 1705 2108 1737 facta
2142 1711 2266 1739 contra

401 1770 611 1814 magistrum
641 1769 839 1802 Johannem
870 1770 1002 1803 Gorrel
1029 1770 1293 1815 approbaretur
1323 1782 1387 1815 per
1419 1770 1699 1804 Universitatem
1731 1777 1766 1803 et
1795 1770 2054 1816 publicaretur,
2086 1778 2265 1816 quatenus

400 1837 566 1869 viderent
587 1837 710 1881 populi
732 1844 767 1869 et
787 1837 898 1870 ceteri
924 1837 1054 1870 melius
1081 1849 1238 1879 errores,
1261 1849 1353 1882 quos
1379 1837 1491 1882 aliqui
1521 1844 1771 1883 conceperunt
1794 1844 1918 1871 contra
1946 1844 2077 1871 statum
2108 1838 2265 1883 prelato·-

402 1915 478 1936 rum
500 1910 535 1936 ct
555 1910 773 1945 curatorum.
795 1910 830 1936 et
849 1904 981 1937 veritas
997 1904 1176 1937 contraria
1198 1911 1425 1937 nosceretur.

492 2014 560 2037 Bibl.
580 2018 633 2038 nat.
655 2015 750 2043 Paris.‚
769 2024 818 2038 ms.
841 2016 887 2039 lat.
909 2017 984 2039 14644
1002 2017 1074 2046 (olim
1094 2017 1120 2041 S.
1141 2016 1238 2040 Victor.
1255 2017 1309 2045 402,
1330 2020 1422 2047 postea
1442 2017 1507 2046 277).
1531 2017 1576 2041 sol.
1598 2018 1657 2045 3465
1677 2018 1740 2040 9789
1758 2017 1830 2047 (olim
1852 2017 1955 2040 Claudii
1980 2017 2108 2047 Puteani),
2130 2017 2175 2041 fol.
2195 2017 2262 2046 117¹»,

400 2061 444 2084 ubi
460 2061 586 2093 temporis
609 2064 669 2083 notu
685 2061 767 2084 deest.
784 2061 859 2090 But„
875 2062 904 2090 V,
918 2070 944 2092 p.
960 2062 1014 2085 201.
1033 2075 1064 2079 -—
1084 2062 1151 2084 Haec
1167 2061 1310 2090 conclusio,
1324 2061 1456 2093 imprimis
1475 2065 1527 2085 tres
1543 2062 1645 2093 priores
1661 2062 1834 2093 paragraphi,
1851 2070 1901 2085 non
1919 2062 1984 2085 bene
2002 2062 2197 2093 intelliguntur,
2212 2062 2263 2085 nisi

400 2114 512 2138 sequens
529 2106 672 2129 declaratio
685 2105 814 2129 Johannis
829 2106 929 2129 Gerson
945 2106 1114 2129 adhibeatur.

492 2212 517 2238 1.
534 2214 620 2244 Supra
635 2213 731 2235 lineam
747 2213 854 2235 additur
869 2221 874 2235 z
891 2221 902 2235 (ι
919 2213 994 2244 cujus
1010 2213 1086 2243 copia
1102 2213 1143 2235 hic
1159 2213 1285 2236 inseritur
1301 2222 1323 2237 ».
1334 2227 1364 2232 —
1380 2214 1404 2238 2.
1420 2214 1479 2237 Jnm
1495 2222 1538 2237 nn.
1552 2214 1613 2237 1400
1627 2214 1760 2237 ,Iohannes
1776 2214 1876 2238 Gerson
1893 2222 1906 2237 e
1922 2214 2018 2245 Brugis
2034 2214 2065 2237 de
2082 2214 2264 2245 componendo

399 2258 539 2281 tractatulo
559 2266 638 2289 super
653 2257 758 2289 punctis
774 2257 967 2288 principalibus
983 2260 1089 2280 nostrae
1104 2257 1240 2288 religionis
1257 2259 1289 2280 ad
1304 2258 1504 2282 instructionem
1518 2259 1679 2290 simplicium
1695 2259 1804 2290 scripsit
1819 2260 1896 2289 (Opp.
1914 2259 2041 2287 Gerson„
2053 2259 2073 2288 1,
2090 2259 2155 2288 124).
2170 2259 2263 2282 Postea

399 2311 460 2325 vero
476 2303 640 2333 proponebat
656 2306 683 2325 ut
699 2302 814 2325 Concilio
829 2302 955 2333 generali,
971 2302 1025 2325 sive
1041 2303 1166 2330 Romano,
1183 2302 1238 2326 sive
1253 2303 1456 2331 Constantiensi,
1473 2303 1625 2335 hujusmodi
1642 2313 1653 2327 (ι
1669 2304 1826 2327 tractatulus
1846 2307 1900 2327 tum
1922 2304 1948 2326 in
1970 2303 2052 2327 latino
2067 2311 2147 2335 quam
2162 2303 2188 2326 in
2204 2303 2263 2334 gul—

398 2347 448 2370 lico
463 2347 624 2378 compositus
641 2357 662 2375 »,
678 2355 725 2378 per
746 2347 834 2370 facult.
849 2347 927 2370 theol.
945 2350 1086 2374 cormeum,
1106 2347 1244 2370 offerretur
1257 2351 1282 2370 et
1297 2347 1410 2378 singulis
1427 2348 1638 2379 metropolitanis
1654 2352 1680 2372 et
1694 2349 1827 2380 episcopis
1843 2349 2082 2372 communicaretur
2098 2348 2176 2377 (Bibl.
2192 2356 2262 2372 caes.

399 2392 555 2421 Vinduhon„
572 2401 620 2415 ms.
638 2392 682 2415 lat.
700 2393 769 2420 5097,
787 2392 831 2414 [οἱ.
847 2393 895 2421 29).

406 2547 542 2583 1880.
566 2556 685 2581 Plurimi
706 2556 733 2581 in
753 2554 905 2589 theologia,
929 2555 1066 2590 imprimis
1090 2555 1232 2580 lohannes
1257 2557 1368 2588 Get-son,
1392 2558 1572 2591 professores
1596 2557 1701 2582 bullam
1725 2557 1887 2583 Alexandri
1913 2559 1936 2584 V
1951 2566 2004 2593 pro
2028 2556 2261 2583 Mendicantibus

487 2605 585 2630 datam
603 2606 771 2640 vilupt'rant.

1636 2654 1705 2684 7470,
1723 2655 1810 2680 Mat-{ll
1821 2655 1846 2685 5,
1861 2654 1975 2680 Parisiis.

487 2740 701 2780 [U]niversis
722 2739 858 2773 Christi
879 2739 1049 2772 fidelibus
1066 2739 1212 2784 plurimi
1234 2751 1335 2772 sacre
1354 2739 1538 2785 theologie
1553 2742 1783 2786 professores
1804 2742 1962 2775 zelantes
1979 2754 2019 2775 ea
2036 2754 2105 2786 que
2122 2741 2259 2774 iherar-

399 2806 537 2838 chicum
561 2806 723 2839 ordinem
748 2806 902 2839 ecclesie
923 2806 1137 2851 respiciunt,
1160 2807 1285 2851 gratia,
1305 2807 1403 2840 salus
1425 2814 1459 2840 et
1480 2820 1557 2852 pax.
1578 2809 1668 2841 Sane
1690 2808 1937 2842 iherarchicus
1959 2809 2048 2842 ordo
2070 2808 2258 2841 militantis

399 2873 552 2906 ecclesie
574 2874 726 2906 docente
749 2873 852 2906 beato
875 2874 1049 2918 Dyonisio
1071 2874 1290 2906 constitutus
1312 2881 1366 2906 cst
1387 2874 1563 2907 immobili
1586 2875 1752 2909 firmitate
1779 2888 1843 2921 per
1868 2876 2052 2910 Christum
2074 2876 2117 2908 ad
2139 2887 2258 2908 exem-
