2502 3418
380 345 445 377 514
960 354 1280 376 CHARTULARIUM
1316 353 1507 376 umvsns.
1545 354 1674 377 Panis.
2086 342 2246 379 [1429-31

381 429 520 455 laboravit
535 431 563 455 ut
579 437 630 455 sua
645 428 788 455 liberatrix
804 429 980 455 liberaretur.
998 429 1025 455 Si
1042 437 1104 455 cum
1121 428 1244 455 exercitu
1260 428 1354 454 venire
1370 428 1507 463 nequivit,
1524 437 1610 464 quare
1625 438 1680 456 non
1696 430 1757 465 ipse
1773 430 1807 456 ad
1823 438 1962 456 summum
1977 429 2137 465 pontificem
2153 429 2249 465 appel-

378 477 458 511 lavit,
474 478 519 504 vel
533 478 631 504 saltem
647 477 724 504 illum
736 478 884 505 certiorem
901 477 986 504 feeit?
1000 478 1054 504 Cur
1068 477 1206 504 Jordanus
1221 477 1330 510 Morini,
1343 478 1442 504 Petrus
1459 477 1493 504 de
1508 478 1651 512 Versaliis,
1666 478 1806 506 Gerardus
1819 478 1947 512 Macheti,
1960 479 2022 514 ejus
2038 478 2193 505 consiliarii
2208 481 2250 511 (ut

379 529 523 554 taceamus
535 527 569 554 de
581 527 735 562 Reginaldo
747 526 960 562 archiepiscopo
976 527 1130 559 Remensi),
1144 527 1258 560 aliique,
1273 526 1319 561 qui
1336 526 1464 561 spiritum
1477 527 1619 554 Johannae
1635 529 1833 563 approbarunt,
1848 527 1961 554 salubre
1975 527 2004 554 id
2019 527 2168 554 consilium
2181 527 2249 555 dare

380 575 555 603 omiserunt?
571 577 603 602 Et
617 576 800 602 nibilominus
817 576 1037 611 supplicationes
1053 584 1108 602 non
1124 584 1227 610 paucas
1243 583 1293 610 pro
1309 575 1372 602 aliis
1385 576 1501 602 Romam
1516 576 1564 603 illo
1581 579 1706 612 ternpore
1722 585 1770 604 rex
1783 577 1821 612 (v.
1838 585 1865 612 g.
1883 576 1979 612 Suppl.
1993 581 2024 603 n⁰
2038 578 2100 610 255,
2116 577 2165 603 l'ol.
2182 578 2247 610 110;

380 631 411 652 n⁰
426 627 488 659 258,
503 625 552 652 sol.
566 625 632 658 83b;
647 626 757 658 Rirou„
773 626 849 652 Ball.
867 625 933 651 Ord.
956 625 1066 656 Prae-d..
1088 625 1132 657 lll,
1149 633 1175 659 p.
1199 627 1213 651 7
1234 630 1301 659 sq),
1323 625 1461 651 jordanus
1482 626 1581 652 Morini
1602 628 1630 653 et
1651 626 1790 653 Gerardus
1805 626 1923 653 Macheti
1939 634 1989 661 pro
2007 626 2111 661 seipsis
2127 627 2169 661 (n0
2184 627 2247 660 260,

379 674 429 701 sol.
450 676 512 707 229,
541 674 588 700 sol.
606 675 666 706 233)
687 674 834 700 miserunt.
856 674 896 700 De
912 673 1057 708 iniquitate
1073 681 1225 708 processus
1242 681 1276 700 ne
1296 676 1393 708 postea
1408 674 1521 709 quidem
1537 683 1587 702 rex
1603 683 1702 710 papam
1718 675 1871 702 admonuit.
1888 676 1941 701 An.
1960 676 2038 708 1431,
2053 675 2204 701 Novembri
2221 677 2249 702 et

379 725 487 758 postea,
502 723 591 749 nuntii
607 723 707 757 ipsius,
724 722 796 749 inter
809 730 880 756 quos
895 723 994 749 Petrus
1010 722 1043 748 de
1059 722 1204 755 Versaliis,
1221 723 1325 749 Romae
1341 723 1521 750 morabantur
1538 724 1642 759 (Suppl.
1658 730 1689 750 11ο
1704 725 1766 758 267,
1781 724 1830 751 sol.
1849 725 1913 757 1713
1931 730 1961 750 n⁰
1977 725 2038 757 268,
2056 723 2105 750 sol.
2122 725 2171 756 25;
2187 723 2246 750 vid.

376 773 506 805 Damam,
522 773 560 798 La
572 772 726 798 desolcttt‘on
738 771 783 798 des
794 772 890 805 eqlt'ses
904 780 937 797 en
950 771 1064 804 France,
1076 777 1107 797 n⁰
1122 772 1196 805 267).
1212 771 1304 797 Nihilo
1319 771 1412 798 secius
1426 772 1569 807 Eugenius
1582 773 1616 799 lV
1629 781 1673 800 an.
1687 774 1765 806 1432,
1779 774 1838 800 Jan.
1854 774 1898 806 29,
1912 781 1975 800 cum
1990 773 2103 799 Petrum
2117 772 2247 799 Cauchon

379 821 414 848 ad
428 821 522 848 sedem
540 820 741 847 Lexoviensem
758 820 931 853 transferret,
949 820 978 846 in
990 819 1066 846 bulla
1082 820 1275 846 translationis
1287 820 1397 847 solitam
1409 821 1558 848 formulam
1569 830 1624 848 non
1638 822 1806 857 suppressit,
1817 822 1959 849 Johannae
1972 822 2061 857 judici
2077 821 2225 849 scribendo
2239 830 2246 849 ε

378 870 464 903 Vade,
482 881 495 894 «
513 878 544 896 ac
559 870 631 896 bone
646 869 717 895 same
732 872 777 895 tue
793 869 863 895 odor
876 877 909 895 ex
925 868 1115 895 laudabilibus
1131 869 1240 896 actibus
1256 869 1312 896 tuis
1328 870 1412 896 latius
1429 870 1601 897 diffundatur
1616 882 1630 895 »
1648 872 1726 906 (Reg.
1742 871 1799 898 Lat.
1821 872 1928 906 Eugen.
1942 871 1987 904 lv,
2003 875 2033 897 n⁰
2048 872 2110 903 306,
2127 870 2176 897 fol.
2196 872 2247 897 120

377 919 444 953 sq.),
462 919 546 945 immo
563 918 644 944 Febr.
662 919 676 944 5
693 928 706 941 «
724 917 930 944 sacratissimas
945 917 1088 944 doctrinas
1100 930 1113 942 »
1129 918 1325 953 magistrorum
1338 919 1490 946 Parisiens.
1509 928 1662 955 eorumque
1677 920 1777 947 merita
1792 920 1826 947 de
1842 920 2035 947 conservanda
2049 920 2169 955 puritate
2182 919 2247 947 fidei

375 967 530 994 catholicae
546 967 664 993 summis
684 966 820 993 encomiis
843 966 997 993 celebravit
1015 967 1085 1002 (vid.
1103 967 1175 994 intra
1193 973 1224 994 n0
1242 968 1332 1000 2407).
1354 968 1455 995 Parum
1471 969 1552 996 abest
1568 971 1598 995 ut
1609 969 1722 996 Petrum
1741 969 1872 996 Cauchon
1887 971 1915 996 et
1929 969 2107 996 parisienses
2121 977 2136 996 a
2147 969 2246 996 Carolo

375 1016 586 1043 commendatos
601 1018 741 1050 putemus.
764 1015 867 1042 Eadem
883 1016 1089 1050 vituperatione
1109 1016 1213 1051 dignus
1229 1019 1272 1044 est
1287 1017 1422 1052 magister
1437 1017 1578 1045 Johannes
1594 1017 1704 1051 Lohier,
1724 1018 1770 1053 qui
1787 1018 1934 1053 Rotomagi
1950 1026 2115 1053 processum
2138 1018 2247 1045 irritum

374 1065 536 1098 declaravit,
556 1067 654 1099 postea
672 1067 764 1090 tamen
782 1073 845 1091 cum
861 1064 1115 1091 ambassiatoribus
1138 1065 1336 1092 Universitatis
1351 1066 1456 1093 Romae
1474 1066 1582 1102 degens
1600 1067 1667 1101 (vid.
1686 1072 1717 1093 n⁰
1735 1068 1826 1102 2396),
1847 1067 1952 1094 oblitus
1968 1070 2010 1094 est
2025 1067 2156 1102 virginis,
2174 1067 2248 1094 sicut

374 1114 457 1140 etiam
474 1113 614 1140 Johanncs
634 1113 776 1139 Juvenalis
792 1113 842 1139 des
859 1113 967 1146 Ursins,
984 1113 1081 1140 Puella
1096 1113 1216 1140 flammis
1231 1115 1388 1150 absumpta,
1402 1115 1437 1142 de
1453 1123 1486 1142 ea
1500 1115 1577 1150 loqui
1593 1123 1682 1150 paene
1697 1116 1809 1143 erubuit
1824 1116 1893 1150 (vid.
1910 1117 2039 1149 Damna,
2053 1115 2071 1142 l.
2086 1124 2123 1149 c.,
2137 1122 2168 1142 n⁰
2183 1117 2245 1149 996,

372 1165 429 1189 not.
453 1163 490 1197 ὃ).
513 1163 600 1188 Nemo
623 1170 690 1197 ergo
717 1162 843 1195 miretur,
865 1162 940 1197 quod
964 1162 1010 1189 vix
1029 1163 1152 1197 quinque
1179 1163 1283 1199 elapsis
1304 1164 1384 1190 annis
1407 1164 1581 1192 Universitas
1606 1173 1685 1192 suam
1712 1165 1874 1192 fidelitatem
1895 1167 1922 1192 et
1950 1165 2157 1192 observantiam
2180 1172 2248 1200 erga

372 1211 500 1238 Carolum
516 1211 561 1237 Vll
576 1213 604 1237 ut
619 1211 817 1237 inconcussam
831 1211 1024 1246 descripserit,
1042 1212 1158 1238 Carolus
1174 1213 1220 1239 Vll
1235 1221 1301 1240 vero
1319 1213 1515 1240 Universitatis
1536 1222 1631 1240 sanam
1648 1214 1814 1247 doctrinam,
1836 1214 1999 1248 fructusque
2014 1214 2156 1249 pretiosos
2175 1221 2247 1249 quos

371 1268 476 1287 corona
495 1260 629 1286 Franciae
652 1268 686 1286 ex
704 1260 765 1294 ipsa
781 1260 917 1287 hactenus
937 1261 1054 1295 recepit,
1073 1261 1205 1288 laudibus
1221 1262 1320 1288 extulit
1333 1262 1401 1297 (vid.
1419 1262 1491 1289 infra
1506 1262 1541 1289 ad
1556 1271 1600 1290 an.
1620 1263 1710 1298 1436).
1725 1263 1779 1290 Per
1794 1263 1886 1290 tristia
1898 1263 1946 1290 illa
1961 1265 2087 1298 tempora
2102 1263 2202 1289 unicus
2218 1262 2247 1290 in

370 1309 487 1335 Francia
502 1309 544 1335 vir
559 1309 648 1335 fuisse
662 1308 782 1342 videtur,
802 1309 911 1336 scilicet
928 1309 1008 1344 virgo
1021 1310 1246 1344 Aurelianensis,
1260 1310 1386 1338 Johauna
1403 1311 1495 1345 d'Arc,
1512 1320 1602 1339 annos
1619 1312 1719 1347 viginti
1739 1314 1814 1345 nata,
1832 1314 1860 1339 et
1874 1312 1938 1339 talis
1951 1311 2046 1345 heros,
2064 1311 2110 1346 qui
2127 1311 2246 1347 patriam

369 1358 499 1384 liberavit
514 1360 541 1384 et
556 1357 590 1384 ab
607 1357 719 1384 interitu
736 1358 861 1391 retraxit,
878 1357 998 1384 flammis
1015 1358 1144 1386 addictus
1161 1359 1218 1386 est!

367 1472 512 1509 2369.
537 1481 696 1506 Ordinante
714 1481 815 1507 Car-olo
835 1482 885 1507 VII
895 1481 949 1507 sub
961 1481 1101 1517 praeside
1117 1482 1279 1517 Reginaldo
1293 1483 1511 1519 archiepiscopo
1525 1484 1659 1510 Remensi
1670 1484 1769 1520 plures
1783 1484 1924 1518 magistri,
1941 1493 2060 1520 quorum
2073 1486 2135 1518 sere
2149 1493 2245 1510 omnes

455 1531 607 1565 supposita
630 1530 831 1556 Lf‘niversitaeis
848 1530 957 1564 Paris„
976 1539 1076 1567 nempe
1091 1532 1194 1557 Petrus
1214 1532 1250 1557 de
1271 1532 1434 1567 Versaliis⁴,
1454 1533 1485 1558 Ο.
1506 1535 1534 1558 S.
1557 1534 1601 1567 B„
1624 1533 1769 1558 Ger-ardus
1789 1533 1924 1566 Maclzeti,
1942 1533 2087 1559 Jordanus
2111 1522 2245 1567 Μοιὶιιί“-’,ι

454 1579 599 1604 lohannes
616 1579 775 1610 ιαπῶς-113,
795 1580 896 1604 Petrus
912 1579 1042 1614 Segustr‘,
1061 1581 1092 1606 Ο.
1111 1580 1243 1613 Carmel„
1262 1581 1430 1607 Guillelmus
1442 1582 1600 1616 Aymerffl,
1618 1582 1647 1608 Ο.
1661 1582 1778 1615 Praed.‚
1794 1583 1900 1616 Segniu-
1915 1582 2059 1617 Seguinffi,
2079 1583 2108 1608 O.
2125 1581 2242 1616 Praed.,

457 1628 602 1654 lohannes
616 1628 802 1663 Rafl'arzellif,
825 1629 854 1655 O.
873 1629 954 1662 Min„
973 1637 1070 1654 omnes
1082 1629 1216 1664 magistri
1231 1629 1328 1664 theol„
1350 1630 1518 1656 Guillelmus
1531 1631 1558 1657 le
1573 1631 1692 1664 Marie'ss,
1712 1631 1824 1657 baccal.
1842 1631 1939 1665 theol„
1959 1632 2062 1657 Petrus
2081 1631 2242 1666 Turelure⁰‚

459 1678 490 1703 0.
505 1677 623 1712 Praed.‚
642 1677 810 1703 Matthaeus
824 1677 986 1712 Me‘nageffl,
1005 1678 1082 1704 hacc.
1101 1678 1197 1712 theol„
1213 1687 1267 1715 per
1280 1681 1342 1713 sere
1358 1683 1415 1705 tres
1431 1679 1632 1705 hebdomadas
1647 1680 1781 1716 spiritum
1796 1680 1947 1706 Johannae
1962 1679 2048 1706 d'Arc
2063 1680 2242 1714 eoeaminant,

454 1735 573 1761 eumque
590 1726 705 1752 tandem
717 1726 851 1762 probant.
870 1727 959 1760 Maio,
978 1731 1045 1763 post
1065 1727 1220 1753 liberatam
1241 1728 1337 1754 urbem
1357 1728 1572 1764 Aamlianens„
1591 1729 1647 1755 duo
1662 1729 1726 1755 alia
1743 1730 1896 1766 supposita
1917 1729 2117 1755 Universitatis
2132 1729 2240 1763 Paris„

454 1775 600 1801 lohannes
617 1777 722 1801 Gerson
739 1779 765 1801 et
779 1775 903 1801 lacobus
923 1775 1031 1810 Gelu¹¹‚
1049 1776 1167 1812 scriptis
1176 1785 1231 1813 pro
1245 1777 1379 1803 ,ΙοΙιαηηα
1395 1781 1554 1805 certarunt.

1532 1841 1610 1871 7429,
1626 1841 1820 1874 Martio-April..
1836 1841 1956 1868 Pictavi-s.

455 1909 566 1932 Nomina
582 1909 792 1932 examinatorum
809 1912 834 1932 et
848 1909 990 1932 relationes
1007 1910 1038 1932 de
1054 1910 1102 1933 hoc
1116 1911 1196 1941 facto,
1213 1910 1321 1934 minime
1336 1919 1399 1934 vero
1414 1915 1479 1943 quot
1493 1912 1633 1943 supposita
1646 1912 1835 1936 Universitutis
1848 1912 1933 1935 Parin.
1947 1913 2060 1940 fuerunt,
2073 1911 2245 1935 inveniuntur

363 1954 435 1984 apud
451 1954 620 1982 chnmmr,
638 1954 741 1978 Proces
755 1955 788 1977 de
802 1954 911 1978 Jeamze
926 1954 1020 1983 d'Arc,
1037 1955 1082 1983 111,
1097 1955 1134 1983 17,
1153 1956 1191 1984 19,
1209 1956 1246 1982 74,
1263 1956 1303 1984 83,
1318 1956 1359 1984 92,
1376 1956 1429 1983 102,
1447 1956 1501 1987 116,
1519 1957 1577 1985 203;
1593 1957 1623 1985 V,
1639 1957 1698 1987 471;
1719 1957 1822 1981 θὴν-οη.
1843 1958 1876 1980 de
1891 1957 1920 1980 la
1939 1956 2064 1985 Pucelze,
2079 1956 2120 1980 ed.
2137 1956 2243 1980 VALLET

360 2006 395 2021 DE
410 1999 559 2028 V11uv1LLE,
576 2006 602 2029 p.
619 1999 664 2021 273
680 2006 738 2029 sqq.
754 1998 877 2021 Johanna
892 1998 953 2029 ipsa
966 1999 997 2022 de
1010 1999 1059 2022 hoc
1074 1999 1101 2022 in
1114 2000 1243 2023 Processu
1256 2000 1357 2031 pluries
1373 2000 1501 2033 loquitur,
1517 2009 1543 2024 v.
1555 2009 1581 2032 g.
1597 2001 1768 2030 chunnxr,
1782 2001 1802 2030 1,
1817 2002 1856 2030 75,
1872 2001 1926 2030 121,
1944 2001 1998 2030 143,
2010 2001 2064 2024 145.
2076 2000 2243 2024 Examinatio

364 2043 480 2074 primum
496 2042 620 2071 cainone,
635 2042 729 2065 deinde
745 2050 806 2065 vcro
822 2043 965 2074 praecipue
979 2043 1106 2072 Pictavis,
1119 2044 1208 2072 fiebat,
1222 2044 1413 2076 doctorumque
1429 2045 1565 2068 conclusio
1580 2045 1680 2077 legitur
1691 2054 1735 2077 ap.
1749 2046 1919 2073 01310οΕ1111,
1932 2046 1977 2075 ΙΙΙ,
1989 2045 2033 2068 391
2050 2053 2091 2076 sq.
2102 2045 2171 2068 Haec
2184 2046 2244 2068 sus-

364 2088 456 2110 fieiunt
474 2087 501 2110 in
519 2087 645 2111 Chai-cul.
658 2100 689 2104 --
702 2087 825 2110 Caeteros
846 2087 992 2118 magistros
1008 2088 1123 2112 Pictavis
1139 2089 1329 2118 examinantes,
1346 2089 1405 2114 scil.
1423 2090 1572 2113 Johannem
1585 2091 1687 2118 Ereult,
1703 2098 1773 2122 mag.
1790 2090 1872 2114 theol.
1891 2090 1923 2120 (si
1944 2090 2023 2113 fuerit
2042 2090 2102 2113 Joh.
2119 2089 2245 2119 Heraudi,

364 2136 427 2155 tnnc
447 2135 488 2155 est
508 2131 667 2154 parisiensis
686 2145 716 2149 —
737 2132 790 2155 vid.
811 2140 838 2163 p.
861 2133 899 2161 89)
919 2135 945 2155 et
963 2132 1092 2155 Jacobum
1110 2133 1241 2162 Maledon,
1262 2142 1314 2157 non
1339 2134 1489 2158 invenimus
1512 2135 1622 2158 Parisiis
1643 2135 1790 2159 studentes.
1810 2135 1880 2166 Mag.
1901 2134 2035 2158 Johannes
2055 2134 2242 2158 Matisconens.

363 2177 452 2207 (quem
465 2176 633 2203 chummr,
644 2176 689 2203 ΙΙΙ,
700 2177 738 2202 27,
753 2177 791 2202 29,
804 2176 901 2207 aliique
912 2185 1052 2207 perperam
1063 2181 1159 2200 vocant
1170 2186 1182 2201 (1
1194 2178 1285 2208 Magon
1297 2180 1318 2208 υ)
1333 2178 1383 2202 suit
1393 2179 1496 2202 celeber
1508 2179 1600 2202 doctor
1612 2179 1794 2203 Aurelianens.
1806 2180 1882 2211 Hugo
1893 2178 2064 2208 Comharelli,
2074 2178 2107 2202 ab
2118 2187 2161 2202 an.
2172 2179 2243 2206 1424,

366 2221 442 2244 Febr.
459 2221 497 2249 14,
514 2220 596 2251 episc.
610 2220 769 2249 Pietavens„
787 2220 837 2244 suit
850 2221 941 2252 legum
956 2221 1048 2244 doctor
1063 2230 1109 2245 seu
1124 2222 1212 2246 licent.
1231 2223 1303 2254 (Reg.
1317 2223 1375 2246 Lat.
1390 2223 1468 2247 Mart.
1484 2224 1513 2252 V,
1528 2228 1558 2246 n⁰
1572 2224 1627 2253 239,
1655 2224 1700 2247 sol.
1716 2225 1766 2254 35),
1781 2227 1831 2248 etc.

459 2287 483 2311 1.
503 2288 537 2310 De
553 2287 611 2318 ipso
629 2290 654 2310 et
670 2287 790 2318 sequenti
810 2288 911 2318 pluries
930 2296 1021 2319 supra.
1039 2288 1173 2312 Gerardus
1190 2290 1301 2313 Macheti
1316 2298 1376 2312 cum
1391 2289 1452 2313 aliis
1472 2290 1621 2314 Johannam
1642 2291 1756 2315 Cainone
1778 2291 1949 2314 examinavit.
1964 2304 1995 2308 —
2009 2291 2077 2315 Dum
2096 2291 2189 2314 Petrus
2211 2290 2244 2314 de

367 2332 492 2354 Versaliis
506 2331 690 2355 auctoritatem
702 2340 787 2363 papae
803 2340 884 2363 super
896 2333 1081 2356 auctoritatem
1093 2334 1203 2357 Concilii
1219 2334 1351 2365 generalis
1371 2334 1475 2364 extulit,
1487 2335 1621 2359 Germ-dus
1630 2335 1743 2359 Macheti
1758 2338 1820 2359 tunc
1833 2339 1858 2359 et
1867 2338 1960 2366 postea
1977 2343 2037 2358 cum
2055 2343 2152 2366 magna
2167 2337 2244 2366 parte

366 2376 517 2407 oppositum
531 2376 721 2407 propugnavit.
737 2390 767 2394 —
783 2376 807 2401 2.
825 2377 882 2400 Vid.
899 2385 927 2408 p.
943 2377 996 2405 108,
1014 2381 1068 2401 not.
1085 2379 1124 2402 14.
1139 2379 1273 2402 dot-danus
1289 2378 1384 2402 Morini
1400 2382 1462 2402 tunc-
1478 2380 1560 2403 Roma
1572 2380 1696 2410 redierat,
1711 2380 1757 2404 uhi
1778 2380 1932 2404 morabatur
1951 2383 1981 2403 ut
1995 2390 2008 2402 α
2024 2380 2139 2403 decanus
2160 2379 2243 2402 sucul-

367 2421 428 2443 tatis
443 2421 524 2444 theol.
538 2421 619 2443 studii
633 2421 701 2444 alme
717 2421 798 2444 Urbis
813 2430 835 2450 n,
852 2430 902 2452 quo
918 2422 1023 2445 nomine
1039 2426 1149 2446 vocatur
1162 2423 1289 2447 Januario
1305 2426 1330 2446 ct
1344 2423 1488 2447 Februario
1505 2425 1609 2456 (Suppl.
1626 2426 1702 2449 Mart.
1721 2426 1747 2453 V¹
1765 2429 1794 2448 n⁰
1808 2426 1863 2454 228,
1879 2425 1923 2448 sol.
1939 2424 1980 2455 3¹’;
1994 2429 2023 2448 n⁰
2037 2425 2092 2452 239,
2114 2424 2159 2447 fol.
2176 2423 2242 2453 32¹³„

369 2473 455 2488 mense
471 2468 558 2488 tamen
574 2465 646 2488 Junii
658 2473 664 2488 ⁴.
678 2474 689 2488 (ι
702 2469 763 2488 tunc
775 2466 890 2489 decanus
902 2475 924 2495 11,
937 2470 986 2490 etc.
1004 2468 1041 2496 (110
1052 2468 1105 2495 229,
1119 2469 1164 2491 t'ol.
1175 2468 1231 2496 81b;
1243 2473 1272 2491 n⁰
1283 2470 1336 2497 232,
1350 2470 1396 2493 fol.
1408 2471 1458 2502 47),
1470 2470 1585 2493 obtinuit
1597 2478 1690 2494 canon.
1703 2470 1847 2494 Biterrens.
1863 2473 1889 2493 et
1903 2470 1967 2493 eccl.
1982 2469 2091 2500 paroch.
2105 2469 2137 2492 de
2149 2468 2243 2492 Nuello

368 2510 465 2532 l‘ictav.
488 2510 572 2532 dioec.
594 2511 640 2533 An.
661 2510 730 2538 1419,
750 2511 884 2541 Septemb.
905 2512 928 2539 4,
950 2511 983 2534 ab
1004 2512 1129 2543 episcopo
1150 2513 1234 2536 Paris.
1256 2514 1289 2537 ad
1306 2522 1399 2539 canon.
1421 2515 1506 2539 Paris.
1526 2515 1686 2543 nominatus,
1709 2523 1844 2546 nunquam
1866 2514 1983 2538 Parisios
2008 2513 2132 2537 accedere
2154 2512 2241 2543 (Arch-

367 2557 431 2583 nnt.,
450 2554 489 2577 LL
502 2555 555 2583 114,
569 2562 596 2584 p.
613 2555 661 2583 10),
674 2558 699 2577 et
714 2554 898 2586 episcopatum
914 2556 1115 2584 Silvanectens..
1130 2558 1163 2580 ad
1179 2566 1256 2589 quem
1268 2567 1311 2582 an.
1327 2560 1466 2583 1429-1430
1481 2568 1529 2591 per
1545 2560 1687 2583 Mai-tinum
1703 2560 1723 2583 V
1736 2562 1892 2591 assumptus
1907 2562 1973 2587 erat,
1986 2566 2122 2590 nunquam
2138 2557 2241 2588 ingredi

368 2598 453 2628 potuit
473 2598 535 2627 (vid.
551 2599 677 2624 DEMFLE.
694 2599 736 2622 La
751 2599 914 2628 desolatum,
933 2603 993 2628 ete„
1010 2605 1039 2623 n⁰
1053 2602 1107 2630 933,
1129 2604 1204 2632 not.).
1222 2603 1260 2627 Ab
1278 2612 1321 2627 an.
1337 2604 1406 2634 1432,
1427 2605 1549 2628 Decemb.
1567 2605 1603 2632 12,
1621 2604 1798 2627 ambassiator
1813 2604 1884 2635 regis
1901 2603 2028 2627 Francius
2044 2602 2133 2626 Caroli
2153 2602 2196 2625 VH
2214 2602 2241 2625 in

368 2643 484 2665 Concilio
495 2643 578 2666 Basil.
591 2643 647 2672 suit,
660 2646 756 2666 etcum
768 2644 828 2667 aliis
839 2645 1076 2675 praeeminentiam
1088 2646 1199 2670 Concilii
1211 2656 1292 2679 super
1304 2657 1403 2680 papam
1414 2649 1541 2672 sustinuit
1553 2649 1639 2678 (Mon.
1653 2649 1756 2673 Concil.
1767 2655 1830 2679 qen.
1843 2655 1915 2673 saec.
1925 2647 1989 2677 XV,
1998 2651 2016 2672 t.
2029 2647 2062 2676 ll,
2072 2655 2099 2678 p-
2109 2647 2164 2677 508,
2175 2647 2241 2676 ⁶28)-

369 2687 437 2714 Quid
453 2687 558 2715 mirum,
574 2695 633 2710 cum
653 2696 695 2711 au.
713 2688 773 2711 1433
793 2689 1000 2713 ambassiatores
1018 2690 1107 2714 Caroli
1122 2692 1167 2715 VII
1183 2692 1254 2724 regis
1272 2693 1399 2717 Francius
1415 2694 1617 2723 declaraverint,
1635 2702 1683 2725 per
1702 2697 1786 2717 totum
1802 2701 1913 2724 regnum
1932 2691 2058 2716 Franciue
2075 2691 2242 2714 discussion«-

370 2731 470 2760 babita,
486 2732 637 2754 conclusum
655 2740 721 2761 esse,
739 2741 750 2755 «
766 2741 864 2764 papam
881 2734 981 2765 absque
996 2743 1127 2758 consensu
1141 2736 1253 2760 Concilii
1270 2737 1336 2761 illud
1351 2746 1403 2761 non
1415 2738 1535 2770 potuisse
1551 2738 1699 2761 dissolvere
1714 2747 1726 2760 »
1742 2738 1838 2768 (Mon.,
1853 2740 1914 2770 etc„
1929 2737 1948 2760 l.
1964 2745 1997 2766 c.,
2012 2744 2040 2768 p.
2057 2737 2115 2764 389;
2131 2735 2164 2758 ad
2178 2735 2242 2758 haec

369 2775 443 2803 ibid„
455 2783 480 2805 p.
495 2776 538 2798 137
555 2784 604 2806 sq.,
617 2777 681 2805 392),
693 2777 755 2799 dum
766 2780 853 2800 tumen
865 2778 969 2801 sortiter
979 2779 1022 2810 jus
1037 2780 1108 2810 regis
1119 2780 1207 2804 Caroli
1220 2782 1276 2812 VH,
1287 2782 1371 2814 adjuti
1382 2791 1397 2806 a
1408 2783 1534 2812 Concilio,
1546 2786 1638 2806 contra
1651 2783 1793 2806 Henricum
1807 2782 1916 2814 Angliae
1927 2784 1953 2805 et
1967 2781 2059 2804 ducem
2070 2779 2241 2811 Burgundiae

369 2820 595 2850 propugnaverint
611 2820 695 2850 (ibid.,
709 2829 736 2851 p.
753 2822 797 2844 412
814 2824 873 2853 sq.).
895 2823 964 2846 Haec
981 2832 1030 2854 pro
1048 2827 1112 2848 tom.
1131 2826 1164 2848 IV
1182 2826 1364 2851 sufficiant.—
1383 2827 1409 2852 3.
1427 2827 1597 2856 Qumumu‘r,
1613 2828 1660 2856 Ill,
1679 2836 1706 2859 p.
1730 2828 1784 2855 203,
1797 2834 1940 2858 perperam
1958 2834 1970 2849 «
1989 2825 2116 2849 Lomhart
2131 2833 2152 2847 1.
2171 2825 2241 2848 Ναπ-

371 2871 482 2892 mannus
499 2864 547 2886 suit
562 2865 604 2892 (es.
625 2873 706 2895 supra
721 2874 747 2896 p.
765 2866 819 2895 108,
836 2870 889 2890 not.
904 2868 942 2895 12,
959 2871 984 2890 et
998 2877 1025 2899 p.
1042 2869 1096 2898 272,
1120 2870 1186 2899 321).
1201 2871 1305 2895 Primus
1328 2875 1415 2895 rector
1429 2872 1618 2896 Universitatis
1633 2872 1783 2896 Pictavens.
1798 2871 1883 2895 evasit
1902 2871 2062 2901 (FOURMER,
2084 2869 2197 2894 Statuts
2214 2874 2241 2894 ιε

367 2907 520 2938 privile'yes.
536 2908 580 2936 ΙΙΙ,
596 2916 621 2938 p.
638 2909 681 2931 287
697 2912 713 2938 ).
724 2923 755 2926 -
765 2910 789 2934 4.
805 2911 855 2938 Qui
871 2920 953 2943 supra
968 2921 996 2943 p.
1008 2914 1053 2936 322
1068 2917 1178 2938 vocetur
1190 2924 1201 2938 α
1218 2916 1350 2948 Seguinus
1364 2917 1476 2949 Cognati
1489 2925 1512 2947 1),
1525 2925 1568 2949 ap.
1581 2918 1732 2947 Foummm,
1742 2917 1762 2941 l.
1774 2925 1808 2945 c.,
1820 2926 1834 2938 «ι
1850 2915 1949 2947 Seguin
1962 2914 2060 2939 cousin
2075 2922 2097 2938 11.
2113 2915 2162 2938 An.
2178 2914 2240 2937 1416

493 2953 534 2976 65.
