2502 3418
424 328 466 359 46
999 339 1320 361 ciiAnTULAniUM
1354 337 1540 359 υΝ1νΕ115.
1580 337 1708 357 rmus.
2187 322 2282 359 [1401

422 412 593 456 vilegium
627 425 729 445 suum
760 413 1008 453 exhibuerant,
1039 414 1209 458 quodque
1236 413 1347 457 parati
1374 418 1475 444 erant
1502 411 1637 443 domini
1670 409 1981 454 contemplacione
2011 409 2106 442 dicte
2133 410 2285 443 Univer-

423 478 537 511 sitatis
566 478 723 511 relaxare
755 480 912 523 prefatos
941 480 1134 512 canonicos
1163 479 1205 512 ab
1236 478 1443 523 hujusmodi
1474 477 1666 510 sententiis
1698 488 1813 520 usque
1846 476 1889 508 ad
1922 477 2051 508 festum
2082 476 2284 510 Nativitatis

422 543 455 576 b.
484 544 563 578 Joh.
595 546 694 590 Bapt.
722 546 827 588 Quod
855 558 926 578 11011
954 552 1230 590 acceptaverunt
1258 545 1343 577 dieti
1373 544 1549 583 canonici,
1580 543 1644 576 sed
1675 543 1961 588 appellaverunt,
1991 549 2025 575 et
2052 543 2282 587 postmodum

420 611 658 656 appellacioni
680 624 744 645 5110
766 613 1082 645 renunciaverunt.

513 709 588 731 Arch.
606 712 658 732 nat.
677 709 768 739 Paris„
786 710 823 732 LL
841 710 904 737 1092,
921 719 947 741 p.
965 711 1017 733 146.
1034 723 1064 727 —
1077 711 1168 733 Postea
1185 710 1304 740 sequitur
1323 709 1480 732 renuntiatio
1494 708 1690 739 appellationis,
1705 711 1845 738 propterea
1860 707 2010 731 citabantur
2027 708 2059 731 ad
2076 709 2282 739 comparendum

418 761 506 775 coram
519 753 660 777 canonicis.

510 836 533 860 1.
553 837 667 860 Fuerunt
682 837 799 860 canonici
813 838 875 860 eccl.
892 838 918 860 S.
932 838 1053 860 Mederici
1070 838 1152 861 Paris.
1170 839 1194 861 Ρ.
1208 838 1249 860 1411
1267 838 1417 860 nominatur
1432 837 1509 860 etiam
1527 838 1619 860 Petrus
1635 836 1771 867 Aguenini,
1785 836 1898 867 itemque
1912 844 1982 867 mag.
1995 839 2020 859 et
2035 844 2092 859 can.
2109 837 2135 860 S.
2149 836 2280 860 Mederici.

420 1029 558 1065 1768.
586 1038 746 1074 Capitulum
768 1039 953 1064 clmziacense
975 1039 1098 1073 ordinat,
1123 1044 1152 1064 ut
1169 1039 1256 1075 plura
1281 1039 1419 1073 beneficia
1440 1039 1558 1073 collegio
1577 1038 1759 1064 cluniacensi
1774 1038 1869 1063 Paris.
1894 1039 2046 1069 uniantur,-
2059 1039 2141 1074 prior
2156 1042 2182 1064 et
2197 1038 2281 1064 sclw-

502 1087 578 1112 lares
594 1087 719 1121 ejusdem
732 1088 845 1123 priores
861 1088 1034 1122 negligentes
1049 1088 1215 1124 compellere
1230 1098 1283 1113 non
1299 1089 1420 1124 possint.

1638 1124 1709 1153 1401.
1723 1124 1797 1156 April.
1813 1124 1859 1152 24,
1877 1124 1993 1149 cluniaci.

501 1210 589 1243 Cum
612 1210 743 1242 nedum
762 1211 852 1243 ordo
869 1211 1134 1252 Cluniacensis,
1153 1212 1324 1256 quinymo
1346 1212 1563 1245 universalis
1585 1212 1739 1244 00010513
1762 1211 1848 1245 viris
1870 1211 2038 1244 litteratis
2059 1212 2278 1256 permaxime

412 1283 580 1309 noscatur
600 1276 778 1321 indigere,
804 1278 864 1322 qui
886 1278 922 1310 in
943 1278 1067 1310 eadem
1089 1278 1252 1323 fulgeant
1276 1279 1370 1311 510111
1391 1278 1565 1323 splendor
1587 1278 1803 1311 firmamenti
1829 1278 1866 1310 in
1887 1279 2077 1311 eternitate
2102 1279 2276 1318 mansuri,

411 1349 445 1374 et
469 1349 661 1387 eapropter
683 1343 878 1388 collegium
901 1345 1016 1377 nostri
1038 1345 1187 1377 Ordinis
1209 1345 1401 1378 scolarium
1425 1346 1585 1378 Parisius
1607 1345 1877 1378 deliberacione
1899 1345 2049 1390 provida
2069 1345 2113 1378 ab
2129 1346 2277 1391 antiquo

409 1409 593 1441 fundatum
620 1410 790 1451 extiterit,
814 1423 968 1455 cumque
990 1412 1187 1456 pensiones
1212 1412 1348 1444 eisdem
1371 1412 1574 1445 scolaribus
1595 1412 1777 1445 annuatim
1801 1412 1894 1445 solvi
1920 1412 2027 1445 solite
2049 1413 2276 1457 experiencia

410 1475 547 1508 oculata
568 1476 720 1509 docente
741 1489 805 1521 pro
823 1478 1064 1511 neccessariis
1082 1491 1153 1510 non
1171 1479 1399 1512 51111101311101
1416 1479 1626 1524 indigentes
1643 1491 1913 1524 nonnumquam
1931 1491 1949 1512 a
1966 1479 2063 1512 bono
2080 1479 2274 1521 retrahant,

409 1543 578 1586 quinymo
596 1543 741 1575 difficile
758 1544 804 1576 sit
824 1544 1046 1589 indigentem
1070 1545 1162 1577 bene
1180 1546 1322 1590 operari
1342 1558 1348 1578 :
1372 1546 1508 1578 idcirco
1526 1553 1564 1579 ut
1584 1546 1892 1579 inconvenientiis
1913 1546 2082 1587 notoriis,
2099 1558 2169 1591 que
2190 1546 2274 1579 inde

409 1608 451 1640 (10
474 1609 531 1641 (110
553 1609 588 1641 111
606 1609 700 1642 diem
723 1611 825 1655 sequi
848 1611 1132 1655 prospiciuntur,
1152 1612 1374 1645 sufficienter
1391 1613 1635 1657 provideatur,
1655 1613 1836 1645 diffiniunt
1858 1613 2074 1646 diffinitores
2091 1613 2188 1658 quod
2209 1625 2274 1659 pro

408 1676 702 1719 reparacionibus
731 1684 766 1709 et
793 1677 872 1709 aliis
906 1678 1080 1710 oneribus
1106 1680 1364 1724 supportandis
1393 1680 1644 1725 pensioneque
1674 1679 1794 1713 debita
1822 1679 1993 1725 hospitali
2024 1681 2132 1713 Beate
2161 1681 2273 1714 Marie

407 1742 673 1786 persolvendis,
696 1756 760 1787 per
781 1744 966 1776 dominum
989 1745 1287 1779 Cluniaccnscm¹
1311 1759 1415 1791 quam
1437 1747 1544 1780 citius
1566 1747 1755 1780 commode
1778 1747 1856 1780 fieri
1882 1748 2018 1792 poterit
2038 1759 2163 1789 unum,
2186 1749 2271 1789 duo,

405 1808 471 1840 tria
487 1809 544 1841 vel
566 1816 719 1853 quatuor
740 1810 915 1843 beneficia
938 1818 972 1844 et
992 1824 1065 1844 11011
1086 1813 1350 1855 conventualia,
1370 1826 1522 1858 quorum
1544 1815 1697 1855 fructus,
1720 1814 1886 1847 redditus
1907 1821 1943 1847 01
1962 1821 2174 1859 proventus,
2192 1814 2272 1848 aliis

404 1875 577 1908 oneribus
605 1876 865 1910 beneficiorum
898 1878 1060 1922 ipsorum
1094 1881 1330 1924 supportatis,
1360 1893 1476 1925 usque
1506 1881 1549 1913 ad
1579 1881 1739 1915 valorem
1766 1881 2003 1914 ducentarum
2033 1881 2271 1927 quadraginta

404 1940 575 1974 librarum
607 1949 794 1976 turonens.
824 1945 1034 1987 ascendant,
1061 1946 1231 1979 uniantur
1259 1947 1440 1980 antedicto
1470 1948 1641 1993 collegio,
1671 1949 1950 1993 interponantur
1970 1954 2005 1981 et
2032 1955 2272 1981 annectantur

403 2008 519 2040 eidem
538 2009 683 2041 domino
701 2010 934 2044 Cluniacensi
951 2023 1015 2044 seu
1038 2012 1096 2044 alii
1118 2020 1176 2046 aut
1193 2014 1273 2046 aliis
1291 2014 1545 2059 superioribus
1567 2015 1729 2060 ipsorum
1748 2015 1990 2048 uniendorum
2007 2015 2269 2048 beneficiorum

403 2075 567 2107 mediatis
598 2082 634 2108 et
665 2076 895 2117 immediatis,
925 2078 955 2110 si
980 2079 1093 2111 velint
1121 2086 1187 2112 tam
1219 2081 1254 2112 iu
1290 2081 1541 2125 spiritualibus
1569 2094 1674 2127 quam
1710 2082 1987 2127 temporalibus,
2014 2089 2084 2115 tam
2111 2082 2148 2114 in
2178 2082 2269 2116 locis

403 2152 505 2184 quam
528 2142 563 2174 in
585 2143 752 2187 personis
775 2150 810 2176 et
835 2144 944 2177 rebus
970 2145 1131 2189 ipsorum
1156 2147 1303 2190 juribus
1329 2155 1363 2180 et
1385 2149 1687 2192 juridictionibus
1718 2149 1912 2182 reservatis
1939 2156 1974 2182 et
2001 2149 2165 2190 retentis,
2187 2161 2269 2194 per-

400 2207 484 2240 inde
514 2220 552 2240 ae
583 2209 613 2241 si
643 2209 852 2253 hujusmodi
886 2212 1040 2244 uniones
1067 2213 1157 2245 facte
1187 2226 1258 2246 11011
1286 2215 1444 2248 fuissent
1471 2216 1674 2249 scolaribus
1703 2216 1901 2261 sepedictis
1929 2216 2005 2249 sola
2032 2216 2267 2262 perceptione

399 2273 568 2307 duntaxat
588 2276 781 2309 contentis.

487 2342 573 2373 110111
596 2342 676 2386 quia
698 2350 804 2387 caput
831 2344 949 2377 taliter
974 2346 1144 2379 omnibus
1170 2354 1205 2379 et
1231 2347 1388 2393 singulis
1415 2349 1587 2382 membris
1614 2350 1808 2394 providere
1834 2357 1979 2383 tenetur
2000 2357 2035 2383 et
2063 2349 2183 2383 taliter
2203 2350 2265 2382 uni

397 2407 570 2449 membro,
598 2409 695 2453 quod
722 2411 853 2443 ceteris
882 2423 954 2444 non
982 2412 1111 2446 inferat
1146 2414 1381 2458 irreparabile
1411 2423 1682 2458 nocumentum,
1711 2417 1881 2450 ordinant
1913 2417 2130 2450 diffinitores
2159 2429 2266 2450 reno-

395 2474 511 2506 vando
533 2481 661 2508 statuta
683 2483 718 2509 et
734 2476 882 2510 Ordinis
904 2478 1145 2512 diffiniciones
1162 2481 1255 2513 cirea
1277 2482 1494 2526 pensionum
1516 2483 1756 2525 solucionem,
1775 2485 1952 2529 regimen,
1973 2490 2102 2517 statum
2125 2490 2160 2517 et
2179 2496 2264 2517 con-

396 2541 641 2574 servacionem
664 2542 872 2587 hujusmodi
894 2544 1040 2590 collegii
1062 2553 1096 2578 et
1111 2547 1247 2591 jurium
1273 2560 1420 2581 suorum
1446 2549 1561 2582 editas
1585 2557 1620 2583 01
1644 2551 1751 2592 edita,
1776 2551 2023 2596 promulgatas
2045 2558 2079 2584 et
2103 2550 2264 2596 promul-

395 2613 488 2651 gata,
512 2608 608 2651 quod
634 2621 673 2641 ea
699 2609 819 2642 debite
846 2610 1099 2654 observentur,
1129 2615 1289 2658 exeeptis
1324 2616 1467 2648 statutis
1498 2623 1533 2649 et
1567 2617 1853 2651 diffinicionibus
1885 2630 1997 2663 penas
2032 2617 2260 2662 pecuniarias

394 2673 591 2717 prioribus,
618 2675 764 2709 decanis
793 2684 827 2709 et
852 2678 983 2711 ceteris
1011 2679 1160 2712 Ordinis
1191 2680 1416 2715 beneficiatis
1444 2684 1642 2727 pensiones
1669 2696 1807 2717 annuas
1840 2685 2020 2730 predictas
2048 2684 2258 2718 scolasticas

395 2739 625 2782 debentibus,
657 2742 686 2774 si
718 2743 808 2775 sorte
843 2744 879 2776 in
912 2745 1069 2789 ipsarum
1107 2747 1295 2780 solucione
1327 2749 1491 2782 terminis
1524 2750 1643 2783 solitis
1674 2751 1896 2792 dessieerent,
1928 2751 2196 2797 apponentibus
2227 2757 2261 2784 et

393 2806 622 2850 affligentibus
644 2808 875 2854 ipsarumque
897 2813 1075 2844 exactioni
1096 2814 1398 2857 concedentibus,
1425 2817 1538 2860 priori
1560 2824 1595 2849 et
1615 2818 1799 2862 suppriori
1821 2825 1927 2863 atque
1954 2818 2158 2852 scolaribus
2179 2818 2260 2850 uni—‘-

392 2874 508 2905 versis
530 2880 563 2906 et
584 2874 740 2919 singulis
762 2877 924 2920 ejusdem
947 2878 1094 2924 collegii
1115 2881 1350 2924 presentibus
1371 2889 1406 2915 01
1428 2883 1560 2916 suturis
1582 2885 1840 2929 precipientes,
1865 2885 1962 2930 quod
1984 2886 2153 2918 decetero
2175 2897 2259 2930 pro-
