2502 3418
384 334 449 367 446
963 342 1280 365 CHARTULARIUM
1316 341 1505 363 UNIVERS.
1542 341 1670 362 Pit-ms.
2151 326 2252 364 [1425

385 451 528 488 2260.
553 455 693 496 Magister
706 461 871 487 Dominicus
886 461 972 486 Parvi
987 461 1089 486 iterum
1105 463 1236 495 receptus
1253 462 1296 484 est
1310 458 1350 484 ad
1370 457 1577 483 cancellariam
1593 466 1654 482 eum
1672 455 1931 492 protestationibus
1952 455 2028 491 quod
2042 455 2181 490 beneficia
2197 465 2252 482 non

473 511 617 536 retineret.
636 510 802 536 Gaillelmus
819 511 854 536 de
872 509 1026 535 Com-celtis
1043 509 1191 544 requisivit
1204 517 1234 534 se
1250 508 1341 543 recipi
1357 507 1396 532 ad
1412 506 1629 539 cancellariam,
1647 505 1700 531 sed
1714 507 1836 540 frustra.

1597 596 1672 624 1425.
1690 594 1775 620 Octob.
1791 594 1835 623 24.
1852 594 1967 620 Parisiis.

478 634 556 658 Arch.
573 638 626 658 nat.
642 634 737 661 Puris..
754 635 793 658 LL
809 634 862 662 113,
879 642 905 665 p.
920 635 958 656 ⁶26.

387 758 531 794 2261.
554 766 690 800 Magistri
705 770 834 800 regentes
849 765 1002 799 facultatis
1023 763 1183 790 medicinae
1205 772 1252 789 an.
1278 763 1441 789 1425-1426.
1460 761 1568 797 [tidem
1590 766 1620 787 ut
1639 770 1687 787 an.
1711 762 1790 795 1424,
1814 765 1934 797 praeter
1952 761 2116 788 Droconem
2136 761 2253 790 Decani.

474 816 711 848 J011.Avantage,
727 815 791 841 Joh.
810 814 966 847 coierent]
1671 847 1742 872 74²5
1763 846 1908 873 uoremhris
1922 847 1940 872 6
2080 810 2136 843 [15]

480 900 624 923 Comment.
641 901 690 922 sae.
707 899 786 928 med.⁷
801 899 820 927 Ι,
834 899 888 921 280.
901 911 932 914 —-
946 898 1011 920 Nov.
1025 899 1039 920 3
1054 897 1165 928 Egidius
1181 896 1299 919 Cuniveti
1315 896 1430 918 decanus
1443 895 1553 918 electus.

387 1061 530 1098 2262,
555 1069 690 1104 Magistri
710 1068 872 1103 theologiae
890 1069 1087 1103 confessiones
1104 1068 1292 1104 quorumdam
1309 1067 1519 1094 haereticorum
1533 1067 1678 1102 sortilegii
1701 1076 1812 1094 reorum
1828 1067 2071 1094 incarceratorum
2088 1068 2253 1104 inspiciunt,

475 1119 594 1155 aliaque
610 1127 701 1144 caasa
717 1118 842 1154 ipsorum
860 1122 959 1153 agunt.

1511 1154 1583 1182 7425,
1598 1155 1654 1180 dun.
1673 1153 1840 1182 m-oocemb„
1856 1154 1972 1180 Parisii&

475 1243 540 1275 Die
561 1242 635 1286 xiiij
662 1242 759 1274 Junii
785 1242 903 1282 [solvi]
926 1254 990 1287 pro
1013 1242 1199 1286 magistris
1222 1242 1359 1274 nostris
1385 1242 1447 1286 qui
1474 1242 1623 1274 fuerunt
1647 1241 1863 1286 congregati
1888 1242 1926 1274 in
1950 1253 2092 1275 camera
2117 1242 2255 1275 domini

388 1310 543 1342 ministri
566 1310 601 1342 S.
624 1309 796 1342 Maturini
817 1309 860 1341 ad
881 1309 1078 1342 videndum
1102 1309 1375 1341 consessiones¹
1400 1308 1603 1353 aliquorum
1627 1308 1663 1341 in
1684 1307 1893 1341 carceribus
1915 1308 2053 1341 domini
2074 1309 2258 1354 episcopi²

388 1377 659 1409 detentorum...

475 1443 615 1484 [Octob.
639 1444 704 1487 η’]3
726 1443 856 1476 tradidi
879 1443 1026 1483 domino
1049 1444 1180 1476 rectori
1204 1455 1312 1475 unum
1336 1449 1479 1475 scutum
1496 1443 1574 1475 auri
1597 1454 1661 1488 pro
1683 1443 1831 1483 nuncio,
1855 1443 1916 1488 qui
1939 1443 2097 1488 portavit
2116 1443 2256 1477 litteras

385 1510 532 1543 domino
553 1510 636 1543 duci
660 1510 886 1555 Burgundie,
912 1510 1070 1542 dominis
1091 1509 1342 1543 Atrabatensi‘
1364 1516 1398 1543 et
1420 1510 1690 1543 Tournacensi⁵
1720 1522 1833 1555 super
1853 1510 1947 1543 facto
1969 1510 2055 1543 fidei
2081 1510 2126 1543 de
2155 1522 2256 1543 inan-

386 1578 467 1610 dato
489 1578 719 1610 dominorum
742 1589 918 1618 meorum,
942 1584 978 1610 et
993 1576 1137 1610 valebat
1152 1577 1236 1621 xxiij
1256 1577 1324 1610 sol.

474 1645 539 1677 Die
568 1652 605 1677 xa
634 1644 850 1677 Novembris
877 1644 1022 1689 quando
1055 1645 1220 1689 magistri
1251 1645 1369 1677 nostri
1398 1645 1547 1677 suerunt
1579 1645 1794 1690 congregati
1833 1657 1943 1690 super
1975 1645 2068 1678 sacto
2100 1645 2185 1678 fidei
2219 1645 2256 1678 in

386 1712 420 1744 S.
444 1712 625 1744 Maturino
647 1711 752 1752 [solvi
774 1715 851 1756 pro]
873 1723 964 1756 pane
985 1712 1018 1756 vj
1038 1711 1136 1753 den„
1154 1711 1239 1744 vino
1256 1712 1312 1756 xvj
1336 1711 1435 1752 den„
1458 1711 1549 1756 piris
1570 1717 1606 1744 et
1626 1710 1780 1744 esculis⁶
1798 1712 1858 1756 viij
1881 1711 1965 1745 den.
1991 1711 2163 1745 Decemb.
2188 1723 2253 1757 pro

385 1778 552 1823 pluribus
573 1778 765 1823 scripturis
786 1778 889 1811 sactis
912 1790 1023 1823 super
1042 1779 1135 1811 facto
1157 1779 1242 1811 fidei
1263 1778 1499 1824 tangentibus
1520 1779 1651 1811 sactum
1674 1778 1994 1821 incarceratorum,
2020 1779 2162 1812 traditis
2181 1779 2258 1812 cui-

384 1845 474 1878 libet
494 1846 751 1890 magistrorum
774 1852 998 1886 nostrorum,
1017 1845 1134 1887 [solvi]
1156 1846 1218 1890 viij
1237 1845 1305 1879 sol.

478 1943 547 1966 Bibl.
564 1946 616 1966 nat.
634 1943 731 1975 Puris„
748 1952 797 1966 ms.
812 1944 858 1967 lat.
875 1944 945 1971 5494,
961 1952 988 1975 p.
1003 1945 1043 1973 149,
1060 1946 1098 1968 50.
1111 1957 1142 1962 —
1156 1944 1243 1975 Supra
1256 1944 1288 1967 de
1303 1944 1445 1968 haereticis
1461 1944 1591 1976 magistro
1607 1944 1750 1969 Guillelmo
1765 1944 1863 1975 Vigner
1876 1947 1902 1967 et
1914 1943 1970 1975 ejus
1986 1943 2062 1967 luicis
2080 1943 2254 1975 complicibu-

385 1988 483 2019 agitur,
496 1996 608 2019 quorum
624 1989 730 2011 nomina
746 1989 815 2011 infra
829 1993 856 2011 n⁰
872 1989 942 2011 2273.
958 1989 1018 2011 Juin
1031 1989 1124 2012 Octob.
1141 1990 1164 2017 ’2.
1181 1989 1323 2020 episcopus
1340 1989 1426 2013 Paris.
1440 1989 1575 2013 Johunnes
1591 1990 1622 2012 de
1637 1990 1739 2013 Nanton
1756 1997 1814 2012 cum
1830 1989 1988 2020 inquisitore
2002 1989 2064 2012 fidei
2076 1989 2136 2012 Joh.
2157 1989 2256 2013 Grave·-

384 2036 442 2056 rent
459 2033 580 2056 convenit
595 2036 623 2056 ut
639 2033 717 2056 simul
733 2034 906 2065 procederent
921 2033 947 2056 in
963 2042 1090 2065 processu
1106 2034 1199 2057 horum
1216 2034 1347 2065 sortilegii
1368 2042 1473 2057 reorum
1490 2034 1555 2064 (vid.
1571 2034 1645 2058 Gall.
1661 2035 1768 2062 christ..
1784 2034 1839 2063 VH,
1860 2034 1904 2057 145
1923 2035 1983 2065 ἕῳ).
2008 2034 2036 2057 In
2052 2033 2175 2058 Journal
2186 2034 2255 2059 d'un

385 2078 530 2108 bouryeois
545 2078 663 2101 haeresis
680 2078 879 2108 (invocationes)
892 2078 947 2109 jum
961 2079 993 2101 ad
1010 2087 1052 2102 an.
1070 2079 1140 2109 1424,
1155 2079 1232 2108 Maio,
1252 2081 1366 2102 refertur
1380 2079 1443 2108 (vid.
1461 2088 1488 2110 p.
1501 2079 1570 2109 210„
1584 2082 1625 2102 ast
1641 2087 1709 2102 anno
1725 2079 1785 2102 1424
1800 2079 1831 2102 de
1847 2078 1897 2102 hoc
1915 2078 2014 2102 ibidem
2033 2078 2100 2102 nihil
2120 2082 2254 2107 narratur,

386 2123 430 2146 sed
447 2123 532 2146 solum
547 2123 616 2146 1420.

478 2207 502 2231 1.
520 2207 644 2230 Doctores
658 2210 683 2230 et
699 2207 820 2238 magistri
836 2207 920 2231 Paris.
937 2211 1131 2231 consueverunt
1146 2208 1172 2231 in
1187 2208 1297 2231 materia
1313 2209 1372 2231 fidei
1389 2208 1516 2231 articulos
1534 2208 1762 2232 condemnationis
1781 2208 1875 2232 elicere
1895 2219 1907 2230 «
1925 2217 1940 2231 a
1955 2208 2165 2232 confessionibus
2180 2216 2257 2232 accu-

385 2254 503 2274 satorum
519 2252 550 2274 de
566 2251 677 2274 materia
693 2252 793 2274 heresis
807 2262 820 2273 υ
837 2252 900 2281 (vid.
917 2253 1087 2284 chnERAT,
1103 2254 1203 2277 Procas
1218 2255 1250 2277 de
1265 2254 1374 2277 Jeanne
1389 2254 1483 2282 d'Arc,
1500 2254 1544 2281 lli,
1560 2262 1586 2284 p.
1605 2254 1667 2283 144),
1680 2267 1711 2271 —
1727 2253 1751 2278 2.
1769 2253 1898 2276 Johnnnis
1915 2254 1946 2276 de
1961 2254 2063 2277 Nunton
2080 2253 2152 2283 (olim
2167 2253 2254 2276 urchi-

384 2296 501 2327 episcopi
518 2296 667 2325 Viennens.)
682 2296 715 2319 ub
731 2305 772 2321 un,
791 2297 860 2325 1423,
874 2298 935 2320 Jun.
952 2298 989 2325 25,
1007 2298 1038 2320 de
1054 2306 1105 2329 quo
1122 2306 1203 2329 supra
1219 2301 1244 2321 et
1260 2298 1334 2322 Gall.
1351 2299 1456 2327 christ,
1472 2298 1527 2327 Vll,
1541 2298 1675 2328 instrum,
1690 2302 1719 2321 n⁰
1735 2299 1787 2321 171.
1803 2311 1833 2315 —
1847 2297 1871 2322 3.
1890 2298 1926 2321 De
1941 2298 1989 2321 hoc
2004 2298 2083 2321 etiam
2098 2298 2124 2321 in
2137 2298 2253 2323 Memor.

383 2342 436 2370 fac.
453 2342 564 2370 decret,
583 2341 601 2369 1,
622 2341 665 2364 sol.
682 2341 734 2371 (ὃδὴ,
751 2342 783 2364 ud
804 2342 897 2365 Octub.
914 2342 952 2370 11,
969 2343 1074 2373 quando
1096 2343 1208 2366 sat-ultus
1224 2343 1353 2366 decretor.
1370 2346 1430 2374 post
1445 2343 1574 2374 quosdam
1597 2343 1783 2366 altercationes
1805 2343 1944 2373 conclusit,
1960 2343 2052 2366 nuntio
2067 2343 2099 2366 de
2114 2343 2255 2366 Camernco

384 2393 489 2408 reverso
506 2386 559 2417 (qui
575 2395 585 2408 ι(
602 2386 647 2408 diu
663 2389 772 2409 steterat
787 2386 812 2409 in
826 2386 889 2409 villu
903 2387 934 2409 de
950 2387 1040 2410 Insula
1056 2395 1104 2418 pro
1121 2388 1282 2419 expectando
1299 2396 1466 2419 responsum,
1488 2391 1513 2411 et
1535 2388 1584 2411 suit
1598 2396 1656 2411 cum
1674 2387 1778 2418 mugnis
1795 2387 1947 2419 sumptibus
1963 2390 1984 2418 υ)
2005 2391 2034 2411 ut
2053 2387 2187 2419 quaelibet
2201 2387 2254 2411 nli·

384 2430 495 2452 facultas
511 2434 536 2453 et
551 2430 621 2453 nutio
637 2439 717 2453 unuin
734 2434 866 2454 mulonem
888 2431 946 2454 uuri
966 2432 1089 2455 solveret.
1107 2432 1205 2455 Ibidem
1228 2435 1315 2455 tamen
1338 2432 1478 2461 omittitur,
1499 2433 1620 2456 nuntium
1645 2433 1755 2456 missum
1781 2433 1863 2456 fuisse
1883 2442 1895 2455 (ι
1914 2441 1994 2464 super
2014 2433 2082 2456 sacto
2106 2432 2167 2456 fidei
2183 2441 2205 2456 i).
2224 2446 2251 2450 —

383 2474 408 2499 A.
428 2475 539 2497 Mai-tino
556 2476 644 2498 Poree.
664 2489 687 2492 -
703 2475 727 2500 5.
746 2475 859 2498 Jobnnni
874 2476 904 2499 de
919 2476 1026 2507 Tboisy.
1041 2490 1069 2493 —
1084 2476 1107 2501 6.
1125 2477 1144 2500 Ι.
1161 2486 1183 2500 e.
1200 2477 1302 2500 levibus
1319 2477 1396 2502 escis.

386 2636 528 2685 2263.
554 2647 689 2673 Facultas
705 2648 866 2674 medicinae
881 2649 1024 2675 deliberat
1038 2658 1125 2685 saper
1140 2649 1358 2685 dispensatione
1374 2650 1509 2686 temporis
1520 2650 1680 2676 auditionis
1696 2650 1741 2684 iis,
1756 2651 1806 2685 qui
1816 2654 1945 2685 regentes
1961 2650 1989 2676 in
2005 2650 2118 2676 artibus
2133 2651 2252 2684 siler-ant

474 2696 500 2721 in
519 2697 575 2721 rico
592 2697 754 2726 Str-aminis„
774 2698 966 2724 concedenda.

1562 2736 1635 2766 7426.
1648 2736 1781 2763 Februarii
1795 2737 1831 2766 16,
1847 2736 1964 2762 Parisiis.

477 2821 540 2852 Die
562 2820 701 2853 sabbati
722 2834 790 2865 que
812 2823 878 2855 fuit
897 2824 970 2867 xvjss
992 2823 1190 2864 Februarii,
1213 2824 1281 2857 fuit
1304 2824 1455 2857 facultas
1481 2824 1696 2857 solemniter
1720 2830 1942 2869 congregata
1968 2835 2079 2868 super
2105 2822 2250 2856 duobus

386 2887 547 2919 articulis
574 2887 610 2919 in
641 2889 768 2921 Sancto
797 2890 989 2922 Maturino.
1016 2891 1158 2923 Primus
1182 2898 1258 2924 erat
1280 2891 1323 2924 ad
1351 2891 1573 2924 audiendum
1600 2892 1880 2936 responsionem
1903 2890 2248 2936 jurisperitorum...
