2502 3418
247 334 340 371 1429]
588 347 632 368 ΑΒ
667 347 772 368 ΑΝΝΟ
808 346 1095 368 MCCCLxxxxw
1124 345 1255 374 USQUE
1291 346 1338 367 AD
1372 346 1509 366 ANNUM
1546 345 1751 367 MCCCCLu.

2036 336 2063 367 ,ἐκ

2064 336 2076 367 *a

2083 336 2098 367 p.—

245 467 339 504 232
350 466 370 502 1
380 495 388 503 .
413 477 529 501 statuta
543 475 769 501 Maiiam-inerma
786 473 820 499 de
834 473 1025 499 scholaribus.

1404 516 1475 545 7429,
1491 516 1582 548 Aprilis
1596 516 1639 545 24,
1657 516 1819 548 cervifrigidi.

332 606 432 638 Licet
452 606 595 650 dejure
617 605 825 650 quicunque
848 605 1045 650 religiosus
1066 604 1145 637 sine
1167 605 1222 636 sui
1252 604 1455 649 superioris
1481 604 1626 636 licentia
1652 604 1695 636 ad
1722 603 1839 635 scolas
1861 603 2036 635 accedens
2058 603 2104 634 sit

244 673 575 706 excommunicatus
596 672 675 716 ipso
698 672 802 713 facto,
826 672 1016 704 statuimus
1038 671 1298 704 nichilominus
1324 671 1421 716 quod
1447 671 1655 716 quicunque
1681 671 1789 703 frater
1814 670 1929 702 nostri
1956 669 2104 702 Ordinis

243 740 285 772 ad
308 739 426 772 scolas
447 739 643 772 accesserit
664 738 742 771 sine
764 739 820 771 sui
842 739 979 784 proprii
1000 745 1060 771 aut
1080 739 1227 783 majoris
1244 738 1400 771 ministri
1418 738 1567 771 licencia
1585 745 1715 770 etcum
1733 737 1887 770 consilio
1904 744 2105 769 conventus

244 807 387 848 domus,
414 806 445 839 si
471 806 518 839 sit
543 805 808 847 conventualis,
834 818 913 838 cum
942 818 1032 850 pena
1052 806 1148 850 juris
1175 806 1335 849 predicta
1363 818 1467 850 quam
1495 806 1659 846 incurrit,
1687 817 1776 837 voce
1802 804 1949 849 capituli
1975 811 2104 841 careat,

244 874 362 918 sitque
383 872 554 906 inhabilis
575 873 619 905 ad
640 873 1004 914 administrationem,
1031 873 1247 905 beneficium
1271 879 1305 905 et
1325 873 1482 905 officium
1504 872 1756 913 obtinendum,
1783 872 1898 904 donec
1920 884 1999 903 cum
2026 871 2106 916 ipso

244 952 308 986 per
329 941 500 985 majorem
527 938 732 972 ministrum
759 940 816 973 vel
841 940 1012 985 generale
1039 940 1234 984 capitulum
1258 951 1380 973 seeum
1407 940 1516 972 suerit
1541 940 1803 984 dispensatum.
1831 939 1996 972 Scolares
2021 950 2107 972 vero

244 1007 393 1040 Ordinis
419 1018 483 1052 per
506 1006 677 1051 generale
705 1006 901 1052 capitulum
928 1007 1114 1039 ordinatos
1141 1013 1173 1039 et
1201 1006 1426 1039 ordinandos
1452 1007 1556 1052 penis
1585 1006 1804 1051 supradictis
1827 1006 1995 1039 volumus
2022 1005 2108 1038 sul)-

239 1075 373 1119 jacere.

337 1173 405 1197 Bibl.
421 1172 555 1201 Mazarin„
573 1180 622 1196 ms¹
644 1173 714 1201 1765,
736 1173 779 1195 fol.
798 1172 865 1201 1391’,
880 1173 929 1195 sub
945 1172 1069 1196 rubrica:
1087 1182 1099 1194 «
1115 1173 1150 1195 De
1166 1172 1324 1195 scolaribus.
1342 1173 1375 1195 Ut
1396 1180 1470 1195 nemo
1487 1172 1519 1195 nd
1538 1172 1623 1194 scolas
1645 1171 1700 1195 sine
1715 1171 1820 1195 licentia
1837 1171 1944 1194 accedat
1959 1181 1982 1195 ».
1996 1184 2023 1188 —
2039 1171 2110 1195 Ordo

242 1220 304 1241 tunc
319 1221 345 1241 et
364 1226 379 1240 a
399 1218 449 1240 fine
472 1226 541 1241 saec.
561 1225 605 1240 xlv
625 1217 715 1248 plures
734 1217 876 1248 magistros
900 1217 979 1241 theol.
1003 1217 1111 1241 Parisiis
1130 1217 1232 1245 habuit,
1256 1220 1281 1240 et
1298 1217 1365 1240 inter
1386 1217 1458 1248 ipsos
1480 1225 1509 1240 eo
1529 1220 1646 1248 tempore
1667 1217 1807 1239 maximum
1828 1216 1977 1239 ministrum
1994 1216 2111 1245 Ordinis,

242 1262 389 1286 Johanncm
405 1262 436 1286 de
450 1262 554 1290 Trecis;
570 1265 595 1286 et
608 1262 780 1286 nihilominus
797 1262 839 1286 vix
856 1265 955 1286 statuta
968 1262 999 1286 de
1016 1262 1111 1285 studiis
1127 1262 1244 1290 Ordinis,
1261 1262 1418 1293 praesertim
1434 1261 1553 1290 Parisiis,
1570 1261 1696 1285 invenies.

246 1443 390 1479 2322.
414 1454 459 1478 Fr.
482 1452 654 1485 Richardus,
681 1452 748 1478 Ord.
772 1453 851 1486 Min„
875 1453 901 1478 iu
921 1453 1192 1488 praedicationibus
1219 1462 1314 1478 coram
1341 1462 1493 1479 nulnerosa
1516 1453 1699 1478 multitudiue
1722 1453 1847 1478 Parisiis
1871 1453 2005 1485 asseruit,
2031 1453 2113 1478 Anti-

335 1501 470 1527 christum
492 1506 589 1527 natum
614 1511 676 1527 esse
696 1506 723 1527 et
742 1502 817 1527 diem
831 1502 940 1537 judicii
963 1502 1031 1538 [pro
1052 1511 1127 1527 anno
1148 1502 1236 1537 1430]
1260 1502 1379 1528 instare.
1402 1511 1417 1527 «
1440 1504 1503 1527 Cum
1526 1506 1620 1528 autem
1642 1502 1714 1527 hunc
1733 1505 1759 1527 et
1779 1502 1931 1527 nonnullos
1955 1501 2030 1527 alios
2053 1501 2112 1527 illic

331 1552 504 1577 seminasset
519 1560 629 1577 errores
642 1551 829 1586 sentiretque,
843 1551 1014 1585 facultatem
1031 1551 1171 1586 theologie
1187 1555 1286 1577 contra
1302 1561 1332 1577 se
1344 1551 1500 1587 procedere
1516 1551 1593 1585 velle,
1612 1551 1686 1577 clam
1702 1551 1817 1586 aufugit
1833 1555 1858 1577 el
1874 1551 2017 1577 discessit.
2032 1560 2046 1576 »

1460 1641 1532 1670 7429,
1548 1641 1640 1673 Aprilis
1653 1641 1696 1670 26,
1712 1641 1826 1666 Parisiis.

339 1730 411 1754 IIist.
428 1731 458 1753 de
473 1730 586 1754 Clzarles
607 1729 661 1753 VII
672 1734 695 1754 rt
710 1731 742 1753 de
755 1730 839 1754 Louis
851 1730 961 1760 XIpar
980 1729 1099 1754 Thomas
1113 1729 1209 1757 Rasin,
1227 1730 1268 1753 ed.
1286 1730 1453 1757 Qiticmznxr,
1472 1732 1489 1754 t.
1506 1729 1548 1758 IV,
1562 1738 1587 1760 p.
1606 1730 1649 1752 103
1663 1738 1702 1760 sq.
1716 1742 1747 1746 —
1761 1729 1875 1751 Thomas
1892 1728 1970 1751 Basin
1986 1732 2046 1759 post
2060 1730 2111 1751 sere

245 1777 275 1798 60
288 1783 370 1797 annos
386 1775 504 1798 scribens
521 1774 617 1798 asserit
637 1775 685 1797 hoc
701 1774 846 1797 accidisse:
863 1785 875 1796 α
891 1775 951 1797 (111111
967 1774 1084 1797 I’arisius
1100 1774 1246 1797 litterarum
1265 1774 1351 1797 studio
1367 1783 1473 1805 operam
1490 1774 1613 1797 daremus
1630 1782 1651 1797 1).
1670 1773 1753 1804 April.
1772 1774 1801 1796 ‘26
1817 1773 1936 1796 ultimum
1953 1773 2116 1804 praedicavit

247 1819 392 1843 Richardus
408 1823 433 1842 et
448 1819 527 1850 paulo
540 1822 601 1850 post
614 1819 729 1842 Parisios
746 1819 861 1850 reliquit,
878 1822 906 1841 ut
920 1819 945 1841 in
962 1820 1083 1843 Journal
1095 1819 1163 1843 d'zm
1176 1819 1330 1849 Bouryeois
1343 1820 1375 1842 dc·
1388 1819 1481 1844 Paris.
1501 1828 1526 1850 p.
1545 1820 1588 1841 235
1607 1827 1657 1849 sq..
1674 1821 1824 1847 annotatur,
1843 1818 1887 1840 ubi
1903 1818 1980 1849 plura
1996 1818 2027 1841 de
2043 1818 2110 1849 ipso.

246 1864 338 1887 Postea
359 1864 448 1887 Trecis
470 1863 518 1887 ruit
535 1867 560 1887 et
580 1872 668 1887 mense
688 1864 758 1886 Julio
774 1864 870 1886 ibidem
887 1872 945 1886 cum
961 1864 1081 1886 Johanna
1099 1863 1174 1886 d'Arc
1191 1863 1320 1887 convenit..
1342 1864 1490 1886 Secundum
1509 1863 1679 1891 Monstrelet‚
1699 1864 1811 1891 Chron„⁴
1828 1863 1869 1892 lv,
1888 1871 1913 1893 p.
1932 1864 1986 1889 335,
2006 1866 2111 1885 coactus

246 1908 358 1939 aufugit,
373 1908 433 1940 quin
448 1917 460 1931 e
477 1912 552 1939 parte
568 1909 654 1932 Caroli
669 1909 713 1931 VII
731 1908 789 1932 fuit.
805 1909 855 1931 Sed
871 1908 949 1931 etiam
965 1908 1078 1931 Pictavis
1092 1917 1134 1931 an.
1158 1909 1227 1936 1431,
1248 1908 1350 1933 Mau-tio.
1368 1908 1459 1931 vicarii
1477 1909 1613 1939 generales
1634 1908 1751 1939 episcopi
1767 1911 1792 1930 et
1814 1907 1954 1938 inquisitor
1973 1907 2032 1930 fidei
2053 1916 2111 1930 eum

247 1961 262 1976 a
276 1953 472 1984 praedicatione
490 1953 669 1984 prohibentes,
687 1953 712 1976 in
727 1958 855 1976 conventu
876 1953 1005 1976 Minorum
1024 1953 1171 1976 Pictavens.
1191 1953 1368 1984 detinuerunt,
1389 1953 1485 1984 quibus
1504 1953 1576 1975 curia
1597 1952 1754 1983 parlamenti
1776 1952 1922 1975 pictavens.
1942 1960 1968 1975 se
1984 1952 2111 1983 adjunxit.

247 1997 315 2021 Bibl.
330 2005 399 2022 caes.
410 1997 567 2027 Vindobon„
580 2006 629 2021 mS.
646 1998 692 2021 lat.
708 1999 779 2027 (3959,
794 1999 838 2021 fol.
850 1999 888 2021 77.
903 1998 967 2021 Sim.
980 1998 1061 2027 Luna,
1080 1998 1120 2021 La
1134 1998 1243 2021 France
1256 1999 1383 2027 pendant
1399 1998 1427 2021 la
1440 2005 1542 2027 quero-e
1557 1999 1589 2021 cle
1606 1998 1670 2021 Ceut
1684 2004 1746 2026 ans,
1762 1998 1787 2019 2⁷⁰
1801 1996 1877 2026 serie,
1894 2006 1919 2028 p.
1934 1997 1986 2019 108.

248 2177 392 2214 2323.
416 2186 577 2212 Facultatis
594 2187 755 2221 theologiae
775 2187 871 2214 Paris.
893 2187 1037 2213 conclusio
1058 2187 1092 2213 de
1113 2187 1266 2213 collatione
1288 2187 1488 2221 beneficiorum
1509 2187 1549 2212 acl
1571 2187 1786 2213 Universitatem
1807 2187 1964 2213 Parisiens.
1982 2192 2113 2223 spertau-

338 2235 418 2263 tium.

1491 2273 1562 2302 1429,
1579 2273 1646 2298 dunis
1661 2273 1693 2302 71,
1711 2273 1824 2298 Parisiis.

339 2360 530 2393 Universis
553 2367 744 2405 presentes
765 2361 904 2394 litteras
926 2362 1147 2407 inspecturis
1170 2363 1329 2395 decanus
1351 2368 1385 2394 et
1405 2361 1555 2394 facultas
1582 2361 1766 2405 theologie
1789 2361 1824 2393 in
1845 2361 1934 2394 alma
1960 2362 2110 2395 Univer-

250 2425 354 2459 sitate
376 2427 487 2459 studii
508 2427 726 2461 parisiensis
748 2429 899 2462 salutem
918 2430 953 2461 in
976 2430 1129 2462 Domino
1152 2430 1421 2474 sempiternam.
1446 2429 1535 2462 Cum
1558 2429 1694 2473 prefata
1717 2428 1942 2461 Universitas
1963 2429 2007 2461 ad
2028 2442 2111 2473 pro-

249 2493 447 2526 videndum
478 2494 521 2526 de
549 2493 737 2528 beneficiis
768 2508 885 2541 nuper
916 2496 1125 2530 vacantibus
1158 2509 1222 2541 per
1252 2496 1389 2529 obitum
1423 2495 1516 2528 hone
1551 2495 1722 2527 memorie
1755 2495 1914 2528 defuncti
1949 2497 2111 2540 magistri

250 2560 438 2594 Guillelmi
460 2561 704 2605 PinguisaviS,
726 2574 826 2595 sacre
849 2563 1032 2608 theologie
1058 2563 1292 2608 professoris,
1321 2569 1354 2595 et
1380 2562 1415 2594 in
1439 2569 1623 2607 posterum
1650 2562 1907 2606 quoquomodo
1933 2564 2111 2596 vacaturis

249 2628 293 2660 ad
314 2627 478 2672 ejusdem
505 2629 761 2662 Universitatis
783 2630 1063 2675 dispositionem
1086 2630 1335 2675 spectantibus
1356 2629 1494 2674 pluries
1516 2635 1551 2661 01
1571 2628 1712 2662 vicibus
1735 2629 1898 2673 repetitis
1919 2637 2112 2663 convocata

250 2701 286 2727 et
314 2697 534 2740 congregata
568 2696 647 2737 suit,
678 2696 848 2741 nullaque
880 2709 990 2742 super
1022 2697 1088 2730 1100
1119 2697 1277 2742 potuerit
1306 2696 1430 2729 haberi
1463 2696 1686 2728 concordia:
1715 2695 1798 2728 hinc
1829 2702 1884 2728 est
1915 2697 2012 2741 quod
2045 2709 2111 2730 nos

251 2762 433 2803 timentes,
452 2774 496 2794 ne
518 2774 582 2807 per
603 2762 747 2808 longam
770 2776 904 2796 moram
927 2771 986 2797 aut
1007 2764 1093 2797 alias
1111 2764 1304 2808 dispositio
1326 2762 1535 2806 hujusmodi
1556 2762 1832 2804 beneficiorum,
1854 2763 1947 2796 sicut
1968 2765 2111 2809 premit-

253 2828 351 2870 titur,
373 2829 575 2862 vacantium
598 2830 634 2862 in
656 2830 897 2875 prejudicium
926 2838 961 2864 et
989 2832 1157 2863 (laninum
1187 2843 1260 2862 non
1294 2829 1473 2862 modicum
1503 2828 1596 2861 dicte
1626 2829 1881 2862 Universitatis
1909 2830 1951 2863 ad
1977 2831 2112 2864 alienas

254 2907 379 2927 manus
401 2895 669 2937 devolveretur,
765 2897 1012 2930 conclusimus
1034 2904 1069 2929 01
1090 2909 1153 2941 per
1180 2903 1368 2940 presentes
1394 2895 1646 2928 concludimus
1672 2902 1707 2928 et
1731 2897 1992 2939 consentimus,
2015 2899 2112 2943 quod

376 2957 439 2973 *ss*
458 2955 553 2978 Ctzart.
577 2955 655 2978 Unio.
674 2955 769 2979 Paris.
788 2956 828 2978 IV.
1960 2956 1986 2979 61
