2502 3418
343 332 408 366 648
926 341 1249 364 cimai-nmmum
1283 341 1475 363 uwrvnns.
1513 342 1641 365 mnis.
2120 327 2221 365 [1444

436 418 524 449 Item
552 422 587 449 et
613 416 783 461 quoniam
809 417 852 449 ad
880 417 978 461 pacis
1007 417 1124 449 media
1150 422 1277 462 treuga
1303 416 1423 461 aliqua
1449 416 1629 460 publicata
1658 423 1724 457 est,
1753 427 1818 461 per
1844 415 2031 448 dominum
2054 420 2218 448 nostrum

350 495 472 528 regem
496 495 671 516 concessa
692 483 735 515 ad
757 484 933 528 tempus⁶,
958 484 1174 516 ostendatur
1193 483 1291 528 quod
1312 483 1378 516 hac
1401 490 1527 528 treuga
1550 483 1702 516 durante
1724 483 1852 516 damna
1873 495 1946 515 non
1967 482 2108 515 modica
2130 482 2224 514 infe-

350 556 479 582 runtur
500 549 734 582 Universitati
756 549 967 583 Parisiensi.
995 561 1138 582 necnon
1160 549 1328 594 pluribus
1345 548 1513 582 ecclesiis
1535 556 1570 582 et
1585 550 1673 582 viris
1695 548 1955 582 ecclesiasticis
1975 548 2085 593 hujus
2101 548 2219 593 regni,

349 616 410 661 qui
439 628 526 649 suos
556 616 723 649 redditus
748 615 883 648 habent
908 616 1118 660 spirituales
1141 628 1204 648 seu
1240 615 1512 649 ecclesiasticos
1544 622 1579 649 et
1608 615 1843 649 beneficiales
1875 615 1912 648 in
1942 615 2106 661 partibus
2131 616 2222 648 Nor-

348 683 506 724 mannie,
530 682 591 727 qui
613 683 778 715 redditus
795 683 866 727 jam
890 683 933 715 ad
956 682 1147 715 utilitatem
1169 682 1305 715 cedunt
1326 682 1468 715 notorie
1489 682 1743 727 Anglicorum.

436 751 525 782 Item
541 750 713 794 precipue
729 749 949 794 apperiatur,
961 749 1144 793 quomodo
1162 748 1240 793 ipsa
1251 749 1481 782 Universitas
1494 749 1713 782 Parisiensis
1730 750 1767 782 in
1784 749 1861 782 suis
1874 749 2052 794 Collegiis
2069 749 2220 782 maxime

347 817 494 849 fundata
516 823 582 858 est,
605 816 642 848 in
663 815 796 860 quibus
819 815 921 860 quasi
943 822 1016 848 tota
1043 815 1194 856 residet,
1221 827 1303 860 ymo
1330 822 1365 848 et
1386 815 1603 849 durantibus
1624 828 1837 861 guerrarum
1865 816 2033 849 discidiis
2048 816 2121 860 jam
2144 816 2220 860 ipsa

350 883 519 928 perisset,
538 883 567 916 si
589 883 626 915 in
647 882 738 927 ipsis
756 882 935 927 Collegiis
956 894 1029 914 non
1051 888 1151 914 esset
1171 889 1396 915 conservata.
1420 883 1582 925 Quorum
1604 889 1723 915 tamen
1744 882 1994 928 Collegiorum
2011 883 2086 915 fere
2104 882 2220 915 media

350 962 433 994 pars
463 949 500 982 in
531 949 637 982 dictis
668 948 862 981 Normanie
895 949 1058 993 partibus
1087 960 1175 981 suos
1207 948 1316 981 habet
1339 949 1479 982 fructus
1505 955 1541 982 et
1565 949 1743 990 redditus,
1773 949 1907 994 quibus
1934 955 1970 982 et
1998 949 2159 982 scolares
2185 949 2221 981 in

350 1016 471 1049 studio
502 1014 704 1048 alimentari
731 1021 764 1048 et
795 1014 872 1059 ipsa
894 1014 1145 1059 Collegiorum
1174 1014 1316 1048 edificia
1347 1016 1545 1048 sustentari
1576 1015 1681 1049 solita
1712 1022 1809 1048 sunt.
1842 1016 1932 1049 Sunt
1962 1015 2067 1048 etiam
2098 1015 2223 1060 plures

349 1083 508 1116 scolares
535 1088 570 1115 et
599 1081 764 1127 magistri
794 1081 831 1114 in
858 1081 966 1114 dictis
994 1081 1158 1126 partibus
1191 1082 1412 1115 Normannie
1440 1081 1659 1124 beneficiati,
1688 1083 1749 1127 qui
1780 1094 1928 1115 suorum
1960 1081 2222 1115 beneficiorum

349 1149 527 1182 fructibus
550 1148 586 1181 in
608 1148 730 1181 studio
753 1149 950 1181 sustentari
973 1147 1153 1181 solebant.

438 1217 525 1248 Item
550 1221 585 1248 et
600 1216 672 1259 jam
696 1215 795 1259 pium
817 1221 873 1248 est
896 1215 1030 1248 intueri
1052 1215 1130 1260 ipsa
1151 1214 1409 1248 Universitatis
1430 1215 1596 1261 Collegia
1621 1215 1757 1249 ibidem
1782 1216 1928 1249 fundata
1950 1215 2073 1248 ruinas
2095 1215 2224 1248 minari

349 1282 596 1328 gravissimas,
616 1282 818 1326 suppositis
842 1289 877 1314 et
893 1281 1127 1315 studentibus
1143 1283 1301 1323 vacuari,
1320 1282 1495 1327 ipsosque
1517 1282 1567 1315 ibi
1588 1282 1825 1316 beneficiatos
1846 1289 2008 1328 egestate
2036 1282 2223 1323 confundi,

350 1361 392 1382 ex
413 1361 455 1382 eo
477 1349 663 1394 precipue,
687 1349 785 1393 quod
808 1361 827 1381 a
848 1355 1010 1394 tempore
1032 1349 1259 1382 reductionis
1281 1348 1383 1382 urbis
1405 1350 1624 1383 Parisiensis
1645 1350 1689 1383 ad
1711 1350 1847 1396 regiam
1869 1349 2114 1383 obedientiam
2136 1361 2224 1382 suos

350 1416 514 1448 redditus
535 1421 570 1448 et
589 1416 728 1448 fructus
749 1422 948 1448 consuetos
969 1415 1117 1449 minime
1134 1423 1394 1461 perceperunt,
1413 1428 1483 1461 que
1505 1416 1542 1449 in
1563 1416 1658 1450 dicte
1680 1416 1936 1450 Universitatis
1952 1417 2128 1461 jacturam
2150 1428 2224 1449 non

351 1483 527 1515 modicam
549 1482 680 1515 cedere
702 1489 917 1515 noscuntur.

439 1551 527 1582 Item
550 1555 585 1582 et
605 1549 717 1594 longe
738 1550 887 1594 gravius
908 1549 945 1582 in
966 1549 1061 1582 dicte
1083 1549 1342 1583 Universitatis
1359 1550 1639 1595 dissipationem
1660 1550 1770 1592 cedit,
1787 1550 1886 1595 quod
1907 1550 2086 1583 dictorum
2108 1549 2226 1584 Colle—

350 1617 493 1661 giorum
510 1616 650 1649 sructus
668 1622 703 1649 et
719 1615 885 1649 redditus
902 1628 967 1661 per
983 1616 1214 1649 adversarios
1231 1616 1459 1662 applicantur
1475 1617 1518 1649 ad
1537 1617 1712 1662 quosdam
1731 1617 1767 1649 in
1784 1617 1848 1650 illo
1866 1617 1988 1650 studio
2005 1617 2225 1651 Cadomensi

352 1683 395 1716 de
427 1695 521 1716 novo
553 1683 745 1716 studentes
774 1689 981 1727 pretensos,
1014 1683 1077 1728 qui
1103 1683 1140 1716 in
1165 1683 1379 1728 hujusmodi
1410 1683 1670 1717 Universitatis
1703 1684 1981 1729 extirpationem
2014 1683 2107 1729 erigi
2141 1695 2227 1716 nos-

352 1756 495 1783 cuntur.
521 1751 562 1782 Et
577 1751 651 1794 jam
674 1750 711 1782 in
733 1749 944 1782 ulteriorem
967 1750 1064 1782 cedit
1080 1751 1272 1795 jacturam,
1296 1750 1394 1796 quod
1411 1751 1497 1784 dicti
1514 1751 1765 1784 Cadomenses
1781 1750 1925 1796 publica
1942 1750 2226 1796 proclamatione

351 1818 514 1850 fecerunt
547 1828 611 1849 seu
640 1823 927 1861 procuraverunt
955 1816 1127 1858 inhiberi,
1161 1829 1205 1850 ne
1239 1818 1321 1862 quis
1356 1818 1401 1850 de
1436 1817 1544 1850 dictis
1575 1817 1740 1862 partibus
1773 1818 1993 1850 Normannie
2023 1817 2154 1850 audeat
2182 1817 2226 1850 ad

352 1884 512 1916 studium
539 1884 746 1916 Parisiense
773 1883 947 1916 accedere
977 1883 1045 1916 sub
1073 1883 1248 1929 gravibus
1277 1891 1310 1917 et
1334 1885 1500 1917 maximis
1526 1885 1645 1930 penis,
1667 1896 1749 1929 ymo
1775 1883 1819 1917 ab
1845 1884 2044 1929 apostolica
2065 1884 2166 1924 sede,
2189 1890 2228 1917 ut

352 1951 479 1991 fertur,
502 1951 744 1995 impetrarunt
765 1950 862 1994 quod
884 1951 1114 1995 preferantur
1134 1950 1171 1983 in
1192 1951 1425 1984 assecutione
1447 1950 1710 1984 beneficiorum
1734 1951 1905 1984 omnibus
1930 1950 2012 1984 aliis
2037 1951 2170 1984 studiis
2192 1957 2227 1983 et

351 2017 437 2050 alibi
459 2017 706 2051 studentibus,

442 2086 569 2117 Petant
593 2085 706 2129 igitur
736 2091 901 2117 oratores
932 2085 1073 2129 prefati,
1097 2091 1135 2117 ut
1160 2085 1262 2130 regie
1287 2085 1521 2118 celsitudinis
1547 2085 1790 2130 providentia,
1813 2085 1897 2118 dum
1919 2092 2078 2130 aguntur
2108 2082 2227 2118 media

353 2151 450 2196 pacis
482 2163 546 2184 seu
577 2157 788 2196 treugarum
817 2151 1023 2193 concessio,
1047 2151 1188 2196 placeat
1214 2152 1258 2184 ad
1286 2151 1468 2196 publicam
1498 2152 1650 2185 salutem
1680 2152 1832 2185 maxime
1853 2152 1890 2184 in
1920 2158 2043 2185 sancte
2071 2152 2227 2185 ecclesie

354 2225 388 2250 et
409 2218 573 2262 ejusdem
596 2218 856 2251 Universitatis
883 2219 1043 2251 savorem
1067 2224 1102 2251 et
1122 2218 1438 2252 conservationem
1466 2218 1518 2251 sic
1541 2219 1683 2264 agenda
1711 2218 1924 2263 disponere,
1951 2225 1991 2251 ut
2015 2218 2092 2264 ipsi-
2111 2218 2229 2251 eccle-

354 2285 502 2326 siarum,
528 2285 779 2330 Collegiorum
809 2291 844 2317 et
868 2285 1168 2318 beneficiatorum
1196 2285 1364 2318 redditus
1391 2285 1436 2318 ad
1461 2297 1550 2318 suos
1577 2285 1755 2318 reddeant
1779 2285 1948 2330 antiquos
1974 2297 2225 2331 possessores,

355 2351 495 2384 scilicet
519 2351 562 2384 ad
583 2351 661 2384 loca
687 2359 722 2384 et
743 2364 921 2396 personas
942 2352 1099 2396 prefatas
1121 2352 1295 2397 precipue
1317 2351 1376 2384 hic
1397 2352 1434 2384 in
1460 2352 1582 2385 studio
1608 2358 1806 2394 morantes,
1829 2364 1909 2385 cum
1934 2353 2006 2386 sint
2034 2364 2093 2385 res
2120 2353 2227 2397 spiri-

356 2417 470 2450 tuales
497 2418 694 2459 censende,
725 2431 808 2464 ymo
837 2425 871 2451 et
896 2418 967 2463 ipsi
995 2418 1152 2452 ecclesie
1185 2423 1221 2451 et
1248 2418 1507 2452 Universitatis
1534 2419 1696 2464 alumpni
1730 2419 1791 2452 tali
1823 2419 1966 2452 notorie
2000 2419 2226 2453 immunitate

355 2485 513 2528 gaudere
535 2485 703 2526 debeant,
727 2485 825 2530 quod
848 2485 950 2518 nullo
967 2486 1050 2530 jure
1076 2486 1170 2518 intra
1196 2497 1411 2530 guerrarum
1438 2485 1648 2531 prophanos
1676 2486 1863 2531 amplexus
1886 2485 2041 2519 debeant
2062 2498 2227 2531 compre-

355 2550 477 2591 hendi,
501 2550 720 2596 tollaturque
742 2552 836 2585 dicta
857 2552 1040 2593 inhibitio,
1059 2559 1095 2585 et
1110 2552 1265 2585 liberum
1285 2553 1332 2585 sit
1353 2552 1524 2585 omnibus
1545 2553 1707 2585 Parisius
1729 2553 1878 2586 studere
1899 2552 2109 2586 volentibus
2130 2565 2226 2585 aece-

356 2616 454 2658 dere,
478 2617 612 2650 ibidem
634 2625 669 2651 et
690 2619 835 2660 morari,
858 2626 894 2652 et
913 2619 1046 2652 ceteris
1067 2619 1223 2664 preferri
1244 2619 1377 2652 studiis
1399 2626 1433 2652 et
1456 2619 1653 2652 nominatis
1675 2619 1875 2652 secundum
1898 2619 2048 2652 formam
2075 2631 2225 2652 suorum

358 2683 631 2728 privilegiorum
654 2692 689 2718 et
709 2685 960 2719 observantias
983 2686 1157 2719 notorias.
1183 2687 1311 2719 Petent
1331 2686 1438 2719 etiam
1459 2686 1621 2719 omnium
1644 2686 1922 2731 privilegiorum
1948 2686 2043 2719 dicte
2071 2686 2227 2720 Univer-

358 2750 473 2782 sitatis
495 2757 529 2783 et
555 2752 726 2796 precipue
748 2753 927 2797 papalium
950 2752 1097 2798 plenum
1119 2759 1152 2786 et
1178 2753 1333 2785 liberum
1356 2765 1503 2786 cursum
1530 2753 1567 2785 in
1593 2753 1707 2786 dictas
1731 2753 1951 2786 Normannie
1973 2759 2093 2798 partes
2119 2765 2226 2798 expe—

359 2815 440 2856 diri,
463 2828 605 2849 necnon
626 2818 693 2850 alia
715 2819 873 2852 dominia
895 2820 932 2852 in
953 2831 1068 2864 regno
1091 2819 1241 2853 Francie
1261 2820 1429 2865 Anglicis
1451 2819 1628 2864 subjecta.
