2502 3418
379 311 442 344 166
953 318 1272 341 ann'rULARiUM
1308 318 1496 339 umvssns.
1534 318 1661 340 ranis.
2142 306 2241 343 [1409

377 401 531 440 urgente
552 394 687 427 clerum
710 394 828 439 ipsum
852 394 1002 426 duceret
1021 392 1333 437 congregandum.
1357 393 1397 424 ln
1419 391 1586 424 ecclesiis
1608 399 1724 425 autem
1749 392 2017 437 parochialibus
2038 393 2167 426 fratres
2188 393 2240 425 illi

377 462 586 494 nullatenus
607 461 784 494 auderent
804 473 870 493 nec
892 460 1068 493 deberent
1090 459 1277 504 predicare
1299 458 1355 491 vel
1373 470 1578 503 proponere
1599 459 1748 491 verbum
1781 459 1860 499 Dei,
1887 460 1957 491 nisi
1983 460 2112 492 fratres
2132 459 2202 504 ipsi
2224 472 2240 492 a

378 528 646 573 parochialibus
674 527 926 561 sacerdotibus
954 527 1093 560 invitati
1113 526 1170 559 vel
1199 526 1315 558 vocati
1343 526 1509 558 fortassis
1540 526 1750 566 existerent,
1773 526 1830 559 vel
1852 526 1896 558 de
1921 526 2084 571 ipsorum
2111 526 2241 571 placito

376 595 434 628 vel
453 607 607 628 assensu
630 595 738 640 petita
760 595 904 627 licentia
926 594 982 627 vel
1003 594 1150 626 obtenta
1167 594 1315 625 foret....

467 664 594 695 Postea
619 674 706 695 vero
728 662 771 694 ad
793 662 851 706 pie
872 661 1047 694 memorie
1067 660 1243 694 Johannis
1266 672 1355 704 pape
1382 661 1484 692 XXII
1507 660 1611 693 etiam
1633 659 1909 704 predecessoris
1935 660 2051 692 nostri
2078 660 2240 693 notitiam

378 728 549 770 deducto,
566 729 663 773 quod
685 728 867 773 quondam
881 727 1066 761 Johannes
1083 727 1127 759 de
1145 727 1289 759 Poliaco
1306 727 1343 759 in
1358 738 1458 759 sacra
1475 726 1660 771 theologia
1676 726 1850 771 magister
1865 726 1902 758 in
1923 726 2139 771 quibusdam
2158 727 2242 760 arti-

377 796 468 828 culis
490 795 724 841 tangentibus
746 795 945 840 penitentie
966 800 1230 827 sacramentum
1252 806 1326 826 non
1347 793 1470 826 sobrie
1492 793 1557 826 sed
1579 805 1767 838 perperam
1790 792 1966 837 sapiebat,
1989 793 2241 839 infrascriptos

376 863 548 896 articulos
574 862 817 907 periculosos,
847 861 1077 894 continentes
1104 872 1262 902 errores,
1291 861 1429 893 doeens
1457 860 1603 905 publice
1630 860 1667 892 in
1695 845 1773 892 suis
1799 860 2111 904 predicationibus
2141 867 2176 894 et
2205 861 2242 893 in

376 929 513 962 scholis
533 941 539 962 ε
559 930 714 974 primum
737 929 918 973 siquidem
940 935 1108 961 astruens
1131 928 1228 972 quod
1253 927 1476 960 consessi2...
1500 928 1601 969 Quos
1624 927 1729 959 etiam
1750 926 1924 960 articulos
1950 939 2078 960 omnes
2104 934 2140 960 et
2166 927 2243 960 sin-

376 996 484 1041 gulos
504 996 599 1028 idem
622 996 795 1041 magister
821 995 1005 1028 Johannes
1030 995 1126 1028 veris
1149 994 1219 1027 sibi
1241 994 1443 1027 rationibus
1465 994 1630 1038 opinioni
1657 1006 1721 1026 sue
1751 993 1887 1026 dudum
1909 993 2030 1026 habite
2050 995 2242 1027 contrariis

376 1063 634 1095 demonstratis
651 1063 686 1095 in
704 1062 831 1095 eodem
850 1062 1072 1095 consistorio
1090 1062 1284 1102 revocavit,
1299 1073 1469 1094 asserens
1487 1073 1550 1093 eos
1568 1072 1640 1093 non
1657 1072 1779 1101 veros,
1797 1060 1862 1093 sed
1879 1061 2099 1094 contrarium
2116 1073 2240 1094 verum

376 1141 472 1169 esse,
494 1142 573 1162 curn
597 1130 735 1162 diceret
756 1141 795 1162 se
817 1129 959 1162 nescire
988 1128 1191 1161 rationibus
1219 1128 1290 1161 sibi
1310 1128 1414 1161 sactis
1435 1128 1472 1160 in
1493 1128 1713 1160 contrarium
1740 1127 1979 1172 respondere.
2007 1128 2169 1173 Ideoque
2197 1140 2242 1161 ne

376 1209 440 1241 per
466 1197 721 1237 assertionem,
744 1196 1029 1241 predicationem
1052 1203 1087 1229 et
1114 1196 1313 1228 doctrinam
1342 1195 1551 1239 hujusmodi
1583 1195 1618 1227 in
1649 1206 1809 1227 errorem
1839 1195 1949 1239 (quod
1974 1194 2098 1238 absit!)
2124 1195 2241 1228 anime

374 1264 592 1308 simplicium
616 1263 908 1309 prolaberentur,
932 1275 1060 1296 omnes
1082 1263 1267 1308 predictos
1292 1262 1466 1295 articulos
1492 1269 1528 1295 et
1556 1261 1757 1307 quemlibet
1782 1274 1907 1295 eorum
1932 1269 2100 1307 tanquam
2129 1262 2241 1296 salsos

375 1338 410 1363 et
430 1343 606 1364 erroneos
633 1338 667 1364 et
691 1343 709 1363 a
735 1331 898 1364 doctrina
924 1343 1010 1364 sana
1037 1330 1164 1363 devios
1192 1330 1287 1362 idem
1315 1329 1500 1362 Johannes
1526 1329 1768 1374 predecessor
1799 1329 2012 1362 auctoritate
2042 1329 2241 1374 apostoliea

376 1398 580 1443 dampnavit
600 1404 636 1430 et
657 1398 865 1443 reprobavit
888 1398 932 1430 dc
953 1398 1103 1431 fratrum
1124 1409 1272 1430 suorum
1295 1396 1450 1430 consilio
1477 1396 1737 1441 predictorum,
1765 1396 1965 1429 doctrinam
1987 1396 2078 1441 ipsis
2099 1403 2241 1430 contra-

376 1465 462 1497 riam
480 1477 599 1498 veram
623 1477 706 1498 esse
728 1472 763 1498 et
783 1465 994 1498 catholicam
1017 1476 1244 1498 asserens....

464 1533 554 1565 Cum
585 1539 716 1572 autem,
747 1533 841 1565 sicut
869 1544 986 1577 nuper
1015 1533 1164 1565 fratrum
1194 1532 1466 1564 Predieatorum
1498 1538 1533 1564 et
1563 1531 1745 1564 Minorum
1782 1531 2030 1575 predictorum
2064 1543 2104 1564 ac
2134 1531 2239 1564 etiam

375 1600 612 1632 Eremitarum
645 1599 764 1632 Sancti
791 1599 989 1644 Augustini
1022 1606 1055 1632 et
1090 1598 1193 1631 beate
1219 1599 1331 1631 Marie
1361 1599 1405 1631 de
1436 1600 1559 1631 Monte
1587 1597 1754 1631 Carmelo
1782 1597 1960 1631 Ordinum
1996 1598 2240 1631 lamentabilis

374 1666 522 1711 querela
560 1667 603 1698 ad
639 1673 803 1699 nostrum
839 1666 1009 1711 perduxit
1042 1666 1237 1707 auditum-³,
1278 1666 1446 1698 nonnulli
1485 1665 1608 1698 clerici
1648 1672 1683 1698 et
1721 1664 1969 1698 ecclesiastice
2010 1677 2167 1710 persone
2201 1677 2241 1698 ac

375 1733 567 1777 utriusque
593 1745 702 1765 sexus
730 1732 910 1774 homines,
941 1733 1073 1765 nedum
1103 1733 1289 1777 predictos
1319 1733 1506 1765 damnatos
1537 1744 1601 1778 per
1629 1732 1785 1765 eundem
1815 1732 2015 1765 Johannem
2047 1732 2242 1777 predeces-

374 1812 508 1841 sorem,
537 1806 574 1832 ut
594 1801 789 1844 prefertur,
816 1800 881 1832 sed
908 1800 1013 1832 etiam
1041 1800 1216 1844 quosdam
1238 1799 1329 1832 alios
1350 1800 1524 1832 articulos
1553 1811 1705 1844 prorsus
1733 1811 1910 1832 erroneos
1936 1806 1971 1832 et
1998 1799 2111 1832 sacris
2138 1812 2241 1833 cano-

373 1867 481 1899 nibus
503 1867 705 1899 contrarios
727 1867 833 1899 etiam
857 1866 1002 1911 publice
1029 1879 1101 1899 non
1130 1874 1303 1900 verentur
1330 1874 1494 1900 astruere
1522 1874 1556 1899 et
1583 1879 1647 1911 per
1675 1867 1759 1899 illos
1788 1867 1955 1911 proprias
1982 1873 2018 1899 et
2044 1866 2238 1900 multorum

374 1934 591 1978 simplicium
615 1934 752 1966 animas
774 1933 937 1981 inlicere,
959 1934 1117 1978 illosque
1138 1946 1155 1966 a
1177 1934 1372 1967 devotione
1398 1934 1598 1966 eorundem
1619 1935 1767 1966 fratrum
1791 1934 1968 1967 Ordinum
1992 1934 2238 1979 predictorum

373 2007 549 2041 avertere,
575 2007 609 2033 et
629 2013 674 2033 ne
700 2000 837 2034 Christi
859 2001 987 2033 fideles
1008 2013 1071 2033 sua
1101 2008 1245 2046 peccata
1266 2001 1438 2034 fratribus
1459 2002 1550 2046 ipsis
1571 2001 1824 2042 confiteantur,
1848 2000 2101 2034 damnabiliter
2126 2001 2242 2034 detra-

372 2067 459 2100 herc
481 2074 655 2112 satagant,
681 2068 785 2100 etiam
808 2075 931 2100 contra
954 2068 1104 2100 eandem
1126 2069 1424 2101 constitutionem
1446 2069 1621 2101 Bonisacii
1646 2068 1922 2113 predecessoris
1943 2080 2054 2113 super
2074 2067 2142 2101 hoc
2164 2068 2241 2101 edi-

373 2141 454 2175 tam,
482 2141 519 2167 ut
541 2135 734 2179 prefertur,
752 2135 813 2179 qui
836 2135 981 2179 quidem
1005 2135 1134 2179 adjecti
1153 2136 1298 2168 erronei
1319 2119 1462 2168 articuli
1479 2142 1684 2180 sequuntur
1700 2148 1765 2180 per
1779 2135 1943 2168 ordinem
1963 2135 1999 2168 in
2016 2135 2082 2168 hee
2102 2135 2213 2168 verba
2231 2146 2238 2167 ε

464 2202 617 2243 Primus,
638 2208 674 2234 ut
695 2202 852 2243 videtur,
875 2202 1050 2235 articulus
1068 2203 1149 2235 talis
1167 2209 1221 2235 est
1239 2214 1245 2235 ε
1263 2203 1467 2236 Confessus
1487 2204 1588 2235 fratri
1608 2203 1769 2236 admisso
1791 2203 1827 2235 in
1848 2203 1962 2235 forma
1982 2201 2124 2236 Dudum
2146 2209 2242 2235 tene-

375 2275 431 2301 tur
447 2269 572 2301 eadem
590 2275 733 2313 peccata
757 2269 793 2301 in
811 2281 963 2301 numero
981 2270 1111 2302 iterum
1129 2276 1253 2302 curato
1270 2269 1448 2302 confiteri.
1470 2271 1666 2303 Damnatur
1687 2282 1751 2315 per
1770 2269 1972 2303 Johannem
1990 2281 2116 2314 papam
2137 2270 2239 2302 XXII

373 2336 409 2367 in
436 2342 567 2368 statuto
600 2336 698 2380 quod
728 2336 856 2380 incipit
885 2348 891 2368 :
918 2337 985 2369 Vas
1004 2336 1197 2370 electionis.
1214 2357 1257 2361 —
1281 2337 1472 2370 Secundus
1498 2349 1504 2369 :
1530 2337 1799 2371 Conclusiones
1823 2336 2000 2370 Johannis
2028 2336 2072 2369 de
2095 2336 2240 2369 Peliaco

374 2402 538 2435 damnate
560 2414 624 2447 per
643 2402 843 2435 Johannem
865 2404 966 2435 XXII
989 2410 1074 2435 sunt
1094 2403 1180 2436 satis
1202 2415 1286 2436 vere
1313 2410 1348 2436 et
1367 2416 1385 2436 a
1407 2416 1626 2449 quocunque
1650 2404 1807 2437 litterato
1836 2403 2059 2436 sufficienter
2086 2409 2242 2448 possunt

375 2470 501 2502 teneri.
524 2490 567 2494 —
587 2471 628 2513 (3)
652 2470 829 2502 Statutum
850 2469 1026 2503 Johannis
1046 2471 1148 2503 XXII
1171 2470 1306 2503 editum
1331 2482 1337 2503 z
1362 2471 1430 2504 Vas
1454 2471 1669 2513 electionis&
1692 2478 1747 2504 est
1773 2471 1916 2504 irritum
1938 2477 1973 2503 et
1994 2470 2114 2510 inane,
2142 2470 2237 2515 quia,

373 2548 452 2568 cum
476 2536 564 2568 illud
590 2537 687 2577 fecit,
710 2543 786 2569 erat
805 2536 1004 2578 hereticus,
1031 2543 1066 2570 et
1091 2549 1154 2582 per
1182 2549 1415 2582 consequens
1436 2538 1614 2582 quidquid
1638 2539 1724 2571 fecit
1750 2538 1936 2583 predictus
1956 2537 2141 2570 ‚lohannes
2163 2537 2239 2570 sive

374 2603 667 2636 Mendicantibus
684 2604 760 2636 sive
782 2603 862 2636 aliis
883 2611 965 2636 ante
986 2605 1254 2637 revocationem
1272 2605 1377 2637 inane
1398 2605 1477 2637 suit.
1494 2626 1538 2629 —
1555 2606 1594 2648 (4)
1611 2606 1734 2638 Stante
1756 2612 1888 2638 statuto
1913 2605 2036 2638 Omnis
2056 2604 2241 2649 utriusque

372 2681 487 2709 sexus,
512 2682 576 2702 nee
599 2671 697 2702 Deus
720 2682 785 2703 nec
808 2683 896 2715 papa
923 2671 966 2703 de
994 2672 1152 2716 potentia
1184 2684 1247 2704 sua
1270 2678 1390 2716 potest
1413 2672 1546 2713 facere,
1569 2673 1655 2717 quin
1681 2673 1875 2705 consessus
1896 2671 1996 2704 fratri
2018 2670 2240 2703 Mendicanti

374 2736 533 2768 admisso
555 2737 684 2769 iterum
707 2744 872 2770 tencatur
902 2737 1067 2770 confiteri
1090 2750 1156 2771 suo
1178 2745 1315 2771 curato.
1336 2759 1380 2762 —
1401 2741 1441 2782 (5)
1463 2739 1658 2772 Confessio
1679 2738 1852 2771 fratribus
1877 2738 2049 2771 admissis
2074 2738 2164 2769 sacta
2185 2743 2241 2770 est

375 2802 584 2835 dubitabilis
608 2810 642 2835 et
662 2804 818 2845 incerta,
842 2811 1064 2850 quapropter
1085 2817 1212 2838 omnes
1233 2812 1403 2839 tenentur
1429 2805 1610 2838 dimittere
1638 2806 1830 2846 incertum,
1852 2812 1887 2838 et
1907 2805 1959 2838 sic
1979 2804 2097 2837 solum
2126 2803 2240 2836 conli-

374 2869 440 2902 teri
461 2870 537 2902 suis
559 2871 811 2904 sacerdotibus
832 2884 953 2904 curam
975 2872 1174 2905 animarum
1196 2872 1415 2906 habentibus
1433 2873 1500 2906 sub
1521 2885 1612 2919 pena
1634 2874 1773 2918 peccati
1794 2872 1970 2906 mortalis.
1988 2872 2088 2915 ——(6)
2105 2871 2239 2914 Quam-
