2502 3418
414 343 479 376 218
1001 355 1319 377 ann'rULAnium
1354 356 1544 378 UNtvsns.
1580 355 1711 377 PARIS.
2186 342 2282 379 [1411

416 428 488 460 Nec
515 439 660 460 movere
687 428 795 462 dehet
822 429 919 473 quod
944 429 1094 461 facultas
1121 430 1263 469 artium,
1290 441 1360 474 que
1390 430 1595 464 licentiatos
1623 432 1659 463 in
1685 430 1870 475 theologia
1895 437 1929 463 et
1954 430 1991 462 in
2011 431 2095 474 jure
2121 429 2284 474 aliosque

415 494 579 534 scientia,
603 502 695 527 etate
718 502 752 528 et
782 496 973 540 prudentia
1000 496 1118 528 claros
1141 497 1314 537 continet7
1338 497 1390 529 sic
1412 497 1610 541 prefertur3
1634 497 1797 542 pertullit
1817 497 1911 529 enim
1933 496 2042 541 longa
2063 496 2122 529 illa
2142 495 2284 528 fastidia

415 560 578 593 laborum
602 562 788 606 querende
810 563 920 607 pacis.
945 563 1085 595 Deinde
1107 575 1186 595 cum
1210 563 1447 595 sufficientem
1470 563 1599 595 habeat
1619 564 1800 596 neminem
1822 570 1861 596 ut
1881 569 1936 596 est
1955 563 2062 595 alicui
2084 562 2284 607 provisum,

414 639 497 660 mox
517 628 559 660 ad
582 628 707 660 altiora
729 629 906 673 procedit,
928 635 963 661 et
985 629 1031 661 ita
1054 629 1106 660 illi
1127 629 1285 661 facultati
1307 629 1400 661 bene
1425 630 1630 674 providere,
1654 636 1708 662 est
1729 641 1891 662 summos
1910 629 2010 662 viros
2031 621 2187 662 efficere.

505 696 591 731 Hec,
621 694 830 728 beatissime
859 702 971 740 pater,
1003 708 1075 728 non
1106 696 1189 728 ideo
1219 695 1404 728 mentibus
1435 696 1571 728 nostris
1601 696 1708 728 altius
1742 695 1969 736 insederunt⁷
2000 695 2097 740 quod
2129 695 2284 728 velimus

415 760 523 793 alicui
544 762 651 794 statui
673 762 708 794 in
736 774 806 806 quo
834 769 918 794 sunt
944 762 1047 794 multi
1069 762 1242 794 solennes
1269 768 1303 794 et
1329 762 1470 806 egregii
1494 762 1684 807 derogare,
1712 762 1777 795 sed
1801 762 1884 806 quia
1905 762 2071 795 videmus
2097 762 2133 794 in
2155 761 2285 795 Galliis

410 828 483 872 jam
515 828 648 860 multos
680 828 847 860 indoctos
879 835 913 861 et
942 828 1063 860 minus
1093 828 1243 861 meritos
1268 827 1443 860 beneficia
1476 827 1694 861 obtinuisse.
1724 829 1775 860 Ex
1800 828 1937 861 nostris
1962 840 2048 861 vero
2073 828 2133 861 vix
2158 828 2282 861 decem

417 894 620 938 reperimus
645 895 705 938 qui
727 906 768 926 ex
791 894 910 927 rotulo
932 901 1058 927 nostro
1080 895 1153 927 sint
1173 894 1349 927 beneficia
1370 894 1570 935 consecuti,
1596 906 1810 939 quamquam
1840 906 1882 927 ex
1904 906 1966 927 ore
1986 901 2108 928 vestro
2130 895 2283 927 sanctis-

415 961 507 993 simo
524 962 698 1005 prefatum
718 961 808 993 illud
825 962 1036 1002 manaverit,
1055 962 1152 1006 quod
1169 961 1327 1006 singulis
1343 960 1452 1005 hujus
1471 961 1725 993 Universitatis
1747 961 1949 1006 suppositis
1970 961 2061 994 infra
2078 968 2152 995 tres
2168 973 2283 994 annos

414 1027 518 1060 fieret
544 1027 663 1060 debita
690 1028 864 1072 provisio.
888 1028 1070 1061 Transivit
1095 1040 1211 1061 annus
1238 1040 1317 1060 cum
1345 1027 1478 1068 medio,
1501 1034 1535 1060 et
1562 1026 1678 1060 adhuc
1705 1039 1831 1060 sumus
1855 1028 2051 1072 gratiarum
2076 1035 2282 1061 nostrarum

414 1094 555 1126 incerti.
581 1094 833 1138 Supplicamus
858 1095 969 1139 igitur
988 1096 1032 1128 V.
1057 1096 1106 1135 S„
1135 1102 1170 1127 ut
1193 1095 1353 1139 prefatus
1378 1093 1552 1127 articulus
1574 1094 1653 1126 sine
1678 1093 1751 1127 illis
1773 1094 2050 1139 exceptionibus
2071 1094 2177 1127 nobis
2198 1082 2303 1127 con-¹

413 1161 573 1201 cedatur;
598 1161 730 1193 deinde
753 1167 791 1193 ut
816 1173 922 1193 nemo
944 1161 1051 1194 nobis
1073 1162 1275 1206 preferatur
1300 1161 1371 1194 nisi
1397 1161 1524 1206 primis
1549 1160 1843 1194 ordinationibus
1868 1161 2029 1194 datarum
2051 1161 2182 1194 suisset
2201 1173 2283 1206 pre-

411 1239 597 1268 cessurus‚
616 1234 651 1260 et
671 1227 787 1260 adhuc
805 1228 866 1272 qui
886 1227 967 1260 talis
989 1228 1035 1260 sit
1056 1228 1152 1272 quod
1175 1228 1282 1260 nobis
1303 1228 1350 1260 sit
1370 1227 1483 1272 gradu
1507 1227 1692 1272 superior3
1712 1234 1898 1272 postremo
1915 1234 1965 1269 ut,
1984 1228 2079 1261 sicut
2098 1234 2154 1261 est
2173 1227 2281 1261 nobis

411 1293 498 1326 alias
520 1306 748 1334 concessum,
772 1294 869 1326 nulla
892 1301 1052 1339 potestas
1073 1302 1130 1327 aut
1152 1294 1301 1327 facultas
1322 1294 1441 1339 legato
1463 1305 1638 1327 concessa
1658 1294 1716 1327 vel
1736 1295 1970 1327 concedenda
1991 1295 2038 1328 sit
2062 1294 2281 1339 expectatio-

410 1360 519 1393 nibus
547 1367 754 1393 nostrorum
783 1362 1056 1406 suppositorum
1083 1362 1322 1406 prejudicium
1344 1360 1506 1394 allatura.
1534 1361 1763 1394 Sanctitatem
1791 1368 1945 1394 vestram
1975 1373 2193 1395 conservare
2223 1361 2279 1394 di-

410 1434 542 1472 gnetur
566 1428 744 1460 Dominus
772 1434 899 1461 noster
925 1427 1058 1461 Jhesus
1089 1428 1258 1461 Christus
1288 1427 1331 1460 ad
1357 1439 1423 1460 sue
1444 1427 1609 1472 regimen
1629 1427 1785 1461 ecclesie
1812 1434 2055 1461 sacrosancte.
2084 1429 2212 1460 Datum
2243 1427 2280 1460 in

411 1494 697 1538 congregatione
725 1501 847 1527 nostra
873 1494 1036 1539 generali
1063 1495 1223 1527 Par-isius
1244 1494 1338 1539 apud
1361 1494 1528 1527 Sanctum
1555 1494 1773 1527 Maturinum
1796 1494 1999 1527 solenniter
2018 1494 2199 1527 celebrata
2221 1494 2279 1527 die

410 1560 548 1592 decima
572 1560 722 1604 septima
744 1560 880 1593 mensis
903 1560 1140 1605 Septembris.

504 1657 619 1681 Minuta
633 1657 748 1680 chartac.
760 1658 785 1680 in
797 1658 873 1681 Arch.
886 1661 939 1681 nat.
954 1658 1047 1682 Puris„
1061 1658 1083 1681 M
1093 1660 1145 1690 (35¹¹,
1158 1659 1231 1681 ¹1⁰4&⁴
1243 1672 1273 1675 —
1284 1658 1384 1681 Ibidem
1395 1666 1444 1690 pro
1455 1659 1545 1681 codem
1556 1661 1712 1689 argumento
1726 1658 1852 1681 scribitur
1865 1657 2045 1681 cardinalibus
2059 1667 2072 1679 α
2084 1657 2245 1689 generaliter
2255 1667 2277 1681 n.

406 1701 464 1724 Alia
479 1702 601 1732 epistota,
616 1710 698 1732 paene
712 1702 806 1732 deletu,
820 1702 918 1725 directa
929 1706 969 1725 est
983 1703 1015 1725 ad
1032 1702 1146 1731 nuntios,
1159 1703 1184 1725 in
1201 1711 1252 1733 qua
1271 1706 1409 1734 praeterea
1424 1703 1522 1734 legitur
1534 1711 1633 1734 papam
1648 1702 1746 1726 dixisse
1761 1702 1869 1733 nuntiis,
1883 1710 1911 1726 se
1923 1703 1990 1726 velle
2003 1703 2109 1725 Petrum
2127 1702 2158 1725 de
2175 1702 2278 1734 Rosnyo

408 1746 568 1769 monasterio
584 1747 614 1769 dc
628 1747 655 1770 S.
669 1747 798 1777 Josaphat.
814 1747 966 1777 praeficere.
981 1747 1069 1770 Tertia
1081 1747 1194 1778 epistola
1210 1747 1341 1770 destinata
1356 1751 1396 1770 est
1412 1757 1424 1769 α
1436 1756 1485 1778 pro
1499 1747 1616 1779 quolibet
1629 1751 1742 1779 quatuor
1757 1747 1931 1770 cardinalium
1945 1756 1967 1770 ν.
1982 1747 2082 1774 Quarta
2098 1756 2111 1768 «x
2123 1754 2172 1778 pro
2188 1746 2272 1770 curdi-

409 1790 462 1813 nnli
482 1791 671 1821 Burdegalensi
686 1801 707 1819 ι),
725 1791 768 1822 qui
784 1800 826 1814 an.
844 1792 974 1818 1li1‘2,·Jul.
993 1792 1030 1819 14,
1045 1792 1182 1815 defunctus
1201 1795 1240 1815 cst
1260 1792 1347 1821 (Arch.
1360 1793 1428 1821 Vnt„
1445 1793 1486 1820 XI,
1501 1796 1529 1815 n⁰
1542 1792 1580 1822 41,
1598 1792 1643 1816 fol.
1658 1793 1722 1821 240).
1739 1792 1767 1815 In
1782 1791 1832 1815 hac
1847 1791 1959 1823 epistola
1976 1791 2141 1815 Universitns
2160 1791 2254 1815 scribit
2268 1798 2276 1815 ι

407 1845 420 1857 ι
434 1835 497 1866 quia
513 1843 593 1866 super
607 1839 706 1858 ceteros
720 1836 839 1858 dominos
854 1836 923 1859 sacri
938 1836 1042 1867 collegii
1056 1837 1216 1867 specialiori,
1231 1845 1291 1868 ymo
1307 1837 1523 1868 singularissimu
1538 1837 1640 1860 ratione
1655 1837 1779 1860 fiduciam
1790 1836 1881 1859 auxilii
1897 1836 1978 1860 vestri
1991 1836 2169 1867 concepimus,
2184 1838 2277 1867 pater—

408 1880 485 1903 nitati
501 1883 586 1902 x-estre
605 1880 707 1909 sotum,
723 1883 748 1903 et
770 1880 854 1904 atteri
877 1881 987 1904 nemini
1007 1885 1170 1911 conceptum
1192 1886 1325 1906 nostrum
1344 1881 1493 1911 aperimus
1552 1881 1699 1904 Articulum
1713 1889 1790 1912 quem
1809 1880 1924 1912 petimus
1945 1880 2101 1904 inclusimus
2122 1888 2181 1903 cum
2199 1888 2275 1904 exce-

408 1924 544 1955 ptionibus
565 1932 630 1955 quas
646 1925 679 1947 ad
700 1924 821 1947 ultimum
836 1925 1018 1948 tollernhimus
1080 1929 1108 1948 ut
1127 1926 1159 1948 ad
1175 1925 1261 1948 minus
1281 1926 1350 1948 hunc
1366 1926 1507 1949 articulum
1527 1926 1565 1949 sic
1585 1925 1764 1949 modificatum
1779 1925 1954 1954 obtineamus,
1970 1933 2021 1948 non
2039 1928 2125 1948 tamen
2142 1924 2212 1956 quod
2226 1924 2275 1948 hoc

406 1972 494 1999 petere
509 1968 646 1991 videamur
659 1977 681 1992 n.

499 2013 637 2044 Temporis
650 2017 710 2036 nota
727 2022 740 2036 e
753 2014 895 2044 praedictis
909 2018 1028 2045 apparet.
1045 2015 1138 2037 Petrus
1154 2015 1185 2038 de
1199 2015 1301 2046 Rosuyo
1316 2023 1359 2038 an.
1375 2015 1445 2044 1411,
1462 2014 1554 2038 Octob.
1569 2015 1591 2044 7,
1608 2016 1692 2038 fuctus
1706 2018 1746 2038 est
1760 2014 1844 2037 abbas
1860 2014 2013 2037 monasterii
2030 2015 2056 2038 S.
2070 2014 2210 2045 Josuphat.

499 2097 523 2121 1.
540 2097 692 2120 Documenti
709 2106 723 2121 u
739 2098 830 2121 dextra
844 2101 920 2129 parte
935 2099 964 2121 10
977 2098 1069 2127 lineae,
1087 2107 1101 2121 a
1117 2098 1226 2122 sinistra
1241 2100 1270 2122 16
1285 2099 1417 2123 laceratae
1438 2102 1508 2122 sunt.
1530 2100 1558 2123 In
1578 2099 1711 2131 principio
1729 2098 1847 2130 legitur:
1866 2108 1879 2120 α
1892 2098 1991 2122 domini
2013 2098 2097 2122 nostri
2119 2106 2188 2130 pape
2201 2108 2225 2121 ν.
2244 2111 2275 2116 -

406 2141 429 2165 2.
446 2141 578 2164 Articulus
594 2141 710 2173 quintus.

407 2263 547 2300 1933.
577 2274 642 2298 Cum
658 2272 801 2299 Joltamtes
816 2275 914 2299 XXIII
927 2274 1043 2299 voluerit
1059 2279 1088 2299 ut
1103 2274 1156 2308 itti,
1174 2284 1244 2309 quos
1254 2285 1307 2310 pro
1324 2279 1448 2311 tempore
1463 2275 1648 2309 confectionis
1667 2274 1754 2300 rotuli
1772 2274 1946 2300 Universitas
1959 2277 2127 2310 praesentes
2146 2277 2270 2309 reputat,

492 2322 600 2347 cunctis
627 2331 698 2357 quos
721 2322 854 2348 absentes
877 2327 979 2357 censet,
1005 2323 1032 2348 in
1054 2323 1253 2357 beneficiorum
1276 2324 1456 2350 assecutione
1475 2326 1689 2360 praeferantur,
1715 2327 1807 2349 rector
1825 2327 1853 2349 et
1877 2323 2050 2349 Universitas
2073 2322 2272 2357 magistrorum

493 2371 618 2396 Parisiis
634 2371 809 2396 studentium
831 2371 990 2406 declarant,
1014 2372 1079 2397 illos
1098 2377 1267 2408 praesentes
1289 2373 1444 2399 censendos
1465 2382 1537 2403 esse,
1558 2382 1573 2399 α
1590 2373 1639 2408 qui
1652 2381 1704 2408 pro
1720 2372 1823 2408 majori
1835 2376 1920 2408 parte
1942 2371 2085 2398 ordinarii
2104 2371 2174 2397 anni
2190 2372 2270 2397 Dom.

494 2418 619 2445 milles-”¹¹⁴
633 2421 722 2445 CCCC
736 2421 803 2446 noni
821 2420 849 2446 in
864 2421 960 2446 studio
982 2421 1112 2447 continue
1127 2426 1276 2452 steterunt,
1294 2422 1462 2458 incipientes
1478 2431 1495 2448 a
1508 2424 1583 2456 festo
1600 2424 1633 2448 B.
1649 2422 1774 2448 Dt'onisii
1794 2421 1920 2457 ejusdem
1937 2421 2006 2447 anni
2028 2424 2055 2446 et
2073 2420 2271 2446 continuantes

493 2478 582 2503 usque
602 2473 669 2504 post
690 2469 806 2495 Pascha
825 2470 894 2495 anni
915 2471 993 2496 Dom.
1016 2470 1139 2495 mille-§¹¹¹¹
1159 2472 1247 2496 CCCC
1264 2471 1367 2496 decimi
1383 2481 1415 2505 »;
1436 2476 1563 2497 caeter-os
1584 2471 1718 2497 absentes
1739 2470 1878 2496 declarat.
1903 2471 2024 2506 Propter
2046 2469 2096 2495 hoc
2115 2468 2271 2495 Iohannem

493 2518 641 2552 Bertaudz)
661 2518 725 2544 cler.
748 2518 933 2545 Ambianens.
951 2519 1052 2553 dioec„
1075 2529 1151 2553 mag.
1168 2520 1195 2545 [ιι
1211 2524 1266 2546 art.
1288 2524 1315 2546 et
1339 2525 1403 2546 tunc
1423 2520 1582 2546 studentem
1604 2520 1631 2546 in
1652 2520 1738 2554 decr„
1757 2524 1784 2545 et
1803 2528 1876 2545 nunc
1898 2518 2107 2552 haccalareum,
2130 2526 2270 2554 praesen-

491 2570 543 2591 tem
566 2566 707 2593 declarat.
725 2568 789 2593 Dat.
814 2568 844 2593 in
865 2569 1089 2601 congregatione
1112 2571 1207 2594 nostra
1230 2570 1358 2602 generali
1379 2570 1501 2596 Parisius
1523 2570 1602 2603 apud
1623 2570 1649 2595 S.
1669 2569 1852 2595 Maturinum
1871 2568 2040 2595 solemniter
2061 2567 2203 2594 celebrata
2224 2566 2271 2593 die

491 2616 594 2648 quinta
610 2617 717 2642 niensis
732 2616 863 2643 Octobris
877 2625 956 2643 anno
973 2618 1058 2643 Dom.
1076 2618 1230 2643 millesimo
1244 2619 1533 2652 quadringentesimo
1546 2619 1713 2645 undecimo.
1730 2629 1743 2642 «
1759 2618 1796 2643 Ut
1811 2617 1910 2651 inquit
1924 2617 2127 2651 philosophus,
2143 2615 2270 2641 sedando

491 2666 519 2689 et
534 2665 707 2697 quiescendo
723 2666 756 2691 fit
771 2666 868 2691 anima
884 2666 973 2692 sciens
989 2676 1014 2691 >›.

1647 2703 1710 2732 7411.
1729 2702 1813 2728 Octob.
1829 2703 1855 2731 5,
1870 2701 1985 2727 Far-teile.

493 2774 628 2805 Originalc
644 2775 669 2797 in
686 2775 763 2798 Arrh.
781 2779 833 2798 nat.
850 2776 944 2804 Paris„
965 2777 986 2799 M
1004 2777 1047 2799 67·
1063 2777 1134 2806 (olim
1155 2778 1183 2800 A.
1201 2778 1239 2800 13.
1254 2777 1289 2808 d).
1306 2778 1383 2800 Deest
1398 2786 1467 2800 nunc
1486 2786 1621 2801 numerus.
1642 2791 1670 2795 —
1694 2777 1794 2800 Similis
1814 2786 1828 2798 α
1846 2776 1935 2799 littei-u
1953 2774 2085 2806 presentie
2101 2783 2114 2795 υ
2128 2782 2177 2805 pro
2198 2782 2267 2805 mag.

401 2818 476 2840 Petro
491 2818 608 2847 Juvcnis‚
625 2827 695 2849 mag.
711 2819 737 2841 in
753 2820 864 2849 artibus,
881 2821 925 2851 qni
941 2821 1125 2852 magisterium
1145 2821 1171 2844 in
1188 2825 1237 2844 art.
1254 2830 1296 2845 nn.
1316 2822 1376 2844 1409
1391 2822 1514 2851 obtinuit,
1528 2825 1614 2845 exstat
1633 2830 1676 2853 ap.
1696 2822 1844 2849 JoURDAlN,
1864 2824 1893 2843 ¹1⁰
1913 2820 1982 2848 1059,
1998 2827 2040 2842 an.
2057 2819 2127 2846 1412,
2142 2819 2203 2842 Jun.
2220 2819 2267 2842 28:

403 2872 415 2882 «
432 2862 495 2885 Cum
510 2863 625 2885 universi
642 2863 701 2885 fidei
714 2864 841 2886 catholice
857 2865 971 2888 cultores
982 2874 1006 2888 ιο.
1022 2865 1097 2888 Certe
1110 2866 1200 2896 plures
1216 2866 1283 2889 aliae
1294 2866 1372 2897 hujus
1386 2866 1490 2897 generis
1502 2876 1515 2888 α
1526 2866 1630 2890 litterae
1643 2865 1809 2897 praesentiae
1824 2874 1838 2886 n
1851 2866 2003 2895 supersunt.
2018 2864 2067 2886 Pro
2084 2862 2268 2895 Chartularl'o

400 2915 462 2929 vero
477 2914 522 2929 eae
537 2907 613 2937 parvi
629 2908 752 2930 momenti
769 2912 839 2932 sunt.
858 2909 893 2932 De
909 2909 1068 2940 quibusdam
1084 2913 1170 2933 tamen
1183 2910 1269 2933 adhuc
1283 2910 1362 2934 infra.

523 2951 561 2974 28.
