2502 3418
1144 316 1310 338 TABULA.
2094 309 2156 341 751

295 431 356 455 1877
430 431 495 458 1410
585 433 721 457 Februarii
737 435 766 458 23
809 435 868 458 Joh.
885 434 985 458 Gerson
1008 434 1034 457 in
1049 434 1160 457 ecclesia
1180 434 1289 457 Nostrae
1311 435 1435 457 Dominae
1451 442 1596 457 sermonem
1618 435 1743 465 gallicum
1763 435 1841 458 habet
1859 439 1949 458 contra
1970 436 2068 459 bullam

760 400 797 520 Ἰ
836 478 1045 502 Mendicantibus
1062 478 1095 501 ab
1108 479 1255 501 Alexandro
1274 479 1292 501 V
1307 487 1458 501 concessam
1469 496 2068 504 ........................
2115 482 2159 505 173

295 533 355 557 1878
451 547 478 550 -
616 536 702 559 Martii
721 537 733 559 2
809 536 1005 560 Praedicatorcs
1025 539 1050 559 et
1071 536 1229 559 Carmelitne
1251 537 1340 559 bullae
1361 536 1501 560 Alexandri
1517 537 1537 559 V
1557 544 1584 559 se
1606 537 1756 559 renuntiare
1772 537 1874 565 divunt;
1897 538 1941 560 sed
1958 538 2069 561 Minores

839 584 864 604 et
879 581 1009 604 Eremitae
1020 581 1045 604 S.
1061 581 1201 612 Augustini
1218 581 1347 604 sustinent
1351 598 2068 606 .............................
2116 584 2160 606 173

294 636 354 659 1879
453 649 476 653 -
645 651 675 656 —-
719 641 733 662 5
809 639 929 662 Facultas
942 639 1091 670 theologiae
1106 642 1196 662 contra
1212 639 1313 662 bullam
1326 639 1465 662 Alexandri
1484 639 1500 662 V
1515 642 1676 670 protestatur
1680 656 2069 664 ................
2116 641 2160 663 173

293 694 354 717 1880
447 708 478 712 -
642 710 673 714 -
719 699 732 720 5
809 697 919 720 Plurimi
934 697 1082 728 theologiae
1097 698 1262 728 professores
1278 697 1379 720 bullam
1395 697 1534 720 Alexandri
1550 698 1570 720 V
1586 697 1737 728 vituperant
1740 714 2068 721 ..............
2116 698 2159 720 174

293 751 350 775 1881
449 766 476 770 —-
618 754 680 777 Maii
698 755 727 778 10
809 756 900 779 Petrus
914 755 1005 778 Plaoul
1021 755 1195 779 Universitati
1211 755 1316 778 nuntiat
1331 759 1441 778 mortem
1454 755 1595 778 Alexandri
1608 755 1637 785 V,
1654 755 1705 777 alia
1719 755 1750 778 de
1766 755 1851 778 rotulo
1867 756 1991 778 referens.
2012 774 2016 778 .
2063 773 2069 779 .
2115 756 2160 778 178

292 809 352 832 1882
387 809 534 836 thssn-fflo
574 811 729 836 Novembris
743 814 772 836 20
808 813 949 844 Philippus
963 813 995 836 de
1010 813 1138 836 Nanterre
1150 816 1240 836 contra
1257 814 1397 844 quemdam
1410 813 1436 836 in
1452 813 1525 835 curin
1538 814 1653 836 Romana
1669 813 1700 835 de
1713 813 1839 836 beneficio
1855 821 1902 835 suo
1917 813 2017 844 litigat.
2038 831 2043 836 .
2063 831 2069 837 .
2115 813 2160 836 178

292 867 352 890 1883
426 867 491 894 1410
620 870 681 893 Maii
697 870 725 894 13
807 871 917 894 Carolus
933 871 966 894 VI
978 870 1054 902 jubet
1069 870 1157 893 omnia
1173 871 1309 902 arreragia
1325 871 1444 902 collegiis
1458 870 1652 894 Parisiensibus
1677 870 1765 893 debita
1785 879 1799 893 n
1822 871 1994 894 thesaurariis
2015 871 2069 894 suis

838 915 905 939 solvi
920 919 997 946 atque
1013 915 1039 938 in
1056 916 1174 938 futurum
1190 915 1309 939 redditus
1325 915 1499 946 praescriptis
1515 915 1634 938 terminis
1648 915 1782 938 numerari
1788 933 2067 940 ............
2115 916 2159 938 173

291 970 351 993 1884
447 985 476 989 -
635 987 665 990 -
697 974 735 1003 21,
748 976 777 997 28
807 973 927 1005 Magistri
942 973 968 996 in
984 973 1118 1005 theologia
1138 974 1170 996 de
1190 973 1273 996 milite
1293 973 1442 1005 conjugato,
1465 973 1509 1004 qui
1529 973 1609 996 vitam
1630 973 1802 996 monasticam
1826 974 1962 1005 amplexus
1982 977 2022 997 est
2040 982 2069 997 ac

837 1021 929 1049 postea
944 1018 1059 1049 reliquit,
1077 1018 1233 1041 sententiam
1253 1019 1338 1041 serunt
1341 1035 2068 1042 .............................
2115 1018 2159 1041 180

291 1073 351 1096 1885
446 1088 476 1092 —
605 1076 667 1100 Jun.
685 1077 741 1100 6-10
806 1076 917 1099 Ordines
933 1075 1051 1107 religiosi
1067 1079 1159 1098 contra
1176 1075 1329 1098 temerarias
1345 1075 1556 1107 impctuositates
1573 1084 1599 1098 sc
1616 1075 1757 1106 accingunt
1760 1093 2067 1101 .............
2114 1076 2156 1099 181

290 1130 351 1154 1886
446 1145 474 1150 -
624 1148 651 1152 -
701 1135 730 1158 13
806 1133 970 1157 Universitas
986 1133 1132 1156 Minoribus
1151 1133 1254 1162 scribit,
1269 1141 1300 1156 ne
1319 1134 1414 1156 fratres
1432 1134 1552 1164 regulam
1569 1134 1594 1157 S.
1609 1133 1742 1156 Francisei
1758 1133 1876 1164 rigorose
1896 1134 2068 1157 observantes

836 1178 975 1202 molestent
981 1195 2067 1204 ...........................................
2115 1179 2156 1202 181

290 1233 349 1257 1887
444 1249 473 1252 -
622 1251 651 1254 -
700 1239 728 1261 27
804 1236 938 1260 Johannes
951 1236 1032 1258 XXIII
1047 1235 1172 1266 prohibet
1186 1243 1217 1258 ne
1233 1235 1291 1266 quis
1308 1235 1403 1258 litteris
1419 1236 1559 1258 Alexandri
1572 1236 1591 1258 V
1606 1244 1654 1266 pro
1669 1236 1877 1259 Mendicantibus
1893 1239 1991 1260 utatur.
2010 1255 2015 1259 .
2035 1254 2041 1260 .
2061 1254 2067 1260 .
2112 1237 2155 1260 181

288 1291 349 1314 1888
443 1306 474 1310 -
621 1309 650 1312 -
699 1296 728 1319 27
805 1296 864 1318 Fac.
878 1293 1022 1317 medicinae
1039 1294 1138 1316 decano
1155 1293 1243 1317 reddit
1256 1293 1396 1324 pecuniam
1411 1297 1502 1316 contra
1517 1294 1663 1317 Johannem
1680 1294 1710 1317 de
1725 1294 1820 1318 Rubeis
1837 1295 1991 1326 expositam.
2009 1312 2015 1318 .
2035 1314 2039 1319 .
2060 1313 2066 1319 .
2112 1295 2156 1317 182

288 1349 349 1372 1889
445 1365 472 1368 -
624 1353 703 1376 ,Iunio
804 1352 970 1376 Universitas
986 1352 1019 1374 ad
1035 1351 1181 1375 Johannem
1197 1352 1287 1380 xxm,
1304 1355 1333 1374 ut
1347 1352 1463 1374 rotulum
1480 1352 1625 1375 Alexandro
1642 1353 1661 1375 V
1674 1355 1870 1383 praesentatum
1886 1353 1990 1384 signet.
2010 1371 2015 1376 .
2035 1371 2041 1377 .
2060 1371 2066 1377 .
2112 1353 2156 1375 183

288 1407 348 1430 1890
442 1421 473 1426 -
652 1425 681 1429 —-
804 1410 968 1434 Universitas
982 1410 1014 1433 ad
1031 1418 1092 1433 suos
1107 1409 1212 1433 nuntios
1226 1409 1252 1432 in
1268 1409 1342 1432 curia
1357 1410 1440 1438 Rom.,
1458 1413 1485 1432 ut
1498 1410 1644 1433 accelerent
1658 1410 1737 1433 rotuli
1751 1410 1925 1441 signationem
1930 1428 2065 1435 ......
2112 1411 2156 1433 183

288 1465 346 1488 1891
444 1481 471 1485 -
577 1469 736 1501 Junio-Aug.
753 1473 767 1493 5
803 1468 912 1492 Articuli
928 1476 1079 1491 communes
1096 1476 1141 1490 seu
1162 1477 1175 1488 «
1195 1467 1365 1498 Prerogativc
1385 1476 1507 1491 concesse
1527 1468 1662 1499 magistris
1685 1468 1872 1491 Universitatis
1895 1469 1975 1492 studii
1996 1469 2067 1492 Pari-

834 1513 928 1537 siensis
945 1523 2063 1537 .............................................
2111 1514 2155 1536 184

287 1567 347 1590 1892
442 1583 472 1587 -
571 1572 733 1603 Septembris
751 1575 764 1596 5
803 1571 968 1595 Universitas
981 1570 1096 1594 Johanni
1112 1570 1171 1593 duci
1188 1570 1305 1593 Bituriae
1318 1571 1420 1601 legatos
1434 1570 1523 1600 mittit,
1540 1574 1568 1594 ut
1583 1571 1615 1593 ad
1628 1579 1719 1602 pacem
1735 1572 1935 1594 restaurandam
1953 1572 2063 1595 laboret.
2110 1572 2154 1595 187

286 1626 346 1649 1893
443 1641 470 1645 -
591 1631 744 1662 Septembre
802 1640 815 1651 <t
831 1629 1022 1653 Instructiones
1036 1637 1084 1660 pro
1099 1628 1197 1651 nuntiis
1214 1628 1348 1651 mittendis
1363 1629 1394 1651 ad
1411 1628 1545 1651 dominum
1561 1629 1661 1651 Biturie
1665 1640 1933 1653 .............
1954 1650 1958 1654 .
1979 1647 1985 1653 .
2006 1648 2011 1653 .
2031 1647 2037 1653 .
2057 1647 2062 1653 .
2109 1630 2153 1652 188

285 1684 346 1707 1894
440 1700 467 1703 —
570 1688 722 1719 Septembre
734 1689 762 1719 (ἲ)
802 1687 965 1711 Universitas
982 1687 1041 1710 duci
1055 1686 1226 1717 Burgundiae
1241 1686 1380 1717 deputatos
1397 1686 1485 1714 mittit,
1501 1690 1529 1709 ut
1540 1686 1599 1717 paci
1616 1687 1736 1710 consulat
1748 1704 2061 1711 .............
2109 1688 2152 1710 189

285 1742 345 1765 1895
439 1758 470 1761 -
561 1746 723 1778 Septembris
742 1748 771 1770 10
801 1746 965 1770 Universitas
985 1744 1105 1768 concedit
1119 1744 1258 1767 conventui
1274 1745 1300 1768 S.
1316 1744 1439 1773 Victoris,
1458 1748 1486 1767 ut
1503 1744 1535 1767 iis
1551 1745 1700 1775 privilegiis
1718 1745 1840 1775 gaudeat,
1858 1753 1924 1776 quae
1940 1753 1984 1768 rex
1999 1746 2063 1768 reli-

831 1790 889 1822 quis
905 1790 1024 1821 collegiis
1041 1789 1171 1812 concessit
1174 1806 2060 1813 ...................................
2108 1791 2152 1813 189

283 1844 344 1868 1896
439 1861 468 1864 —
638 1864 664 1867 —
741 1851 769 1873 12
799 1849 950 1880 Capitulum
965 1848 1088 1879 generale
1111 1847 1221 1871 Cisterc.
1238 1847 1378 1870 committit
1400 1847 1530 1870 Matthneo
1551 1847 1581 1870 de
1598 1847 1687 1875 Dunis,
1708 1851 1736 1870 ut
1755 1848 1872 1870 studium
1892 1848 1918 1871 S.
1935 1848 2061 1871 Bernardi

829 1893 912 1917 Paris.
927 1893 1016 1916 visitet
1031 1901 1060 1915 ac
1073 1893 1198 1915 reformet
1202 1909 2060 1916 ..................................
2106 1893 2148 1915 191

282 1947 342 1971 1897
438 1963 467 1966 -
635 1966 663 1969 -
739 1953 767 1975 24
799 1953 891 1976 Rector
910 1950 1098 1975 Universitntis
1121 1950 1177 1981 regi
1195 1949 1311 1972 minatur
1326 1958 1353 1972 se
1371 1950 1486 1973 Parisios
1503 1950 1654 1973 relicturum
1677 1950 1726 1973 nisi
1745 1950 1821 1973 malis
1842 1950 1896 1973 suis
1917 1951 2060 1974 remedium

828 1996 954 2020 afferatur
963 2011 2059 2019 ...........................................
2106 1996 2148 2018 191

280 2050 341 2073 1898
436 2066 466 2069 -
588 2055 741 2086 Septembre
797 2055 907 2078 Carolus
922 2055 955 2077 VI
970 2053 1141 2085 privilegium
1156 2053 1303 2081 confirmat,
1321 2061 1371 2084 quo
1387 2056 1472 2076 rector
1488 2053 1606 2083 disponit
1620 2053 1650 2075 de
1666 2052 1741 2075 bonis
1758 2061 1772 2075 a
1788 2053 1953 2075 scholaribus
1971 2054 2060 2076 desun-

828 2099 876 2123 ctis
892 2099 925 2122 ub
942 2099 1065 2122 intestato
1082 2098 1181 2121 relictis
1196 2114 2057 2122 ..................................
2104 2098 2147 2121 191

280 2153 340 2176 1899
435 2169 465 2172 -
568 2157 722 2181 Novembris
737 2159 751 2181 4
796 2157 916 2189 Magistri
929 2160 1050 2188 regentes
1067 2156 1200 2179 facultatis
1212 2156 1357 2179 medicinae
1373 2164 1415 2179 an.
1432 2155 1563 2179 1410-1411
1569 2173 2056 2180 ....................
2104 2156 2147 2179 192

279 2211 340 2234 1900
434 2227 465 2230 -
633 2229 661 2233 ·-
722 2217 749 2239 17
796 2215 961 2240 Universitas
977 2215 1068 2238 ambas
1085 2215 1172 2238 bullas
1189 2215 1220 2237 de
1233 2214 1453 2242 Mendicantibus,
1472 2217 1525 2236 tum
1540 2213 1680 2236 Alexandri
1696 2214 1715 2236 V
1732 2222 1810 2245 quam
1825 2214 1953 2237 .lohannis
1970 2215 2057 2245 XXIII,

825 2260 951 2292 reprobat
954 2275 2055 2283 ............................................
2102 2259 2146 2281 192

279 2314 336 2336 1901
433 2329 463 2333 -
632 2332 660 2335 -
720 2319 749 2341 22
795 2318 927 2343 Rolandus
944 2317 1068 2346 Ramerii,
1084 2321 1180 2346 rector,
1200 2317 1344 2348 magistros
1365 2320 1442 2347 atquc
1463 2324 1552 2339 omnes
1575 2315 1674 2346 injure
1696 2315 1854 2342 licentiatos,
1871 2317 2056 2340 Universitatis

821 2364 934 2395 juratos,
949 2363 982 2386 ad
998 2362 1229 2394 congregationem
1246 2365 1331 2386 vocat.
1349 2361 1426 2384 Curia
1443 2361 1547 2383 modum
1563 2360 1725 2383 invitationis
1742 2360 1873 2391 vituperat
1877 2378 2054 2385 ........
2102 2361 2145 2384 192

278 2415 337 2439 1902
434 2431 460 2435 --
630 2435 659 2438 -—
719 2422 748 2444 23
794 2421 958 2446 Universitas
979 2420 1117 2443 occasione
1139 2421 1287 2451 legatorum
1307 2428 1321 2442 a
1344 2428 1413 2450 papn
1436 2419 1587 2447 missorum,
1609 2418 1651 2449 qui
1675 2418 1788 2441 decimas
1811 2419 1915 2450 aliaque
1937 2419 2055 2442 subsidia

824 2466 1002 2497 requirebant,
1018 2473 1045 2488 se
1060 2465 1178 2488 declarat
1193 2468 1284 2487 contra
1300 2464 1426 2495 decimas,
1443 2466 1562 2490 annataS,
1579 2466 1618 2486 etc
1622 2479 1719 2485 .....
1740 2483 1743 2486 ⁴
1765 2480 2052 2488 ............
2100 2464 2144 2487 193

276 2518 336 2541 1903
431 2534 460 2537 -
630 2537 658 2540 -
719 2524 747 2546 24
793 2523 959 2548 Universitas
970 2523 1013 2555 jus
1029 2522 1171 2553 colligendi
1187 2522 1302 2545 decimas
1318 2530 1404 2553 papae
1421 2521 1532 2552 denegat
1536 2538 2052 2545 .....................
2099 2522 2143 2545 193

276 2576 335 2599 1904
431 2592 460 2596 —-
628 2595 658 2598 —
717 2583 747 2604 30
793 2581 956 2606 Universitas
973 2580 1107 2604 concludit
1122 2581 1222 2611 legatos
1241 2579 1381 2603 mittendos
1398 2579 1430 2602 ad
1449 2587 1546 2609 regem,
1563 2578 1585 2601 ei
1603 2579 1742 2608 relaturos,
1761 2587 1827 2610 quae
1842 2579 1955 2602 dixerint
1973 2580 2053 2611 legati

822 2635 907 2658 papae
923 2626 954 2649 de
970 2625 1079 2649 decimis
1092 2640 2052 2648 ......................................
2098 2625 2142 2648 194

275 2679 335 2702 1905
433 2695 457 2698 —
627 2697 658 2700 —
717 2684 746 2707 :30
791 2684 956 2708 Universitas
973 2684 1078 2706 cuidam
1091 2683 1211 2714 praelato
1229 2682 1322 2705 scribit
1337 2685 1427 2705 contra
1443 2682 1544 2711 legatos
1559 2689 1653 2712 papae,
1669 2681 1712 2712 qui
1729 2681 1843 2704 decimas
1860 2682 2005 2713 requirunt.
2020 2700 2025 2706 .
2045 2701 2050 2706 .
2065 2674 2069 2684 ¹
2097 2683 2141 2705 1971

275 2737 334 2759 1906
430 2753 459 2756 ——
565 2741 627 2764 Post
643 2742 744 2765 Pascha
792 2742 926 2766 Licentiati
942 2742 968 2764 in
983 2742 1107 2764 facultate
1124 2740 1271 2770 theologiae
1289 2739 1397 2763 Parisiis
1402 2756 2049 2764 ..........................
2097 2741 2140 2763 ’195

274 2795 333 2817 1907
409 2796 474 2822 1411
569 2799 690 2822 Januarii
706 2800 744 2822 7-8
790 2799 954 2831 Supplicatio
968 2800 1115 2830 legatorum
1128 2798 1323 2827 Universitatis⁷
1338 2797 1381 2828 qui
1395 2805 1507 2827 parvum
1521 2797 1635 2819 rotulum
1651 2796 1763 2819 Johanni
1777 2797 1856 2819 XXIII
1870 2801 2049 2828 portaverunt.
2097 2799 2140 2822 195

274 2848 333 2871 1908
371 2850 512 2876 1410-1411
584 2852 723 2883 Auge-lau.
789 2853 909 2884 Magistri
926 2853 1031 2882 artium,
1044 2853 1156 2875 sortasse
1170 2851 1251 2874 notati
1265 2859 1312 2882 pro
1329 2859 1411 2882 parvo
1427 2850 1512 2872 rotulo
1529 2850 1654 2872 mittendo
1668 2850 1701 2872 ad
1713 2850 1858 2873 Johannem
1875 2851 1973 2874 XXIII.
1993 2869 1998 2874 .
2018 2868 2024 2874 .
2043 2869 2049 2874 .
2096 2852 2140 2875 ’196
