2502 3418
430 343 495 376 298
1003 352 1321 374 CHARTULARIUM
1356 351 1547 373 UNIVERS.
1585 351 1715 373 rmus.
2196 337 2296 374 [1415

430 433 653 472 exponentes
674 434 709 460 et
729 426 929 472 quemlibet
948 427 1110 471 ipsorum
1133 426 1169 458 in
1190 425 1419 458 observantia
1440 424 1713 470 privilegiorum
1733 425 1902 469 fipsorum
1925 430 2131 456 nostrorum
2154 424 2295 468 predic-

431 501 561 534 torum,
583 505 622 526 ac
643 493 711 526 sub
732 500 855 526 nostra
883 493 1043 538 predicta
1074 492 1299 537 protectione
1330 498 1365 524 et
1396 491 1619 536 salvagardia
1650 490 1693 523 ab
1725 491 1823 523 omni
1851 490 2036 523 exactione
2057 496 2093 523 et
2113 489 2294 524 solutione

429 560 672 605 impositionis
698 560 907 604 hujusmodi
929 566 963 592 et
988 558 1179 603 quibusvis
1205 558 1285 591 aliis
1316 557 1564 591 exactionibus
1594 557 1748 590 viriliter
1779 563 1970 601 protegant
2000 563 2035 589 et
2064 564 2291 590 conservent.

428 628 469 659 In
499 628 602 671 cujus
635 627 686 659 rei
719 626 965 659 testimonium
999 625 1159 670 sigillum
1193 631 1356 657 nostrum
1392 623 1625 669 presentibus
1660 623 1791 656 litteris
1824 623 1992 656 duximus
2024 623 2291 668 apponendum.

427 694 554 726 Datum
583 693 742 725 Parisius
772 693 809 724 in
840 691 1122 737 congregatione
1155 697 1277 723 nostra
1306 690 1401 735 apud
1432 690 1599 723 Sanctum
1630 689 1853 722 Bernardum
1882 689 2094 722 solemniter
2114 689 2292 723 celebrata

426 772 519 792 anno
542 759 686 791 Domini
708 758 900 791 millesimo
923 757 1282 802 quadringentesimo
1304 763 1430 801 quarto
1453 756 1607 796 decim0,
1630 755 1688 788 die
1709 755 1899 789 undecima
1922 756 2057 789 mensis
2078 756 2209 789 Martii.

1568 822 1760 867 Signatum
1781 834 1791 856 .·
1811 824 1866 856 Jo.
1888 823 2112 856 YSAMBARm.

518 925 593 953 Bur„
611 924 640 953 V,
657 924 710 950 278,
725 931 738 946 e
753 931 804 954 quo
818 923 984 949 chnnorr,
998 921 1049 945 Die
1061 920 1407 951 Handschriftenhdndler
1418 921 1466 944 des
1478 919 1667 950 Mittelazters‚
1682 928 1709 951 p.
1727 920 1781 944 180.

422 1089 566 1127 2040.
589 1098 732 1124 lohannes
747 1097 782 1123 de
803 1099 934 1133 Crepone,
951 1097 1050 1122 doctor
1065 1101 1131 1122 acta
1147 1105 1246 1131 regens
1265 1097 1293 1122 in
1308 1098 1367 1131 fac.
1387 1096 1503 1130 decret„
1521 1097 1624 1122 rectori
1640 1099 1770 1131 testatur,
1787 1105 1860 1131 mag.
1878 1096 2034 1122 Iohannem
2052 1096 2087 1123 de
2103 1097 2186 1132 Gieyo
2198 1096 2291 1131 fuisse

508 1157 589 1173 suum
606 1146 768 1172 continuum
781 1146 940 1172 scholarem
957 1146 985 1171 in
1000 1145 1053 1172 illa
1068 1145 1221 1180 facultate.

1648 1181 1717 1211 1475,
1732 1182 1819 1208 Martii
1833 1181 1872 1211 15,
1889 1181 2003 1208 Par-Istis.

511 1271 646 1302 Originale
661 1271 688 1294 in
703 1271 781 1295 Arch.
796 1270 920 1294 Univers.
938 1270 1032 1299 Paris.,
1046 1270 1114 1293 thee.
1129 1270 1173 1296 111,
1190 1277 1214 1292 a.
1229 1270 1251 1293 7.
1269 1270 1286 1292 Γ.
1302 1282 1333 1286 -
1343 1269 1492 1297 Jommmx,
1507 1277 1533 1300 p.
1548 1269 1602 1296 229,
1615 1272 1670 1292 not.
1687 1270 1710 1292 1.

414 1442 558 1479 2041..
581 1450 724 1476 lohannes
739 1450 848 1485 Maille',
873 1450 1011 1476 librarius
1032 1453 1058 1475 et
1078 1449 1205 1475 bede-llus
1224 1449 1431 1484 Universitatis,
1452 1453 1608 1475 accusatus
1628 1449 1704 1486 quod
1723 1450 1762 1475 sit
1783 1453 1893 1475 tantum
1913 1450 2106 1485 tabernarius,
2127 1454 2154 1476 et
2176 1450 2283 1477 abusor

498 1499 720 1536 privilegiorum,
736 1508 766 1525 se
782 1499 913 1534 defendit
928 1502 1027 1524 contra
1044 1498 1254 1525 accusationes.

1670 1536 1740 1565 1415.
1755 1535 1824 1561 dunis
1836 1535 1862 1565 8.
1878 1535 1994 1562 Parisii&

498 1624 611 1658 Jehan
636 1623 769 1664 Maius,
793 1623 975 1668 appellant
1001 1623 1065 1655 des
1092 1622 1213 1655 esleuz
1235 1623 1279 1655 de
1301 1623 1401 1656 Paris
1423 1629 1548 1656 contre
1570 1622 1623 1656 les
1644 1623 1810 1656 sermiers
1832 1623 1879 1656 du
1901 1623 1992 1668 iiij¹¹¹e
2013 1623 2078 1656 des
2099 1623 2214 1656 halles
2235 1623 2279 1656 de

408 1691 547 1724 l'annee
562 1691 829 1723 (lerrainement
845 1694 987 1735 passche,
1001 1690 1053 1722 dit
1069 1693 1316 1734 presupposes
1332 1689 1387 1723 les
1401 1690 1607 1735 previleges
1621 1690 1665 1722 de
1682 1690 1927 1732 l'Universite,
1941 1691 2002 1735 qui
2018 1679 2279 1735 comprennent

408 1758 574 1790 libraires
596 1764 631 1790 et
650 1757 840 1799 bedeaulx7
866 1757 918 1790 dit
938 1756 1025 1801 qu'il
1047 1763 1102 1789 ost
1122 1756 1268 1789 libraire
1290 1763 1325 1790 et
1346 1756 1485 1790 bedeau
1507 1757 1551 1790 de
1573 1757 1702 1790 ladicte
1724 1757 1931 1790 Universite
1959 1763 1994 1790 et
2018 1769 2036 1790 a
2062 1757 2127 1790 des
2150 1757 2278 1802 vignes

409 1824 455 1857 ou
478 1825 501 1857 il
522 1837 540 1857 a
562 1836 646 1857 creu
669 1825 824 1857 certains
841 1824 922 1857 vius
944 1823 1031 1868 qu'il
1052 1836 1070 1856 a
1091 1824 1150 1856 sait
1172 1824 1309 1856 vendre
1331 1826 1348 1856 a
1365 1823 1486 1857 detail.
1510 1824 1638 1857 Lesdiz
1659 1824 1826 1857 sermiers
1847 1824 1880 1857 le
1901 1824 2008 1857 firent
2027 1824 2223 1869 adjourner
2242 1830 2278 1857 et

406 1891 457 1924 lui
478 1892 739 1924 demanderent
758 1891 791 1924 le
812 1891 902 1935 iiijme
920 1890 963 1923 de
985 1903 1052 1923 xxx
1073 1903 1212 1935 qucues
1234 1897 1269 1924 ct
1289 1891 1409 1935 xxxiiij
1432 1891 1565 1923 inuids.
1589 1890 1618 1923 Il
1639 1891 1813 1936 respondi
1834 1891 1920 1936 qu’il
1942 1891 2024 1924 n'en
2040 1891 2161 1924 devoit
2182 1890 2273 1931 rien,

406 1970 510 2003 parce
533 1958 619 2003 qu’il
640 1958 748 1991 estoit
767 1957 914 1990 libraire
941 1964 975 1990 et
996 1958 1043 1990 du
1066 1957 1217 1990 nombre
1239 1958 1508 1991 derrainement
1532 1957 1607 1990 lors
1634 1958 1820 1991 restraint¹
1844 1964 1879 1990 et
1899 1957 1986 2002 qur'il
2007 1957 2115 1990 estoit
2135 1957 2274 1990 bedeau

405 2026 448 2058 de
470 2025 731 2069 monseigncur
750 2024 867 2057 l'ubhe
889 2024 932 2056 de
959 2024 1055 2057 Saint
1079 2025 1172 2057 Lau²
1197 2031 1231 2057 et
1251 2024 1386 2057 l'estoit
1405 2024 1494 2066 lors,
1516 2031 1551 2057 et
1571 2024 1700 2069 depuis
1721 2024 1807 2069 qu'il
1829 2031 2010 2069 trespassa
2030 2023 2055 2056 il
2076 2024 2112 2056 fu
2134 2023 2272 2056 bedeau
2318 2060 2321 2062 ,

404 2092 488 2124 ‹l'un
510 2098 609 2124 autre
631 2091 792 2132 docteur,
816 2098 850 2123 et
871 2091 901 2123 si
923 2091 1033 2123 (lisoit
1055 2090 1141 2135 qu'il
1169 2091 1302 2124 n'avoit
1322 2103 1385 2136 pas
1407 2097 1479 2124 tant
1500 2091 1620 2124 vendu
1642 2091 1729 2136 qu’il
1755 2091 1805 2124 lui
1830 2091 1951 2124 saisoit
1971 2090 2160 2132 demando,
2183 2090 2272 2124 mais

403 2158 487 2191 bien
508 2159 615 2191 estoit
634 2170 719 2203 vray
735 2158 821 2202 qu'il
841 2170 863 2203 y
879 2158 972 2190 avoit
995 2157 1059 2190 des
1081 2158 1162 2190 vius
1185 2170 1228 2190 en
1251 2170 1287 2190 sa
1309 2158 1449 2191 maison
1469 2158 1516 2203 xij
1540 2170 1585 2191 ou
1607 2159 1662 2203 xvj
1685 2170 1838 2203 queues⁷
1860 2170 1930 2203 que
1951 2158 2093 2190 bonnes
2114 2169 2206 2203 gens
2227 2157 2271 2190 de

401 2225 566 2270 villaiges
583 2237 604 2270 y
620 2225 763 2258 avoient
782 2225 850 2257 mis
872 2236 964 2269 pour
984 2224 1038 2257 les
1060 2237 1151 2269 gens
1169 2225 1335 2265 d’armes,
1355 2225 1520 2270 lesquelx
1541 2225 1585 2258 ilz
1606 2226 1778 2270 povoient
1797 2225 1897 2258 avoir
1917 2225 2152 2258 inventoriez.
2171 2225 2215 2258 Et
2230 2236 2270 2258 ce

401 2304 473 2325 non
490 2292 635 2325 obstant
649 2291 703 2324 les
720 2291 842 2324 esleus
859 2291 891 2323 le
909 2291 1219 2336 condempnerent
1232 2304 1277 2324 en
1294 2299 1370 2325 tout
1387 2293 1421 2325 le
1437 2293 1504 2337 iiije
1516 2292 1605 2325 dont
1620 2292 1664 2325 ilz
1681 2292 1731 2325 lui
1745 2292 1914 2325 saisoient
1929 2292 2122 2332 demande;
2141 2292 2230 2324 dont
2244 2290 2270 2324 il

400 2359 525 2404 appela
547 2366 619 2391 tres
640 2358 737 2391 bien.
755 2358 957 2392 Conclnant
974 2365 1051 2391 tout
1066 2359 1247 2403 pertinent
1269 2366 1304 2392 et
1320 2360 1479 2404 despens
1496 2366 1531 2392 et
1551 2371 1589 2393 re
1607 2371 1689 2393 vera
1707 2359 1731 2392 il
1752 2360 1834 2392 n'en
1851 2359 1946 2392 avoit
1965 2371 2028 2404 pas
2045 2365 2119 2391 tant
2133 2358 2266 2392 vendu.

488 2426 691 2458 Desendent
711 2425 798 2470 qu'il
819 2432 872 2458 est
894 2437 961 2470 pur
982 2425 1037 2470 lay
1058 2432 1093 2458 et
1114 2438 1157 2458 ne
1179 2438 1218 2459 se
1240 2427 1435 2471 congnoist
1455 2439 1500 2459 en
1521 2426 1623 2468 livre,
1647 2439 1706 2460 car
1726 2433 1836 2471 quant
1856 2438 1903 2459 on
1928 2426 1978 2459 lui
2007 2426 2183 2458 demande
2211 2424 2267 2458 s'il

398 2506 415 2525 a
437 2493 472 2525 lu
494 2493 567 2525 lez³
588 2492 634 2537 vij
658 2504 825 2525 ceaumes
847 2504 891 2524 en
912 2491 1011 2531 latin7
1036 2491 1061 2524 il
1083 2493 1242 2537 respond
1269 2505 1339 2538 que
1370 2506 1455 2535 non,
1485 2500 1520 2526 et
1552 2500 1608 2526 est
1637 2493 1796 2526 inhabile
1829 2496 1847 2526 a
1877 2500 1972 2526 estre
1998 2492 2159 2533 libraire‚
2181 2498 2216 2525 et
2235 2491 2265 2525 si

397 2560 567 2592 demeure
589 2571 633 2592 en
654 2560 766 2592 Fosse
789 2559 888 2591 Saint
908 2559 1079 2592 Germain
1101 2562 1118 2591 a
1146 2559 1178 2592 la
1207 2559 1355 2593 baniere
1383 2561 1427 2593 de
1456 2560 1630 2594 Flandres
1658 2567 1693 2593 et
1720 2561 1812 2593 n'est
1843 2560 1945 2605 point
1975 2559 2122 2593 libraire
2151 2565 2186 2592 et
2211 2565 2266 2592 est

394 2638 481 2670 gros
504 2626 696 2658 marcham.
720 2625 749 2658 Il
770 2625 878 2658 vendi
899 2626 1016 2670 xxxvij
1041 2637 1179 2670 queues
1202 2633 1236 2659 et
1257 2627 1378 2672 xxxiiij
1400 2627 1533 2668 muids,
1557 2628 1645 2660 dont
1665 2627 1709 2660 ilz
1730 2627 1837 2661 firent
1857 2627 2033 2660 demande
2055 2626 2102 2659 du
2123 2632 2265 2671 compte

395 2699 429 2725 et
449 2693 481 2725 le
503 2699 696 2725 serement.
721 2692 750 2725 11
772 2692 938 2725 consessa
960 2692 992 2725 la
1011 2692 1205 2738 vin'dange⁷
1225 2694 1314 2726 mais
1335 2693 1360 2726 il
1382 2694 1454 2727 dist
1475 2694 1561 2739 qu'il
1582 2695 1665 2727 n'en
1682 2695 1801 2728 devoit
1824 2694 1901 2727 rien
1922 2705 2028 2739 parce
2049 2692 2135 2738 qu'il
2157 2692 2264 2725 estoit

393 2758 550 2799 libraire7
575 2759 661 2791 mais
690 2758 714 2790 il
740 2771 784 2791 ne
814 2758 912 2803 parla
942 2759 1043 2803 point
1070 2760 1157 2804 qu'il
1186 2761 1282 2793 seust
1313 2760 1465 2794 bedeau.
1498 2761 1546 2794 Ilz
1578 2761 1827 2806 repliquerent
1859 2760 1946 2806 qu’il
1979 2760 2125 2793 n'estoit
2157 2758 2260 2804 point

394 2825 550 2865 libraire,
574 2838 632 2858 car
653 2825 677 2857 il
699 2837 743 2857 ne
765 2826 879 2858 savoit
900 2825 966 2858 lire
988 2832 1023 2858 et
1046 2838 1090 2858 ne
1113 2826 1143 2859 si
1166 2828 1431 2872 congnosssoit,
1455 2834 1489 2860 et
1519 2840 1564 2860 ne
1594 2828 1716 2861 devoit
1735 2828 1810 2873 joir
1833 2828 1878 2861 de
1907 2827 2017 2861 chose
2042 2826 2089 2859 οὺ
2109 2826 2134 2858 il
2156 2837 2201 2858 ne
2222 2837 2261 2858 se

392 2892 655 2936 cougnoissoit,
674 2898 707 2923 et
729 2898 782 2924 est
804 2891 951 2932 abuser3
971 2899 1006 2925 et
1022 2893 1052 2924 si
1073 2893 1171 2925 dient
1189 2893 1275 2938 qu’il
1292 2895 1350 2940 n'y
1366 2907 1383 2927 a
1401 2907 1470 2940 que
1492 2895 1542 2939 iiij
1560 2895 1787 2940 principaulx
1806 2894 1973 2928 libraires
1994 2900 2029 2927 et
2048 2894 2103 2938 xvj
2126 2899 2260 2928 autres,

514 2950 553 2972 38.
