2502 3418
381 355 446 387 366
957 363 1278 385 CHARTULARIUM
1312 361 1502 384 umvmtS.
1538 361 1669 383 PARlS:
2149 347 2249 383 [1419

382 438 533 471 licencie
555 444 589 470 et
609 438 786 482 graduum
808 437 1010 470 honoribus
1031 436 1239 481 hujusmodi
1267 435 1455 480 presencia
1476 441 1511 467 et
1531 435 1725 468 auctoritas
1746 434 1950 467 cancellarii
1976 433 2130 466 ecclesie
2151 433 2249 465 Pari—

383 505 517 537 siensis
538 504 734 537 succedere
751 503 906 537 debeant
927 503 1133 536 omnimode
1150 502 1337 547 profuture
1356 513 1363 534 ε
1387 501 1534 534 instanti
1557 507 1674 534 tamen
1692 508 1852 546 tempore
1869 500 2067 533 modernus
2084 499 2245 544 ejusdem

382 571 536 604 ecclesie
557 570 794 604 cancellarius
815 583 854 603 se
875 569 1084 614 hujusmodi
1105 568 1340 602 Universitati
1366 567 1606 613 personaliter
1627 579 1699 600 non
1725 567 1930 600 exhibendo
1951 573 2071 611 partes
2092 565 2249 599 declinat

381 638 528 679 alienas,
548 638 652 670 etiam
675 650 784 682 super
805 649 848 669 eo
870 636 966 681 quod
993 636 1114 668 brevis
1136 635 1261 668 saltem
1284 634 1458 679 temporis
1488 634 1611 678 spacio
1638 646 1703 679 per
1727 646 1766 667 se
1797 633 1953 666 officium
1974 633 2247 666 cancellariatus

382 705 492 737 studii
514 711 617 749 reget
637 711 672 737 et
692 703 875 737 exercebit
895 703 1073 747 ejusdem,-
1101 713 1164 746 spe
1186 701 1301 734 solida
1323 700 1531 733 nullatenus
1553 700 1791 734 subsistente.
1816 700 1919 734 Unde
1941 712 2053 745 super
2071 699 2140 733 hoc
2160 699 2248 732 alte-

382 771 472 812 rius,
485 771 582 816 quod
599 770 704 809 absit,
720 770 941 815 provisionis
958 781 1025 813 ope
1044 775 1221 813 protracta
1238 767 1466 800 incommoda
1482 767 1606 812 gravia
1619 767 1884 812 dispendiaque
1900 767 2052 812 plurima
2070 766 2245 811 subsequi

381 844 533 882 possent
553 838 589 870 in
606 837 728 870 studio
745 843 955 876 memorato,
975 835 1118 880 ipsique
1137 841 1256 867 rector
1277 841 1312 867 et
1332 834 1560 867 Universitas
1577 833 1621 866 de
1639 834 1831 875 industria,
1848 833 2031 879 legalitate
2050 845 2196 879 quoque
2213 838 2248 866 et

381 904 601 949 experientia
624 903 744 936 devoti
766 903 920 935 oratoris
939 902 1051 935 vestri
1071 901 1247 934 Johannis
1269 901 1503 941 Breviscoxe,
1521 900 1648 933 decani
1670 900 1850 934 facultatis
1872 900 2056 946 theologie
2077 913 2116 933 ac
2133 901 2247 945 magi-

381 971 445 1003 stri
474 971 509 1003 in
530 970 680 1009 artibus,
704 969 801 1014 quod
822 969 1031 1013 hujusmodi
1053 968 1171 1001 officio
1195 967 1426 1000 laudabiliter
1448 967 1634 1000 fructuose
1656 979 1801 1012 quoque
1827 979 1978 1012 preesse
2001 967 2144 1008 debeat,
2171 967 2247 1000 sin-

380 1037 555 1082 gulariter
572 1036 709 1075 resecti,
728 1035 827 1068 illum
846 1035 970 1086 prefici
988 1041 1183 1079 exposcant
1201 1034 1287 1077 (sic),
1301 1034 1418 1067 eidem
1437 1034 1686 1079 supplicantes
1703 1041 1772 1067 tam
1790 1033 1975 1067 humiliter
1992 1046 2097 1079 quam
2115 1034 2245 1067 devoto

380 1111 557 1149 quatenus
579 1104 631 1136 eis
653 1114 763 1147 super
783 1102 853 1135 hiis
876 1109 1025 1147 paterno
1047 1101 1283 1134 consulentes
1308 1101 1438 1134 affectu
1463 1101 1598 1134 dictum
1619 1100 1832 1140 Johannem,
1855 1101 1971 1143 donec
1993 1107 2028 1134 et
2054 1112 2246 1146 quousque

379 1171 456 1215 ipse
479 1170 676 1202 modernus
697 1168 936 1202 cancellarius
958 1180 996 1201 se
1018 1168 1228 1212 hujusmodi
1250 1167 1412 1213 regendo
1434 1174 1469 1200 et
1489 1168 1693 1200 exercendo
1717 1168 1872 1200 officium
1894 1167 1984 1200 inibi
2005 1167 2246 1213 personaliter

378 1237 585 1274 contulerit,
607 1236 643 1268 in
671 1235 924 1269 cancellarium
955 1235 1211 1268 Universitatis
1241 1234 1406 1279 ejusdem
1429 1235 1651 1267 constituere
1677 1241 1713 1268 et
1732 1235 1905 1279 deputare
1926 1247 1965 1268 ac
1991 1234 2062 1268 sibi
2087 1235 2242 1280 officium

377 1304 495 1348 ipsum
518 1315 582 1348 per
602 1315 682 1335 eum
705 1303 810 1335 etiam
832 1314 911 1335 cum
940 1301 1107 1334 facultate
1130 1301 1289 1347 plenaria
1311 1301 1397 1334 dicti
1424 1301 1535 1334 studii
1560 1301 1787 1334 cancellariis
1808 1301 1852 1334 de
1868 1302 1951 1347 jure
1972 1301 2030 1335 vel
2050 1308 2246 1335 consuetu-

379 1370 461 1402 dine
482 1369 651 1402 attributa
672 1369 824 1414 regendi
846 1375 881 1402 et
901 1368 1094 1402 exercendi
1116 1368 1341 1401 committere
1362 1380 1401 1401 ac
1422 1367 1632 1413 hujusmodi
1652 1368 1854 1402 facultatem
1880 1368 2075 1413 plenariam
2102 1369 2139 1401 in
2162 1380 2242 1402 eum

377 1437 518 1469 interim
542 1436 737 1469 transferre
759 1435 974 1481 dignemini.
1006 1436 1085 1468 Non
1106 1434 1337 1468 obstantibus
1362 1434 1694 1468 constitucionibus
1720 1442 1753 1468 et
1781 1435 2080 1468 ordinacionibus
2100 1442 2245 1480 aposto-

376 1503 455 1536 licis
476 1516 515 1536 ac
536 1503 615 1536 aliis
637 1503 828 1536 contrariis
850 1502 1129 1548 quibuscunque
1151 1514 1232 1535 cum
1254 1501 1429 1535 clausulis
1457 1502 1662 1547 oportuniS.
1688 1522 1732 1526 —
1753 1503 1840 1542 Fiat,
1864 1502 1980 1535 donec
2005 1502 2244 1536 cancellarius

375 1570 517 1602 dederit
543 1569 862 1610 locumtenentem⁷
885 1569 945 1614 qui
974 1569 1090 1614 primo
1113 1569 1318 1613 requiratur
1338 1569 1381 1601 ad
1408 1568 1580 1601 dandum.
1604 1568 1645 1601 O.
1672 1589 1717 1593 —
1743 1570 1821 1602 Dat.
1845 1568 2027 1602 Florentie
2055 1569 2123 1602 kal.
2146 1569 2242 1610 Maii,

374 1648 467 1669 anno
490 1636 665 1669 secundo.

466 1736 529 1766 Reg.
547 1735 640 1766 Suppl.
657 1735 734 1758 Mart.
751 1735 779 1763 V,
796 1738 824 1757 n⁰
837 1734 891 1764 121,
909 1735 954 1758 fot.
971 1735 1023 1757 123.
1041 1734 1098 1758 vid.
1116 1741 1198 1765 supra
1210 1738 1239 1756 n⁰
1254 1734 1325 1757 2106.

374 1910 517 1947 2133.
542 1921 587 1945 Fr.
608 1920 710 1945 Petrus
732 1919 812 1945 dela
834 1920 968 1953 Barrera,
992 1918 1059 1946 Ord.
1085 1919 1165 1953 Min.5
1191 1919 1240 1954 qui
1263 1921 1291 1944 in
1319 1919 1508 1945 Universitate
1528 1919 1624 1944 Paris.
1640 1927 1694 1955 per
1714 1918 1857 1945 biennium
1878 1928 1979 1944 cursus
1999 1927 2066 1945 suos
2085 1919 2197 1955 peregit
2216 1923 2243 1946 el

462 1968 550 1994 libros
571 1969 782 1995 Sententiarum
808 1968 927 1994 Tolosae
952 1968 1100 1994 ordinarie
1117 1968 1145 1993 in
1164 1967 1271 1994 scholis
1293 1969 1320 1994 S.
1343 1968 1494 1994 Saturnini
1513 1967 1590 2003 legit,
1611 1967 1759 2004 supplicat
1779 1968 1903 1994 Martino
1928 1969 1954 2002 V,
1975 1971 2006 1993 ut
2025 1967 2078 1994 sub
2094 1967 2194 2004 aliquo
2214 1968 2242 1994 in

463 2017 586 2053 quodam
606 2017 702 2043 studio
719 2017 851 2052 generali
869 2017 1014 2043 licentiam
1037 2021 1065 2043 et
1084 2017 1282 2052 magisterium
1307 2016 1391 2044 theol.
1418 2017 1545 2053 recipere
1566 2016 1669 2051 valeat,
1692 2026 1753 2042 cum
1774 2026 1790 2043 ‹
1806 2021 1927 2053 propter
1939 2026 2062 2051 guerras
2081 2021 2109 2043 el
2128 2017 2243 2043 dissen-

461 2067 557 2092 siones
577 2075 631 2102 que
651 2066 679 2092 in
699 2066 834 2102 partibus
859 2066 1019 2092 Gallicanis
1039 2075 1073 2091 ac
1092 2066 1207 2092 civitate
1222 2066 1319 2092 Paris.
1345 2066 1463 2100 vigent»
1481 2066 1613 2092 Parisios
1631 2065 1769 2092 accedere
1793 2074 1848 2091 non
1865 2067 1968 2102 possit.
1987 2066 2058 2093 Fiat.
2075 2066 2108 2093 O.
2125 2081 2161 2086 -—
2175 2067 2240 2093 Dat.

462 2116 606 2142 Florentio
619 2116 656 2150 vij
673 2116 730 2143 kal.
748 2116 837 2149 Junii,
856 2124 934 2142 anno
949 2116 1087 2142 secundo.

1575 2151 1646 2180 1419,
1662 2151 1723 2177 nai}
1734 2152 1780 2180 26,
1798 2151 1951 2177 Florentlas.

465 2200 528 2231 Reg.
545 2200 639 2231 Suppl.
656 2201 733 2224 Mart.
748 2201 778 2230 Vt
790 2204 818 2223 n⁰
832 2201 886 2229 122,
904 2200 948 2224 sol.
965 2201 1002 2223 85.

373 2374 400 2410 2
410 2375 515 2411 134.
544 2384 718 2410 Universitas
734 2384 828 2410 Paris.
842 2393 895 2420 per
910 2393 977 2409 suos
993 2384 1108 2409 nuntios
1123 2392 1154 2409 se
1167 2384 1228 2418 regi
1243 2383 1429 2418 commendat,
1447 2387 1477 2409 ut
1486 2383 1640 2420 privilegia
1656 2386 1868 2419 confirmentur.

1503 2460 1573 2505 ms.
1590 2478 1651 2502 ante
1665 2477 1734 2502 dunis
1747 2477 1786 2505 72.
1801 2476 1916 2502 Parisiis.

461 2564 550 2595 Tres
572 2563 682 2604 hault,
710 2570 782 2596 tres
812 2563 976 2608 puissant
1006 2571 1041 2596 et
1071 2570 1144 2596 tres
1167 2563 1343 2596 redoubte
1366 2563 1502 2608 prince‚
1526 2570 1651 2596 nostre
1673 2564 1867 2597 souverain
1889 2564 2062 2609 seigneur
2083 2570 2118 2596 et
2138 2567 2237 2609 pere,

373 2636 493 2661 vostre
511 2629 638 2662 devote
656 2630 728 2662 fille
746 2616 779 2662 οἶ
801 2630 854 2662 les
876 2642 1013 2675 suppoz
1034 2630 1176 2663 d'icelle
1198 2637 1272 2663 tres
1293 2629 1544 2663 huinblement
1565 2642 1603 2663 se
1625 2630 1921 2663 recommandent
1941 2633 1959 2663 a
1975 2636 2097 2663 vostre
2118 2629 2238 2663 haulte

374 2702 404 2727 et
429 2697 642 2728 souveraine
664 2697 812 2741 majeste
835 2696 945 2741 royaL
969 2709 1014 2729 en
1038 2696 1088 2729 lui
1110 2696 1295 2742 suppliant
1315 2708 1385 2741 que
1407 2696 1476 2729 elle
1498 2703 1533 2729 et
1553 2708 1613 2729 ses
1635 2697 1691 2730 dis
1714 2709 1851 2742 suppoz
1872 2696 2005 2730 vueille
2026 2697 2126 2730 avoir
2146 2708 2239 2742 pour

374 2761 628 2805 cspecialment
650 2763 922 2796 recommandes
943 2776 986 2796 au
1008 2764 1139 2808 regard
1160 2763 1225 2796 des
1246 2763 1460 2808 privileges,
1483 2763 1686 2796 franchises
1707 2771 1742 2796 et
1768 2763 1919 2797 libertes
1939 2765 1958 2796 a
1978 2763 2062 2796 eulx
2082 2763 2238 2796 octroiez

374 2839 435 2871 par
452 2840 515 2860 vos
533 2829 816 2872 predecesseurs
834 2830 877 2862 de
895 2830 1009 2863 sainte
1026 2831 1200 2863 memoire
1221 2830 1275 2863 les
1292 2842 1376 2875 roys
1393 2830 1437 2863 de
1454 2831 1602 2872 France,
1622 2831 1769 2875 esquelz
1786 2837 1869 2863 sont
1889 2831 1934 2863 de
1955 2836 2104 2875 present
2123 2830 2237 2863 lesdis

374 2906 509 2938 suppoz
530 2895 560 2926 si
580 2896 818 2939 grandement
838 2897 1034 2929 traveillies
1051 2909 1121 2941 que
1142 2897 1271 2931 ladicte
1288 2904 1410 2931 vostre
1427 2897 1500 2930 fille
1517 2904 1573 2930 est
1592 2909 1637 2930 en
1653 2898 1734 2930 voie
1755 2898 1888 2930 d'estre
1909 2897 1957 2929 du
1978 2903 2057 2930 tout
2076 2897 2236 2942 dissipee
