2502 3418
268 332 365 368 1436]
615 346 661 367 ΑΒ
696 347 801 368 ,111Νο
836 346 1125 369 MCCCLxxxxxv
1154 347 1286 374 USQUE
1323 347 1371 368 ,10
1405 347 1543 368 ANNUM
1580 348 1784 370 ntccccmr.
2055 341 2134 373 ‘587

253 447 411 488 2486.
439 457 558 484 Carolus
580 459 631 484 Vll
640 458 792 494 privilegia
813 458 1012 484 Universitatis
1029 458 1135 492 Paria,
1154 467 1240 493 quam
1254 458 1389 483 maximis
1405 458 1543 484 laudibus
1560 459 1681 488 extollit,
1698 462 1857 494 confirmat.

1429 555 1502 583 1436,
1519 562 1608 580 mense
1622 556 1695 585 Maio,
1717 556 1845 588 Biturigis.

355 641 506 675 Charles
528 655 591 687 par
610 642 643 675 la
663 654 770 687 grace
796 643 840 675 de
862 643 952 675 Dieu
976 655 1040 688 roy
1061 642 1105 675 de
1127 644 1276 675 France.
1300 642 1427 675 Savoir
1446 642 1585 675 saisons
1608 645 1626 675 a
1647 649 1730 675 tous
1756 655 1909 688 presens
1931 650 1966 676 et
1987 646 2004 676 a
2029 644 2133 676 venir

264 720 358 741 nous
379 709 479 742 avoir
495 721 625 742 receue
647 709 795 741 l’umble
816 709 1067 754 supplicaeion
1088 711 1106 742 a
1126 721 1220 742 nous
1241 709 1346 741 saicte
1372 721 1465 754 pour
1486 716 1610 742 nostre
1632 716 1706 742 tres
1727 709 1848 742 ehiere
1875 716 1909 742 et
1935 713 2034 742 amee
2059 710 2132 743 fille

264 775 445 819 premiere
474 779 541 808 nee
566 775 800 809 l'Universite
826 776 870 808 de
898 775 1052 809 l'cstude
1074 776 1118 809 de
1140 776 1254 817 Paris,
1282 782 1477 808 contenant
1498 788 1581 820 que,
1608 788 1747 809 comme
1769 776 1823 809 les
1845 783 1918 809 tres
1948 777 2132 809 chretiens

265 848 298 874 et
315 841 482 886 glorieux
504 854 588 887 roys
610 842 654 875 de
675 844 810 875 France
833 855 899 875 noz
921 843 1207 887 predecesseurs
1234 854 1296 888 par
1317 843 1349 875 la
1372 849 1445 875 tres
1466 850 1572 887 grant
1594 850 1629 876 et
1650 844 1791 876 servent
1817 855 1943 876 amour
1968 850 2003 876 et
2027 844 2132 876 affec-

264 908 339 940 tion
361 908 467 952 qu'ilz
488 915 550 941 ont
571 910 756 953 tousjours
779 921 846 942 eue
873 911 890 942 a
916 909 1140 942 nostredicte
1161 909 1235 942 fille
1258 921 1350 954 pour
1370 909 1400 942 la
1419 916 1492 942 tres
1514 910 1630 942 sainte
1652 910 1817 942 doctrine
1840 910 1884 942 de
1907 922 2009 954 pure,
2035 917 2133 943 nette

263 981 299 1007 et
318 975 456 1008 entiere
477 975 537 1020 soy
552 982 587 1008 et
601 987 709 1021 vraye
730 975 839 1008 clarte
866 983 901 1009 et
927 976 1080 1009 lumiere
1102 976 1146 1008 de
1168 976 1325 1017 science,
1354 976 1442 1009 dont
1467 976 1536 1008 elle
1565 989 1583 1009 a
1611 976 1655 1009 (10
1684 983 1757 1009 tant
1787 983 1892 1021 grant
1918 977 2132 1022 anciennete

262 1042 567 1087 singulierement
583 1046 659 1075 este
676 1043 914 1075 recomandee
937 1055 1022 1075 avec
1043 1043 1097 1076 les
1117 1049 1240 1076 autres
1262 1043 1432 1087 precieux
1453 1043 1543 1075 sruiz
1561 1050 1594 1075 et
1611 1043 1716 1076 biens
1738 1043 1845 1088 qu'ils
1867 1050 1930 1076 ont
1949 1056 2081 1088 perceu
2100 1050 2134 1076 et

262 1115 367 1142 sentu
390 1109 420 1142 si
442 1109 644 1154 largemeut
664 1116 699 1142 et
719 1110 957 1154 grandement
973 1110 1071 1155 yssir
1087 1116 1121 1143 et
1141 1110 1245 1143 venir
1266 1109 1372 1142 d'elle
1394 1112 1412 1142 a
1433 1117 1558 1142 nostre
1579 1122 1779 1150 couronne,
1802 1122 1972 1155 royaume
2001 1117 2036 1143 et
2063 1111 2134 1143 sei-

261 1176 428 1221 gneurie,
455 1176 578 1209 l’aient
603 1176 647 1209 de
682 1183 760 1209 tout
788 1183 905 1221 temps
932 1177 1080 1209 nourrie
1109 1183 1144 1209 et
1171 1180 1371 1210 conservee
1402 1189 1446 1209 en
1482 1177 1661 1221 especiale
1693 1177 1929 1218 benificence,
1961 1179 2068 1222 grace
2099 1184 2134 1210 et

260 1243 396 1283 faveur,
421 1249 456 1275 et
471 1242 521 1275 lui
543 1243 640 1276 aient
659 1243 780 1275 (1011110
801 1250 836 1276 et
849 1247 996 1288 octroye
1019 1250 1054 1276 et
1070 1243 1383 1276 successivement
1397 1244 1580 1276 conserme
1598 1251 1633 1276 et
1649 1244 1806 1288 amplifi&
1821 1244 1992 1289 pluseurs
2012 1244 2133 1277 biaulx

261 1309 474 1355 privileges,
492 1309 642 1342 libertez
664 1317 699 1343 et
722 1309 939 1351 sranehises,
970 1310 1059 1343 dont
1089 1310 1159 1343 elle
1187 1317 1221 1343 et
1246 1322 1306 1343 ses
1333 1317 1506 1355 suppostz
1528 1317 1632 1356 ayent
1650 1312 1712 1356 joy
1740 1318 1774 1343 et
1794 1315 1872 1344 1150.
1908 1313 1950 1344 Et
1971 1323 2063 1356 pour
2093 1323 2133 1344 ce

263 1388 355 1409 nous
376 1377 424 1409 ait
444 1380 521 1409 este
538 1376 622 1409 bien
644 1376 892 1410 humblemcnt
909 1377 1053 1422 supplie
1075 1389 1145 1422 que
1167 1389 1212 1410 en
1235 1377 1428 1410 ensuivant
1450 1377 1504 1410 les
1525 1377 1691 1410 louables
1709 1384 1824 1410 traces
1842 1378 1886 1410 de
1907 1378 2035 1410 nosdiz
2052 1390 2132 1423 pre-

253 1439 491 1484 decesseurs,
522 1455 614 1476 nous
650 1443 897 1476 voulsissions
932 1443 1046 1477 lesdiz
1074 1443 1287 1489 privileges,
1324 1443 1474 1476 libertez
1505 1450 1540 1476 et
1568 1443 1770 1477 sranchises
1803 1456 1887 1477 avec
1922 1444 1976 1477 les
2010 1451 2133 1477 autres

261 1509 390 1551 droits,
412 1517 602 1542 coutumes
624 1517 659 1543 et
674 1510 821 1554 usaiges
842 1511 886 1543 de
904 1511 1126 1543 nostredicte
1147 1510 1221 1543 fille
1243 1510 1506 1556 benignement
1526 1511 1744 1544 confermer.

349 1578 544 1622 Pourquoy
564 1588 671 1618 nous,
693 1577 928 1610 considerant
947 1577 1001 1610 les
1022 1577 1154 1610 choses
1176 1577 1419 1619 dessusdites,
1443 1578 1610 1610 desirans
1627 1578 1671 1610 de
1693 1584 1771 1611 tout
1787 1584 1910 1610 nostre
1928 1590 2015 1610 cuer
2030 1578 2132 1611 veoir

252 1638 305 1676 'de
334 1650 458 1676 nostre
484 1650 601 1688 temps
637 1644 860 1677 nostredicte
886 1644 959 1677 fille
990 1644 1131 1685 ssourir,
1157 1644 1345 1686 sructifier,
1373 1645 1526 1677 croistre
1553 1651 1588 1677 et
1619 1644 1818 1689 multiplier
1851 1657 1894 1677 en
1927 1644 2070 1677 comble
2099 1652 2134 1677 et

262 1710 497 1755 plantureuse
518 1710 754 1743 habondance
791 1711 835 1743 de
869 1718 993 1744 vertus
1028 1718 1063 1744 et
1096 1718 1178 1744 tous
1207 1711 1325 1752 biens,
1356 1718 1390 1744 et
1420 1718 1516 1744 estre
1542 1711 1859 1744 souverainement
1886 1711 2070 1744 exaulciee
2098 1719 2134 1744 et

261 1776 406 1809 eslevee
428 1789 492 1822 par
513 1784 594 1810 tous
615 1777 816 1818 honneurs,
839 1779 965 1822 graces
992 1784 1027 1810 et
1047 1777 1260 1819 liberalitez,
1279 1778 1433 1811 voulans
1458 1779 1645 1822 tousjours
1667 1789 1885 1822 perseverer
1906 1790 1951 1810 en
1979 1789 2045 1810 uoz
2066 1778 2132 1810 saiz

259 1843 364 1876 selon
386 1843 439 1876 les
467 1850 683 1877 vertueuses
706 1856 836 1877 euvres
867 1844 911 1877 de
933 1844 1060 1877 nosdiz
1093 1845 1393 1889 predecesseurs,
1426 1844 1607 1877 inclinans
1629 1857 1722 1889 pour
1742 1857 1782 1877 ce
1808 1844 2093 1878 savorablement
2114 1848 2132 1878 a

258 1910 389 1943 ladicte
418 1910 668 1956 supplicacion
699 1923 705 1943 :
736 1917 818 1944 tous
845 1918 878 1944 et
906 1911 1065 1944 chacuns
1102 1911 1156 1944 les
1187 1912 1400 1957 privileges,
1432 1911 1582 1944 libertez
1614 1918 1649 1944 et
1680 1911 1883 1944 franchises
1912 1924 1974 1956 par
2004 1912 2131 1945 nosdiz

259 1977 544 2022 predecesseurs
566 1978 707 2011 donnez
729 1985 763 2010 et
784 1985 951 2023 octroyez
972 1981 989 2011 a
1011 1979 1234 2011 nostredicte
1261 1978 1334 2011 fille
1364 1978 1599 2012 l'Universite
1631 1979 1674 2011 de
1696 1979 1850 2011 l'cstude
1878 1979 1921 2011 (10
1952 1979 2064 2017 Paris,
2097 1986 2132 2012 et

258 2056 326 2076 aux
347 2051 518 2089 suppostz
540 2044 695 2086 d'icelle,
717 2045 904 2078 ensemble
926 2045 979 2078 les
1010 2052 1131 2078 autres
1153 2046 1266 2086 droiz,
1293 2052 1496 2087 coutumes,
1515 2046 1662 2090 usaiges
1684 2045 1826 2078 d'icelle
1854 2052 1977 2078 nostre
2000 2045 2073 2078 fille
2096 2053 2132 2078 et

258 2110 302 2143 de
324 2111 444 2143 sesdiz
466 2118 631 2156 suppotz,
653 2112 746 2144 ainsi
768 2118 803 2144 et
824 2124 886 2157 par
910 2112 941 2144 la
962 2113 1076 2145 forme
1099 2119 1134 2145 et
1160 2113 1321 2145 maniere
1338 2124 1408 2157 que
1429 2113 1488 2145 seu
1520 2119 1644 2144 nostre
1670 2118 1744 2144 tres
1766 2112 1865 2144 chier
1900 2112 2075 2157 seigneur
2095 2119 2131 2144 et

258 2181 357 2222 pere,
394 2189 463 2222 que
498 2178 589 2210 Dieu
620 2178 786 2219 absoille,
810 2186 845 2211 et
866 2191 925 2212 ses
958 2180 1246 2224 predecesseurs
1282 2191 1366 2224 roys
1388 2179 1432 2212 de
1455 2181 1591 2212 Franco
1621 2179 1675 2211 les
1711 2185 1773 2211 ont
1793 2179 2010 2220 consermez,
2034 2191 2128 2212 nous

255 2244 383 2289 yceulx
405 2256 513 2289 ayans
540 2245 674 2278 sermes
700 2252 734 2278 et
759 2245 951 2290 agrenbles
981 2246 1024 2279 de
1050 2253 1174 2279 nostre
1207 2248 1314 2291 grace
1346 2246 1518 2290 especial,
1550 2246 1669 2290 plaine
1692 2245 1885 2290 puissance
1907 2252 1942 2278 et
1974 2246 2128 2279 autorite

257 2311 368 2356 royal,
400 2311 544 2352 louons,
567 2324 813 2357 approuvons,
837 2313 1000 2345 ratifions
1027 2320 1062 2345 et
1082 2313 1316 2345 conscrmons
1340 2325 1402 2357 par
1427 2325 1487 2345 ces
1519 2319 1720 2357 presentes
1754 2312 1933 2355 [Mandat
1971 2313 2129 2346 omnibus

255 2389 403 2422 quorum
427 2378 588 2419 interest,
616 2384 654 2412 ut
668 2379 869 2424 privilegia
897 2380 1153 2413 Universitatis
1169 2382 1373 2422 tueantur-J
1399 2381 1527 2412 Donne
1549 2382 1567 2411 a
1593 2381 1758 2424 Bourges
1780 2391 1826 2411 ou
1849 2390 1949 2423 moys
1967 2379 2010 2411 de
2033 2381 2126 2424 May,

255 2444 325 2476 l'an
347 2445 391 2477 de
411 2447 519 2489 griice
541 2445 603 2477 mil
625 2453 750 2490 quatre
772 2458 859 2479 cens
877 2453 992 2479 trente
1011 2453 1045 2479 et
1066 2447 1132 2487 six,
1157 2453 1191 2479 ct
1212 2446 1244 2479 10
1267 2446 1531 2491 quatorziesmc
1550 2446 1593 2478 de
1612 2452 1735 2478 nostre
1759 2457 1883 2490 regne.

343 2513 410 2544 Par
430 2511 463 2543 le
486 2513 562 2556 Roy
582 2524 626 2544 011
647 2524 713 2544 5011
735 2513 874 2545 00115011
898 2513 943 2545 ou
966 2514 1241 2557 messeigneurs
1263 2513 1316 2545 les
1339 2513 1407 2545 duc
1430 2513 1473 2545 (10
1496 2512 1754 2545 Bourbonnois
1777 2519 1812 2544 et
1833 2518 1939 2544 conte
1961 2512 2005 2544 de
2027 2514 2125 2545 Mor-

254 2578 367 2622 taing,
389 2578 421 2610 le
448 2585 553 2611 conte
575 2578 618 2611 de
644 2579 867 2621 Vendosme,
889 2581 1012 2621 vous¹,
1036 2580 1282 2623 l'arcevesque
1305 2580 1348 2612 de
1371 2579 1595 2619 Thoulouse,
1619 2578 1803 2623 l'evesque
1827 2579 1870 2611 de
1893 2579 2124 2623 Magalonne,

253 2644 286 2677 le
308 2644 453 2677 bastard
475 2645 679 2686 d'Orleans,
702 2645 898 2679 Christosse
920 2647 963 2679 de
987 2648 1186 2679 Harecourt
1207 2653 1242 2679 et
1262 2646 1434 2691 pluseurs
1455 2652 1577 2678 autres
1599 2645 1768 2678 estoient.
1797 2647 1843 2677 LE
1866 2647 2005 2678 rmum

1282 2714 1484 2746 Contentor
1503 2713 1629 2757 gratis.
1654 2713 1693 2745 E.
1717 2713 1853 2744 Duum.

346 2809 481 2840 Originnle
503 2809 529 2833 in
551 2809 627 2833 Areb.
648 2810 834 2833 Universitatis
858 2810 952 2836 Paris..
971 2811 1046 2833 theca
1067 2811 1112 2837 111,
1130 2811 1157 2834 A.
1176 2812 1199 2834 9.
1221 2819 1243 2833 e.
1263 2811 1411 2841 Supersunt
1431 2810 1467 2833 fili
1485 2810 1561 2833 serie.
1579 2810 1639 2833 rub.
1656 2813 1680 2833 et
1698 2810 1776 2834 virid.
1793 2810 1900 2833 coloris.
1918 2810 1993 2833 Parte
2009 2819 2123 2834 aversa:

254 2860 264 2876 α
282 2853 363 2876 Leues
377 2857 401 2877 et
413 2854 533 2884 publices
548 2863 577 2877 en
591 2854 727 2885 jugement
743 2863 775 2877 ou
791 2855 933 2878 Chastellet
950 2855 981 2878 de
995 2855 1079 2885 Paris,
1096 2855 1230 2877 monsieur
1246 2855 1353 2877 maistre
1368 2855 1451 2877 Jehan
1469 2855 1499 2877 de
1517 2854 1653 2885 Longueil⁷
1671 2854 1816 2877 licutenant
1831 2854 1902 2884 civil,
1921 2855 2042 2878 tenantle
2051 2855 2123 2886 siege

250 2906 281 2921 en
295 2897 320 2920 la
335 2906 461 2929 presence
476 2899 507 2922 de
519 2899 653 2922 monsieur
668 2899 691 2922 10
709 2900 812 2922 recteur
823 2899 854 2922 de
867 2899 1044 2928 l’Universite,
1061 2899 1092 2922 de
1105 2899 1239 2930 plusieurs
1256 2899 1377 2922 docteurs
1393 2916 1419 2923 ...
1436 2899 1459 2922 10
1476 2899 1577 2922 samedi
1595 2899 1644 2930 ij¹¹¹⁹
1657 2899 1718 2930 jour
1737 2899 1768 2922 (10
1785 2899 1846 2922 ,111111
1866 2898 1917 2922 l'an
1938 2900 1968 2922 de
1982 2902 2060 2930 [ξι-[100
2076 2900 2122 2924 11111
