2502 3418
948 321 1159 343 JOHANNES
1193 321 1412 344 CHUFFART.
2042 326 2114 347 xvn

247 397 343 433 unde
362 396 536 444 putaveris
551 408 633 432 eum
650 395 765 443 potius
781 395 987 443 theologum
1009 408 1117 443 quam
1139 396 1324 432 doctorem
1341 396 1375 431 in
1390 397 1483 443 jure,
1511 396 1601 432 sicut
1617 397 1681 432 suit
1705 398 1878 433 Chuss‘art.
1910 400 2112 443 Caeterum,

247 471 369 505 nostra
384 467 530 515 quidem
545 467 733 511 sententia,
753 467 782 502 si
798 471 921 503 auctor
936 467 1061 503 fuisset
1082 467 1317 503 cancellarius
1339 467 1595 510 Universitatis,
1614 468 1727 503 multo
1752 468 1853 515 plura
1877 469 1983 504 relatu
2009 471 2114 517 digna

242 550 291 575 ex
305 538 548 583 Universitate,
566 538 741 586 imprimis
760 539 992 574 vehementes
1011 538 1187 573 tumultus
1210 542 1368 585 tempore
1384 538 1532 574 Concilii
1550 539 1759 574 Basileensis
1779 539 1814 574 iu
1841 551 1883 575 ea
1903 540 2112 584 concitatos,

246 611 470 658 respexisset.
493 611 537 646 At
552 610 642 645 nihil
656 610 738 646 tale.
760 612 829 645 Res
845 610 1088 645 Universitatis
1104 610 1209 657 vulgo
1224 613 1346 645 narrat
1361 613 1483 652 auctor
1506 622 1593 656 quas
1609 610 1736 656 aliquis
1752 614 1939 646 extraneus
1960 611 2113 647 scribere

245 682 432 729 potuisset,
455 685 490 717 et
514 693 635 717 revera
651 693 682 717 v.
694 693 726 727 g.
749 693 769 717 a
790 683 1026 717 MONSTRELET
1051 681 1265 728 plerumque
1290 681 1442 728 scriptae
1465 684 1558 725 suut,
1578 693 1623 716 nc
1648 681 1841 727 loquamur
1867 682 1909 717 de
1937 682 2114 729 Religioso

247 753 281 788 S.
301 752 475 801 Dionysii,
494 752 555 799 qui
571 752 687 800 quoad
704 752 975 788 Universitatem
990 755 1070 787 ante
1087 763 1145 787 an.
1166 754 1258 787 1422
1271 763 1351 787 vere
1368 751 1456 787 uber
1472 755 1536 787 est.
1555 752 1679 793 Quoad
1696 751 1952 798 disputationes
1970 752 2115 788 Parisia-

245 834 306 859 cas
328 827 487 871 tempore
509 823 720 859 Basileensis
744 823 894 859 Concilii
910 823 1070 871 agitatas,
1089 823 1199 870 magis
1220 823 1361 870 prodest
1387 834 1533 870 parvum
1552 823 1706 859 diarium
1730 835 1750 858 a
1772 825 1960 859 MAUPOENT
1985 835 2113 859 exara—

242 898 334 930 tum.

342 966 502 1014 Denique
518 977 591 1001 non
605 966 722 1001 minus
738 966 804 1002 levi
819 977 928 1002 arena
943 965 1087 1001 fulcitur
1102 969 1353 1013 argumentum
1381 977 1452 1012 quo
1470 969 1594 1001 auctor
1612 965 1735 1000 fuisset
1754 977 1846 1000 unus
1868 977 1887 1000 e
1913 965 2053 1000 clericis
2076 965 2110 1000 in

243 1038 351 1074 domo
368 1037 540 1073 Isabellae
553 1037 814 1080 habitantibus;
834 1049 916 1073 nam
931 1049 1021 1084 quae
1038 1037 1195 1084 excerpit
1214 1039 1358 1073 TUETEY
1376 1037 1422 1084 (p.
1441 1037 1543 1082 xxx),
1569 1037 1719 1083 scriptor
1736 1036 1886 1083 quilibet
1902 1036 2111 1072 Parisiensis

243 1108 369 1144 coloris
383 1119 505 1144 amans
521 1108 711 1156 depingere
724 1108 849 1156 potuit.
870 1110 909 1143 In
925 1108 981 1143 his
997 1108 1165 1144 omnibus
1182 1108 1344 1143 videmus
1358 1108 1475 1155 potius
1481 1108 1686 1155 petitionem
1694 1108 1872 1155 principii.

341 1179 502 1227 Spatium
518 1179 672 1224 deficiat,
692 1180 720 1214 si
734 1180 771 1215 in
788 1179 944 1215 minutas
974 1191 1027 1215 res
1056 1180 1270 1215 descendere
1289 1179 1472 1222 vellemus,
1492 1179 1588 1226 quod
1613 1190 1913 1226 supervacaneum
1931 1183 1983 1214 est
1994 1192 2002 1222 ;
2026 1190 2107 1214 uam

242 1262 383 1298 semper
398 1251 492 1286 idem
511 1263 719 1298 responsum
735 1251 771 1286 in
786 1256 954 1298 promptu
977 1251 1080 1287 soret.
1100 1253 1244 1287 TUETEY
1268 1250 1372 1286 nobis
1397 1250 1535 1286 videtur
1555 1250 1686 1286 oblitus
1708 1262 1784 1286 esse
1807 1254 1988 1286 auctorem
2007 1249 2107 1285 diarii

243 1323 352 1358 Paris.
372 1321 568 1358 curiositati
585 1321 815 1358 succubuisse
833 1334 902 1370 qua
916 1325 1098 1370 praestant
1113 1322 1173 1369 qui
1188 1321 1300 1357 diaria
1314 1322 1487 1357 moderna
1513 1325 1745 1368 componunt.
1764 1323 1867 1356 Nunc
1892 1321 2003 1357 diaria
2022 1333 2108 1356 nar-

241 1397 318 1429 rant
334 1393 476 1441 quaein
494 1393 585 1429 aulis
600 1393 716 1441 regiis,
735 1393 772 1428 in
791 1393 958 1429 domibus
974 1393 1130 1440 privatis,
1149 1393 1185 1428 in
1201 1394 1265 1428 viis
1281 1393 1384 1436 fiunt,
1402 1392 1491 1428 adeo
1507 1397 1544 1428 ut
1558 1392 1635 1439 quis
1655 1395 1756 1440 putet
1771 1392 1962 1439 scriptores
1979 1404 2107 1427 muue-

241 1464 337 1501 ribus
362 1464 459 1513 fungi
485 1465 580 1512 apud
606 1465 796 1512 principes,
826 1468 911 1509 etc.,
945 1477 1027 1501 cum
1050 1469 1169 1500 tamen
1207 1465 1367 1512 plerique
1401 1465 1521 1500 onmia
1554 1476 1597 1499 ex
1626 1464 1794 1499 relatione
1819 1463 2012 1511 depingant
2023 1477 2030 1506 ;
2064 1476 2106 1499 00

237 1539 376 1571 tantum
393 1537 538 1572 caeteris
558 1539 736 1584 praestant
763 1537 860 1584 quod
888 1536 1080 1572 alacriores
1101 1536 1453 1583 importunioresque
1479 1547 1515 1571 se
1541 1536 1747 1571 ostendunt.
1779 1536 1982 1579 Caeterum,
2015 1535 2042 1569 si
2064 1535 2105 1570 ad

237 1607 462 1654 probandum
487 1611 670 1643 auctorem
688 1607 778 1643 valet
791 1608 926 1643 mentio
950 1608 1043 1643 facta
1067 1608 1302 1643 ecclesiarum
1327 1607 1593 1650 Parisiensium,
1618 1607 1725 1642 etiam
1749 1606 1883 1653 aliquid
1908 1606 2036 1641 valebit
2062 1606 2104 1641 de

234 1678 357 1714 iisdem
376 1678 569 1714 silentium.
589 1679 642 1715 Ab
663 1690 755 1715 anno
779 1682 870 1714 1442
889 1679 1048 1715 Chuffart
1069 1683 1185 1715 rector
1212 1683 1287 1714 erat
1312 1679 1483 1714 ecclesiae
1506 1677 1720 1725 parochialis
1746 1679 1778 1713 S.
1810 1677 1988 1713 Laurentii
2005 1681 2103 1712 extra

237 1761 358 1785 muros
374 1750 482 1785 Paris.
503 1753 536 1785 et
564 1750 801 1798 parochianos
825 1762 906 1786 suos
939 1762 1088 1798 magnac
1110 1762 1214 1786 curae
1236 1750 1402 1793 habebat,
1431 1750 1491 1797 qui
1522 1753 1558 1785 ut
1581 1749 1862 1792 absolverentur,
1890 1749 2016 1784 saltem
2049 1748 2103 1783 bis

235 1823 384 1857 Romam
401 1821 679 1869 supplicationes
694 1820 825 1857 misit⁴.
846 1823 878 1858 Si
896 1822 1050 1858 Journal
1063 1822 1320 1869 percurrimus,
1340 1821 1384 1856 de
1401 1821 1551 1857 ecclesia
1568 1832 1640 1856 non
1658 1821 1751 1856 ultra
1768 1832 1825 1856 an.
1845 1823 1936 1856 1429
1953 1820 2103 1856 mentio-

233 1904 316 1928 nem
333 1892 462 1928 factam
477 1892 687 1928 invenimus.
707 1894 853 1929 Gravius
869 1897 922 1929 est
941 1894 1037 1941 quod
1052 1905 1158 1940 supra
1174 1894 1217 1929 de
1232 1893 1384 1929 ecclesia
1399 1894 1434 1929 S.
1454 1894 1683 1940 Opportunac
1703 1892 1976 1927 observavimus.
1994 1893 2035 1926 Et
2052 1891 2100 1927 sic

233 1963 277 1999 de
293 1963 441 2000 caeteris
458 1964 630 2008 ecclesiis,
649 1965 685 1999 in
702 1964 830 2012 quibus
854 1965 933 2000 Joh.
963 1965 1120 2000 Chuffart
1137 1964 1353 2000 beneficium
1370 1964 1421 1999 vel
1443 1964 1696 1999 canonicatum
1712 1963 1928 2010 possidebat,
1948 1975 2098 2010 quarum

233 2039 352 2070 tamen
368 2037 510 2072 TUETEY
527 2047 597 2071 non
614 2036 788 2080 meminit,
804 2037 886 2083 quia
902 2037 1043 2071 nullum
1059 2036 1095 2071 in
1111 2037 1223 2072 diario
1240 2036 1439 2083 vestigium.
1462 2037 1512 2070 lta
1527 2047 1583 2071 au.
1604 2038 1695 2070 1419
1714 2035 1886 2078 Chuffart,
1902 2035 1976 2082 jam
1993 2046 2099 2070 cano—

231 2106 332 2142 nicus
355 2107 589 2151 Belvacensis,
604 2108 855 2143 canonicatum
875 2112 909 2143 et
922 2108 1163 2155 praebendam
1178 2109 1395 2143 Tornaceus.
1410 2118 1551 2142 necnon
1570 2106 1901 2142 archidiaconatum
1916 2106 2094 2141 Gandeus.

231 2177 397 2225 recepit2.
434 2181 500 2213 An.
541 2181 627 2214 1421
656 2179 888 2226 capellaniam
911 2183 1118 2226 perpetuam
1135 2179 1179 2214 ad
1203 2179 1312 2214 altare
1346 2180 1381 2214 S.
1409 2178 1579 2213 Ludovici
1606 2178 1642 2213 in
1665 2177 1860 2224 parochiali
1882 2177 2033 2213 ecclesia
2055 2178 2096 2213 de

232 2249 435 2296 Savigniaco
451 2249 602 2296 Templi,
617 2250 827 2285 Senouensis
844 2250 956 2286 dioec.
967 2280 974 2294 ,
990 2251 1089 2298 petit,
1117 2264 1131 2282 «
1148 2262 1220 2286 non
1235 2249 1456 2285 obstantibus
1472 2248 1738 2284 canonicatibus
1754 2249 1943 2283 Parisicus.
1963 2252 1998 2283 61
2013 2250 2097 2283 Tor-

230 2331 391 2364 naceus.,
411 2324 445 2356 et
461 2321 608 2367 paroch.
624 2321 774 2357 ecclesia
793 2323 828 2357 S.
848 2321 1074 2357 Geriliani¹clc
1091 2321 1220 2357 Castris
1247 2320 1367 2368 [hodie
1380 2321 1553 2368 Arpajon]
1574 2320 1683 2355 Paris.
1701 2320 1834 2363 dioec„
1861 2320 2027 2367 quodque
2052 2320 2096 2355 de

226 2391 516 2427 archidiaconatu
534 2392 570 2426 in
583 2392 735 2428 ecclesia
746 2395 963 2428 Tornaceus.
984 2393 1096 2440 litigat
1113 2396 1146 2428 et
1162 2394 1199 2428 in
1215 2393 1320 2428 certis
1337 2392 1551 2428 canonicatu
1568 2395 1602 2427 et
1615 2391 1817 2438 praebenda
1834 2391 1868 2425 iu
1887 2391 2090 2426 Belvacens.

227 2462 449 2510 ecclesiajus
463 2463 596 2499 habere
611 2464 809 2511 praetendit
827 2465 878 2499 »3.
903 2466 1050 2500 Summa
1076 2464 1254 2500 fructuum
1281 2464 1323 2499 ad
1351 2467 1420 2499 200
1436 2464 1515 2498 ssor.
1548 2463 1624 2498 auri
1640 2462 1867 2498 ascendebat.
1894 2465 1960 2498 An.
1984 2466 2089 2505 1436,

228 2534 338 2581 Sept..
358 2534 508 2570 ecclesia
527 2536 672 2582 paroch.
703 2536 746 2571 de
777 2536 955 2571 Doiuvilla
978 2538 1229 2583 RotomagenS.
1258 2535 1374 2571 dioec.
1408 2535 1613 2571 auctoritate
1637 2534 1815 2569 ordinaria
1837 2535 1912 2581 jam
1933 2535 2092 2581 provisus

225 2605 333 2641 erat'‘.
351 2607 418 2641 An.
444 2609 549 2650 1441,
573 2607 653 2642 Maii
670 2609 728 2651 20,
749 2607 1011 2655 sexagenarius,
1034 2607 1133 2643 senio
1159 2607 1375 2651 confractus,
1411 2621 1425 2638 «
1444 2606 1609 2653 gravique
1632 2605 1837 2640 infirmitate
1865 2606 2032 2641 detentus
2052 2622 2087 2648 »,

318 2769 339 2793 l.
355 2770 404 2795 An.
421 2769 481 2793 1443
495 2771 521 2793 61
537 2770 596 2793 1445
611 2769 637 2793 in
652 2770 743 2802 Suppl.
757 2771 853 2802 Eugen.
870 2771 916 2801 IV,
933 2772 964 2795 11ῐὲἶ
977 2771 1031 2800 385,
1048 2771 1092 2794 sol.
1110 2771 1180 2800 190b;
1197 2771 1251 2800 399,
1268 2770 1311 2794 sol.
1328 2770 1393 2794 163³).

315 2813 339 2837 2.
356 2814 419 2845 Reg.
431 2814 488 2838 Lat.
500 2815 579 2838 Mart.
594 2815 627 2844 V,
643 2820 671 2838 n⁰
685 2815 740 2845 201,
757 2815 799 2839 sol.
817 2816 855 2839 84.

314 2857 338 2882 3.
353 2858 443 2890 Suppl.
460 2859 539 2883 Mart.
555 2859 588 2889 V,
605 2864 634 2882 n⁰
647 2859 699 2889 150,
716 2859 760 2883 101.
780 2860 843 2883 17512.

315 2903 339 2926 4.
355 2903 446 2935 Suppl.
461 2903 561 2934 Eugcn.
577 2904 622 2933 IV,
639 2909 667 2927 no
681 2904 735 2929 320.
753 2904 796 2927 sol.
813 2905 852 2928 85.
