2502 3418
386 319 451 353 772
963 328 1288 352 CHARTULARUJM
1324 330 1518 352 umvsns.
1556 330 1688 352 PARIS.

390 394 2263 419 Q

388 449 446 471 2431
524 445 590 471 1433
675 446 736 469 Maii
751 446 839 469 T-Jun.
856 448 869 470 8
909 448 935 469 ln
949 447 1116 471 Parlamento
1129 449 1162 471 lis
1176 449 1244 472 inter
1257 449 1463 473 Universitatem
1482 458 1512 472 ac
1526 449 1586 472 Joh.
1604 449 1694 472 Saliou
1714 449 1746 472 de
1763 448 1898 471 beneficiis
1911 447 2070 471 alternativa
2085 446 2174 470 distri-

938 491 1046 515 butione
1061 493 1226 516 conferendis
1235 508 2171 518 .....................................
2218 492 2263 515 552

388 555 449 578 2432
546 567 573 570 —
694 553 767 576 Junii
782 554 805 583 9,
823 554 851 577 15
906 554 1039 578 =lohannes
1054 555 1147 583 Godin,
1164 556 1310 587 gordianus
1333 557 1393 580 frat.
1414 556 1476 581 Min.
1493 556 1612 584 Parisiis,
1632 555 1790 579 cancellario
1812 555 1898 579 Paris.
1920 556 2114 586 praesentatur.
2137 553 2173 576 De

937 599 1051 630 prandio
1066 600 1137 630 apud
1150 600 1263 623 Minores
1279 600 1416 624 occasione
1429 600 1575 632 magisterii
1591 600 1706 624 Anselmi
1722 602 1824 631 Appart
1830 614 2173 624 ..............
2218 598 2263 626 552

389 663 449 685 2433
545 674 573 676 -
702 660 814 691 Augusti
828 661 842 683 8
909 661 1072 684 Universitas
1085 661 1112 684 in
1124 662 1291 685 Parlamento
1304 670 1332 685 se
1345 662 1440 685 iterum
1456 670 1545 685 severe
1554 662 1665 693 opponit
1677 661 1837 685 ordinationi
1851 661 1936 693 regali
1949 661 1981 684 de
1993 660 2173 692 redemptione

939 705 1067 728 bonorum
1084 706 1256 729 ecclesiarum
1272 709 1297 729 et
1313 706 1485 737 collegiorum
1490 721 2171 731 ...........................
2218 705 2264 728 553

389 770 450 792 2434
486 765 637 792 14324433
695 768 844 798 Now-Sept.
907 767 1034 790 Cursor-es
1048 767 1074 790 in
1088 768 1213 791 facultate
1230 768 1380 799 theologiae
1389 783 2172 793 ...............................
2218 767 2265 790 554

389 833 450 855 2435
524 828 590 854 1433
696 830 850 860 Septembre
908 830 1075 853 Sententiarii
1090 833 1115 853 et
1130 829 1224 853 Biblici
1240 830 1402 854 Parisienses
1415 846 2173 855 ..............................
2218 829 2264 852 554

388 895 450 918 2436
548 905 573 908 —
757 906 785 910 —
908 891 1028 922 Magistri
1042 895 1163 923 regentes
1179 892 1312 915 facultatis
1326 892 1475 924 theologiae
1493 908 2172 917 ...........................
2219 885 2264 914 555

388 959 448 981 2437
544 969 573 972 -
697 954 819 978 Octobris
835 956 848 977 8
908 954 967 977 Fac.
985 954 1150 977 decretorum
1164 955 1266 977 confert
1278 954 1393 978 Johanui
1409 955 1444 978 du
1460 955 1593 978 Chastelet
1610 955 1785 986 capellaniam
1798 954 1824 978 in
1837 954 1947 978 ecclesia
1961 955 1988 978 S.
2002 954 2097 977 Hilarii
2114 971 2120 977 .
2140 971 2146 977 .
2166 970 2172 977 .
2219 954 2264 990 555

388 1021 449 1044 2438
544 1032 574 1035 —-
679 1017 835 1040 Novembris
851 1018 865 1040 3
908 1016 1027 1047 Magistri
1043 1020 1163 1047 regentes
1177 1016 1203 1039 in
1219 1016 1344 1040 facultate
1358 1017 1504 1040 medicinae
1518 1025 1561 1041 an.
1582 1018 1684 1040 1433-34
1702 1032 2172 1042 ...................
2218 1015 2264 1049 556

388 1083 449 1105 2439
546 1094 571 1097 —-
736 1093 765 1096 —
835 1079 864 1102 12
907 1080 976 1110 Mag.
990 1079 1148 1103 Guillelmus
1160 1079 1255 1102 Erardi
1268 1079 1294 1102 in
1305 1080 1471 1103 Parlamento
1486 1083 1578 1103 contra
1588 1080 1746 1103 erectionem
1756 1080 1837 1103 studii
1848 1080 1989 1103 Cadomen.
2000 1081 2174 1111 protestatur.
2219 1078 2265 1101 55⁶

388 1146 449 1168 2440
546 1156 571 1159 —
675 1141 825 1164 Decembris
842 1142 871 1164 22
907 1141 1055 1173 Episcopus
1080 1142 1216 1170 Meldens.,
1241 1146 1412 1166 conservator
1433 1142 1636 1174 privilegiorum
1663 1142 1861 1172 Universitatis,
1885 1145 1911 1166 et
1929 1142 1986 1174 ejus
2007 1141 2174 1173 vicesgerens

937 1186 1070 1209 Johanncs
1087 1186 1118 1209 de
1134 1186 1278 1210 Courcellis
1299 1190 1390 1210 contra
1411 1187 1557 1211 Johannem
1579 1187 1689 1211 liuberti
1712 1187 1775 1210 olim
1797 1187 2013 1218 vicesgerentem,
2037 1187 2064 1209 in
2087 1186 2175 1210 Parla-

937 1234 1033 1255 mento.
1047 1231 1220 1262 Explicantur
1230 1231 1292 1263 jura
1308 1232 1502 1255 conservatoris
1521 1247 2173 1256 ..........................
2220 1229 2266 1254 556

388 1301 445 1323 2441
543 1311 573 1315 -
737 1311 768 1315 —
842 1298 870 1320 24
907 1297 1055 1328 Episcopus
1070 1297 1248 1328 Ambiauens.y
1263 1301 1358 1326 rector,
1373 1299 1493 1322 doctores
1506 1301 1532 1322 et
1550 1299 1678 1322 licentiati
1693 1298 1881 1322 Universitatis
1895 1298 1976 1322 Urbis
2000 1301 2026 1322 et
2043 1298 2175 1321 Romanae

939 1342 1028 1365 curiae
1042 1342 1195 1374 supplicant
1210 1343 1327 1374 Eugenio
1344 1343 1386 1373 lv,
1400 1346 1429 1366 ut
1438 1343 1490 1366 sibi
1500 1345 1619 1367 conferat
1631 1343 1833 1375 praerogativas
1849 1343 1930 1366 studii
1941 1342 2073 1367 Parisiens
2089 1359 2096 1365 .
2115 1361 2121 1367 .
2142 1359 2148 1365 .
2167 1359 2174 1365 .
2220 1341 2266 1363 557

388 1412 448 1434 2442
524 1409 592 1434 1434
690 1408 827 1432 Februarii
841 1410 855 1432 6
910 1410 1002 1432 Decem
1013 1409 1132 1441 deputati
1148 1409 1281 1433 facultatis
1297 1410 1376 1434 theol.
1390 1410 1544 1442 congregati
1562 1410 1710 1434 deliberant
1722 1410 1753 1434 de
1768 1410 1954 1434 reformatione
1970 1409 2103 1433 facultatis
2115 1426 2122 1432 .
2143 1426 2149 1432 .
2168 1427 2173 1432 .
2220 1393 2265 1430 5538

388 1479 448 1501 2443
543 1491 574 1494 -
667 1476 877 1499 Fel›.1o-Mart.13
907 1477 1029 1499 Facultas
1045 1476 1190 1499 medicinae
1204 1476 1318 1500 Johanni
1334 1477 1365 1500 de
1380 1477 1459 1507 Mota,
1480 1477 1525 1509 qui
1541 1478 1627 1500 fuerat
1640 1485 1734 1508 regens
1753 1477 1785 1500 de
1799 1485 1876 1500 mane
1898 1476 2013 1508 quinque
2027 1484 2130 1500 menses
2148 1475 2174 1499 in

939 1522 988 1544 fac.
1005 1521 1110 1549 artium,
1128 1529 1207 1552 aegre
1222 1521 1447 1552 dispensationem
1458 1521 1586 1545 concedit.
1598 1522 1669 1554 lpse,
1686 1521 1788 1550 unicus,
1803 1521 1937 1545 licentiam
1951 1520 2046 1552 recipit
2063 1537 2174 1545 .....
2219 1518 2266 1542 558

388 1587 447 1609 2444
545 1597 574 1601 -
708 1583 806 1614 Aprilis
823 1583 833 1605 ‘l
907 1583 1044 1606 Licentiati
1060 1583 1085 1606 in
1099 1583 1224 1606 facultate
1234 1583 1383 1615 theologiae
1386 1600 2173 1608 ...............................
2219 1581 2266 1618 559

388 1649 448 1671 2445
545 1660 571 1663 -
739 1659 767 1662 —-
823 1647 837 1667 ὓ
907 1646 1029 1668 Facultas
1044 1646 1124 1669 theol.
1138 1646 1261 1675 abusum,
1275 1654 1326 1678 quo
1342 1646 1438 1669 bedelli
1455 1646 1588 1670 facultatis
1604 1646 1655 1670 sibi
1675 1646 1847 1670 vindicabant
1860 1654 1973 1677 cappam
1988 1649 2014 1669 et
2028 1645 2174 1678 epitogium

937 1690 1079 1721 cujuslibet
1092 1690 1213 1721 magistri
1229 1691 1308 1714 theol.
1325 1691 1451 1720 defuncti,
1466 1691 1579 1723 abrogat
1597 1707 2173 1716 .......................
2218 1687 2265 1722 559

389 1752 449 1774 2446
545 1768 573 1770 ff
739 1766 768 1770 —-
786 1753 810 1782 4,
824 1752 853 1774 13
907 1753 1044 1780 Quomodo
1059 1753 1234 1776 cancellarius
1250 1761 1264 1776 a
1279 1753 1379 1776 decano
1395 1753 1530 1776 facultatis
1549 1754 1714 1777 decretorum
1730 1754 1847 1777 rotulum
1872 1753 2094 1777 licentiandorum
2111 1752 2175 1776 reci·
2244 1775 2247 1780 ,

938 1797 1004 1828 piat.
1018 1797 1154 1820 Licentiuti
1159 1813 2174 1823 ........................................
2220 1789 2266 1818 55⁹

389 1860 448 1882 2447
547 1874 572 1877 -
737 1872 767 1876 —-
813 1860 843 1882 10
909 1860 1001 1883 Rector
1018 1863 1044 1882 et
1059 1860 1177 1891 deputati
1193 1860 1381 1883 Universitatis
1395 1860 1491 1884 iterum
1506 1860 1532 1883 in
1554 1868 1659 1884 camera
1678 1860 1839 1884 Parlamenti
1861 1868 1888 1883 se
1905 1863 2043 1891 opponunt
2065 1859 2176 1883 ordina-

939 1904 1004 1927 tioni
1018 1914 1031 1925 «
1047 1904 1243 1927 nouvellement
1258 1905 1321 1928 faite
1347 1913 1393 1928 sur
1410 1905 1435 1928 le
1455 1905 1548 1928 rachat
1571 1905 1602 1929 de
1624 1908 1711 1928 rentes
1740 1905 1899 1928 constitueez
1923 1912 1969 1928 sur
1994 1905 2032 1928 les
2057 1904 2175 1928 maisons
2240 1932 2248 1940 Ἰ

940 1949 971 1972 de
986 1949 1011 1971 la
1027 1948 1089 1972 ville
1100 1952 1126 1972 et
1139 1949 1261 1972 forbours
1275 1949 1307 1972 de
1319 1949 1394 1973 Paris
1407 1959 1431 1979 »,
1443 1953 1491 1973 etc.
1520 1966 2174 1975 ..........................
2219 1946 2266 1969 5⁶0

390 2012 450 2034 2448
549 2026 573 2028 -
667 2011 878 2034 Maii26-Jun.2‘.‘
909 2011 1106 2034 Parlamentum
1126 2011 1211 2035 Paris.
1232 2020 1303 2043 mag.
1326 2011 1479 2043 Philippum
1500 2012 1531 2035 de
1556 2012 1630 2044 Vitry
1648 2015 1777 2044 acceptat,
1799 2015 1828 2035 ut
1851 2012 1967 2035 rotulum
1985 2011 2018 2035 ad
2042 2019 2176 2035 summum

938 2056 1090 2087 pontificem
1107 2059 1205 2088 portet,
1221 2056 1243 2079 si
1262 2060 1349 2080 tamen
1373 2056 1443 2080 omni
1457 2057 1635 2080 ambassiatae
1659 2057 1710 2080 sibi
1732 2065 1763 2080 ex
1785 2059 1862 2088 parte
1882 2055 2070 2080 universitatis
2089 2056 2174 2080 Paris.

939 2100 1142 2124 committendae
1153 2101 1285 2124 renuntiet
1287 2118 2070 2126 ...............................
2087 2108 2097 2124 ’.
2116 2119 2122 2124 .
2141 2118 2148 2124 .
2168 2118 2175 2125 .
2220 2093 2264 2121 561

392 2164 451 2185 2449
547 2177 576 2180 -
703 2162 815 2193 Augusti
830 2163 843 2184 8
910 2163 1032 2186 Facultas
1048 2163 1194 2186 medicinae
1206 2163 1421 2187 reformationem
1444 2164 1631 2187 Universitatis
1650 2164 1771 2187 inutilem
1793 2148 2003 2193 declax-atsdum
2028 2166 2128 2186 statuta
2148 2163 2175 2186 in

941 2208 1025 2230 forma
1040 2207 1214 2231 observentur
1233 2225 2175 2233 .....................................
2220 2204 2264 2228 561

392 2271 452 2293 2450
548 2284 576 2287 -
742 2283 769 2286 —
804 2269 880 2291 18-26
910 2270 1033 2293 Facultas
1050 2269 1196 2293 medicinae
1211 2270 1368 2293 beneficium
1384 2271 1517 2302 quoddam
1535 2271 1674 2302 supposito
1690 2270 1804 2294 nationis
1818 2270 1953 2294 Almaniae
1970 2270 2053 2293 tribui
2069 2270 2177 2302 permit-

940 2315 980 2344 tit,
992 2314 1054 2337 dum
1070 2317 1165 2337 turnus
1182 2314 1208 2337 in
1223 2318 1381 2346 perpetuum
1396 2315 1552 2339 observetur
1555 2332 2174 2340 .........................
2220 2312 2265 2335 561

392 2377 450 2399 2451
489 2376 633 2402 1433-1434
701 2377 847 2407 θρα-δορὶ.
909 2377 1036 2400 Cursores
1052 2377 1078 2399 in
1093 2377 1218 2400 facultate
1230 2377 1378 2408 theologiae
1392 2395 1789 2402 ................
1808 2397 1813 2400 .
1834 2394 2175 2401 ..............
2221 2360 2266 2398 56’2

393 2439 453 2462 2452
529 2439 596 2464 1434
698 2438 851 2469 Septembre
910 2439 1069 2462 Sententiari
1083 2442 1109 2462 et
1125 2439 1219 2462 Biblici
1230 2439 1392 2463 Parisienses
1397 2456 2072 2464 ...........................
2092 2460 2096 2464 ,
2117 2456 2123 2462 .
2143 2456 2150 2462 .
2167 2457 2174 2463 .
2221 2437 2266 2467 562

392 2502 452 2524 2453
551 2515 575 2518 -—
670 2500 834 2532 Septembris
854 2501 880 2523 16
910 2501 1031 2532 Magistri
1048 2504 1169 2532 regentes
1185 2501 1211 2524 in
1227 2503 1278 2525 fac.
1293 2502 1363 2526 theol
1367 2518 2175 2527 ................................
2221 2500 2266 2523 563

393 2563 451 2586 2454
549 2576 577 2579 ——
681 2563 745 2586 Nov.
762 2563 867 2586 ineunte
909 2563 1031 2594 Magistri
1048 2566 1169 2594 regentes
1185 2563 1211 2586 in
1228 2564 1353 2587 facultate
1368 2564 1514 2588 medicinae
1529 2573 1572 2588 an.
1584 2565 1686 2588 1434-35
1705 2580 2174 2588 ...................
2210 2561 2266 2585 Ἴ583

392 2625 452 2648 2455
547 2638 577 2641 -
678 2625 828 2648 Decembris
843 2625 868 2647 11
910 2625 1031 2648 Facultas
1047 2626 1196 2657 theologiae
1211 2630 1371 2658 congregata
1384 2635 1465 2658 super
1480 2628 1547 2650 facto
1563 2627 1694 2650 Minorum
1704 2642 2175 2651 ...................
2221 2615 2267 2647 564

392 2687 452 2710 2456
489 2685 631 2710 1433-1434
668 2687 729 2710 Maii
740 2687 880 2710 29-Dce.1s
912 2687 1075 2711 Universitas
1095 2688 1200 2711 cuidam
1219 2689 1339 2720 praelato
1353 2689 1389 2721 §.in
1413 2690 1535 2720 partibus
1555 2689 1740 2718 Normanniae,
1764 2692 1793 2712 ut
1822 2689 1959 2712 libertates
1988 2687 2176 2712 universitatis

940 2731 1039 2755 ibidem
1055 2736 1147 2755 contra
1162 2741 1334 2764 oppressores
1350 2735 1530 2765 [protegantur
1548 2750 1967 2759 .................
1984 2745 1985 2750 =
1987 2749 2175 2756 ........
2220 2731 2267 2754 564

392 2793 452 2815 2457
527 2792 592 2817 1435
715 2793 802 2816 Martii
820 2795 833 2815 S
910 2794 1024 2817 Thomas
1040 2795 1072 2818 de
1088 2795 1232 2826 Ceut-cellis
1255 2796 1405 2820 licentiatus
1426 2796 1452 2820 in
1469 2797 1548 2826 theol.
1577 2811 2176 2821 ........................
2221 2793 2266 2816 564

392 2855 452 2877 2458
549 2867 577 2872 —-
740 2869 768 2872 —-
802 2856 832 2878 26
909 2856 985 2879 Natio
996 2857 1171 2880 Normanuiae
1187 2858 1292 2881 ordinat
1305 2859 1336 2882 de
1348 2859 1530 2883 anniversario
1544 2868 1593 2891 pro
1608 2860 1738 2883 defunctis
1754 2858 1890 2890 magistris
1909 2875 2070 2882 .......
2084 2870 2096 2880 ⁷.
2117 2874 2123 2879 .
2143 2874 2148 2879 .
2169 2873 2175 2879 .
2220 2855 2266 2878 585
