<?xml version="1.0" encoding="UTF-8"?>
<!DOCTYPE html PUBLIC "-//W3C//DTD XHTML 1.0 Transitional//EN"
    "http://www.w3.org/TR/xhtml1/DTD/xhtml1-transitional.dtd">
<html xmlns="http://www.w3.org/1999/xhtml" xml:lang="en" lang="en">
 <head>
  <title>
</title>
<meta http-equiv="Content-Type" content="text/html;charset=utf-8" />
  <meta name='ocr-system' content='tesseract 3.04.00' />
  <meta name='ocr-capabilities' content='ocr_page ocr_carea ocr_par ocr_line ocrx_word'/>
</head>
<body>
  <div class='ocr_page' id='page_1' title='image "./chartulariumuniv04univuoft_0335.png"; bbox 0 0 2502 3418; ppageno 0'>
   <div class='ocr_carea' id='block_1_1' title="bbox 234 329 2093 373">
    <p class='ocr_par' dir='ltr' id='par_1_1' title="bbox 234 329 2093 373">
     <span class='ocr_line' id='line_1_1' title="bbox 234 329 2093 373; baseline 0.003 -8"><span class='ocrx_word' id='word_1_1' title='bbox 234 329 329 366; x_wconf 76' lang='lat'>1414]</span> <span class='ocrx_word' id='word_1_2' title='bbox 577 344 622 365; x_wconf 75' lang='lat' dir='ltr'>AB</span> <span class='ocrx_word' id='word_1_3' title='bbox 656 344 761 366; x_wconf 70' lang='lat' dir='ltr'>ANNo</span> <span class='ocrx_word' id='word_1_4' title='bbox 795 344 1083 366; x_wconf 76' lang='lat' dir='ltr'>MCCCLXXXXIV</span> <span class='ocrx_word' id='word_1_5' title='bbox 1116 345 1246 373; x_wconf 77' lang='lat' dir='ltr'>USQUE</span> <span class='ocrx_word' id='word_1_6' title='bbox 1282 345 1329 366; x_wconf 65' lang='lat' dir='ltr'>AD</span> <span class='ocrx_word' id='word_1_7' title='bbox 1365 345 1502 366; x_wconf 65' lang='lat' dir='ltr'><strong>ANNL&#39;M</strong></span> <span class='ocrx_word' id='word_1_8' title='bbox 1538 345 1741 368; x_wconf 68' lang='lat' dir='ltr'>nocnerit.</span> <span class='ocrx_word' id='word_1_9' title='bbox 2032 338 2093 370; x_wconf 76' lang='lat'>291</span> 
     </span>
    </p>
   </div>
   <div class='ocr_carea' id='block_1_2' title="bbox 229 416 2099 1063">
    <p class='ocr_par' dir='ltr' id='par_1_2' title="bbox 229 416 2099 1063">
     <span class='ocr_line' id='line_1_2' title="bbox 231 416 2092 463; baseline 0.002 -14"><span class='ocrx_word' id='word_1_10' title='bbox 231 416 337 449; x_wconf 88' lang='lat' dir='ltr'>nebat</span> <span class='ocrx_word' id='word_1_11' title='bbox 359 417 638 450; x_wconf 74' lang='lat' dir='ltr'>Universitatem</span> <span class='ocrx_word' id='word_1_12' title='bbox 659 424 694 450; x_wconf 89' lang='lat' dir='ltr'>et</span> <span class='ocrx_word' id='word_1_13' title='bbox 714 418 921 462; x_wconf 83' lang='lat' dir='ltr'>prosecutio</span> <span class='ocrx_word' id='word_1_14' title='bbox 943 418 1181 463; x_wconf 82' lang='lat' dir='ltr'>reparationis</span> <span class='ocrx_word' id='word_1_15' title='bbox 1203 418 1302 451; x_wconf 89' lang='lat' dir='ltr'>illius</span> <span class='ocrx_word' id='word_1_16' title='bbox 1325 425 1400 451; x_wconf 85' lang='lat' dir='ltr'>erat</span> <span class='ocrx_word' id='word_1_17' title='bbox 1419 419 1581 451; x_wconf 89' lang='lat' dir='ltr'>facienda</span> <span class='ocrx_word' id='word_1_18' title='bbox 1603 431 1667 463; x_wconf 92' lang='lat' dir='ltr'>per</span> <span class='ocrx_word' id='word_1_19' title='bbox 1687 426 1794 451; x_wconf 89' lang='lat' dir='ltr'>totam</span> <span class='ocrx_word' id='word_1_20' title='bbox 1817 420 2092 454; x_wconf 77' lang='lat' dir='ltr'>Universitatem</span> 
     </span>
     <span class='ocr_line' id='line_1_3' title="bbox 232 484 2094 531; baseline 0.002 -15"><span class='ocrx_word' id='word_1_21' title='bbox 232 490 397 528; x_wconf 89' lang='lat' dir='ltr'>tanquam</span> <span class='ocrx_word' id='word_1_22' title='bbox 424 484 600 528; x_wconf 85' lang='lat' dir='ltr'>reparatio</span> <span class='ocrx_word' id='word_1_23' title='bbox 632 496 696 517; x_wconf 87' lang='lat' dir='ltr'>sue</span> <span class='ocrx_word' id='word_1_24' title='bbox 727 485 872 529; x_wconf 88' lang='lat' dir='ltr'>proprie</span> <span class='ocrx_word' id='word_1_25' title='bbox 905 485 1038 530; x_wconf 90' lang='lat' dir='ltr'>injurie</span> <span class='ocrx_word' id='word_1_26' title='bbox 1067 491 1102 517; x_wconf 88' lang='lat' dir='ltr'>et</span> <span class='ocrx_word' id='word_1_27' title='bbox 1130 485 1345 530; x_wconf 80' lang='lat' dir='ltr'>gravissime</span> <span class='ocrx_word' id='word_1_28' title='bbox 1373 485 1525 517; x_wconf 77' lang='lat' dir='ltr'>lesionis</span> <span class='ocrx_word' id='word_1_29' title='bbox 1556 485 1612 517; x_wconf 90' lang='lat' dir='ltr'>sui</span> <span class='ocrx_word' id='word_1_30' title='bbox 1641 485 1808 526; x_wconf 78' lang='lat' dir='ltr'>honoris3</span> <span class='ocrx_word' id='word_1_31' title='bbox 1842 493 1873 519; x_wconf 88' lang='lat' dir='ltr'>et</span> <span class='ocrx_word' id='word_1_32' title='bbox 1908 488 2094 531; x_wconf 83' lang='lat' dir='ltr'>potissime</span> 
     </span>
     <span class='ocr_line' id='line_1_4' title="bbox 231 550 2097 597; baseline 0.002 -15"><span class='ocrx_word' id='word_1_33' title='bbox 231 550 367 582; x_wconf 77' lang='lat' dir='ltr'>offensa</span> <span class='ocrx_word' id='word_1_34' title='bbox 390 557 465 583; x_wconf 89' lang='lat' dir='ltr'>erat</span> <span class='ocrx_word' id='word_1_35' title='bbox 484 550 634 583; x_wconf 80' lang='lat' dir='ltr'>facultas</span> <span class='ocrx_word' id='word_1_36' title='bbox 654 551 797 592; x_wconf 90' lang='lat' dir='ltr'>artium,</span> <span class='ocrx_word' id='word_1_37' title='bbox 816 558 884 584; x_wconf 92' lang='lat' dir='ltr'>tam</span> <span class='ocrx_word' id='word_1_38' title='bbox 907 558 1055 596; x_wconf 89' lang='lat' dir='ltr'>propter</span> <span class='ocrx_word' id='word_1_39' title='bbox 1076 551 1251 584; x_wconf 90' lang='lat' dir='ltr'>rationem</span> <span class='ocrx_word' id='word_1_40' title='bbox 1270 558 1478 596; x_wconf 88' lang='lat' dir='ltr'>pretactam,</span> <span class='ocrx_word' id='word_1_41' title='bbox 1496 558 1563 584; x_wconf 87' lang='lat' dir='ltr'>tam</span> <span class='ocrx_word' id='word_1_42' title='bbox 1582 552 1663 596; x_wconf 89' lang='lat' dir='ltr'>quia</span> <span class='ocrx_word' id='word_1_43' title='bbox 1681 559 1799 585; x_wconf 89' lang='lat' dir='ltr'>rector</span> <span class='ocrx_word' id='word_1_44' title='bbox 1816 559 1868 585; x_wconf 89' lang='lat' dir='ltr'>est</span> <span class='ocrx_word' id='word_1_45' title='bbox 1891 553 2097 597; x_wconf 82' lang='lat' dir='ltr'>specialiter</span> 
     </span>
     <span class='ocr_line' id='line_1_5' title="bbox 230 617 2094 663; baseline 0.002 -14"><span class='ocrx_word' id='word_1_46' title='bbox 230 623 335 661; x_wconf 87' lang='lat' dir='ltr'>caput</span> <span class='ocrx_word' id='word_1_47' title='bbox 355 617 532 650; x_wconf 78' lang='lat' dir='ltr'>facultatis</span> <span class='ocrx_word' id='word_1_48' title='bbox 554 618 695 658; x_wconf 88' lang='lat' dir='ltr'>artium,</span> <span class='ocrx_word' id='word_1_49' title='bbox 719 618 969 662; x_wconf 88' lang='lat' dir='ltr'>specialiorem</span> <span class='ocrx_word' id='word_1_50' title='bbox 992 618 1130 651; x_wconf 90' lang='lat' dir='ltr'>habens</span> <span class='ocrx_word' id='word_1_51' title='bbox 1152 625 1356 663; x_wconf 88' lang='lat' dir='ltr'>respectum</span> <span class='ocrx_word' id='word_1_52' title='bbox 1379 618 1421 650; x_wconf 90' lang='lat' dir='ltr'>ad</span> <span class='ocrx_word' id='word_1_53' title='bbox 1444 630 1534 656; x_wconf 87' lang='lat' dir='ltr'>eam,</span> <span class='ocrx_word' id='word_1_54' title='bbox 1556 618 1599 650; x_wconf 92' lang='lat' dir='ltr'>ad</span> <span class='ocrx_word' id='word_1_55' title='bbox 1621 630 1724 662; x_wconf 89' lang='lat' dir='ltr'>quam</span> <span class='ocrx_word' id='word_1_56' title='bbox 1754 625 1891 663; x_wconf 88' lang='lat' dir='ltr'>spectat.</span> <span class='ocrx_word' id='word_1_57' title='bbox 1915 619 2031 663; x_wconf 89' lang='lat' dir='ltr'>ipsum</span> <span class='ocrx_word' id='word_1_58' title='bbox 2059 620 2094 652; x_wconf 93' lang='lat' dir='ltr'>in</span> 
     </span>
     <span class='ocr_line' id='line_1_6' title="bbox 230 683 2096 730; baseline 0.002 -15"><span class='ocrx_word' id='word_1_59' title='bbox 230 683 347 715; x_wconf 82' lang='lat' dir='ltr'>officio</span> <span class='ocrx_word' id='word_1_60' title='bbox 369 684 603 725; x_wconf 88' lang='lat' dir='ltr'>constituere,</span> <span class='ocrx_word' id='word_1_61' title='bbox 626 696 730 729; x_wconf 88' lang='lat' dir='ltr'>quam</span> <span class='ocrx_word' id='word_1_62' title='bbox 753 684 796 717; x_wconf 89' lang='lat' dir='ltr'>ad</span> <span class='ocrx_word' id='word_1_63' title='bbox 818 685 905 718; x_wconf 91' lang='lat' dir='ltr'>alias</span> <span class='ocrx_word' id='word_1_64' title='bbox 930 685 1117 718; x_wconf 81' lang='lat' dir='ltr'>facultates</span> <span class='ocrx_word' id='word_1_65' title='bbox 1141 697 1147 717; x_wconf 82' lang='lat' dir='ltr'>z</span> <span class='ocrx_word' id='word_1_66' title='bbox 1172 691 1393 730; x_wconf 91' lang='lat' dir='ltr'>quapropter</span> <span class='ocrx_word' id='word_1_67' title='bbox 1414 685 1631 729; x_wconf 86' lang='lat' dir='ltr'>requirenda</span> <span class='ocrx_word' id='word_1_68' title='bbox 1660 691 1735 717; x_wconf 91' lang='lat' dir='ltr'>erat</span> <span class='ocrx_word' id='word_1_69' title='bbox 1762 685 1920 729; x_wconf 86' lang='lat' dir='ltr'>predicta</span> <span class='ocrx_word' id='word_1_70' title='bbox 1947 686 2096 718; x_wconf 75' lang='lat' dir='ltr'>facultas</span> 
     </span>
     <span class='ocr_line' id='line_1_7' title="bbox 230 750 2097 796; baseline 0.001 -15"><span class='ocrx_word' id='word_1_71' title='bbox 230 762 272 781; x_wconf 86' lang='lat' dir='ltr'>ex</span> <span class='ocrx_word' id='word_1_72' title='bbox 293 756 391 794; x_wconf 89' lang='lat' dir='ltr'>parte</span> <span class='ocrx_word' id='word_1_73' title='bbox 413 750 570 783; x_wconf 89' lang='lat' dir='ltr'>nationis</span> <span class='ocrx_word' id='word_1_74' title='bbox 592 751 754 792; x_wconf 89' lang='lat' dir='ltr'>Francie,</span> <span class='ocrx_word' id='word_1_75' title='bbox 777 758 954 796; x_wconf 86' lang='lat' dir='ltr'>quatenus</span> <span class='ocrx_word' id='word_1_76' title='bbox 981 758 1181 784; x_wconf 78' lang='lat' dir='ltr'>assumeret</span> <span class='ocrx_word' id='word_1_77' title='bbox 1213 752 1341 784; x_wconf 85' lang='lat' dir='ltr'>sactum</span> <span class='ocrx_word' id='word_1_78' title='bbox 1374 751 1471 784; x_wconf 88' lang='lat' dir='ltr'>istud</span> <span class='ocrx_word' id='word_1_79' title='bbox 1500 758 1663 796; x_wconf 86' lang='lat' dir='ltr'>tanquam</span> <span class='ocrx_word' id='word_1_80' title='bbox 1692 751 1878 796; x_wconf 90' lang='lat' dir='ltr'>proprium</span> <span class='ocrx_word' id='word_1_81' title='bbox 1901 758 1935 784; x_wconf 89' lang='lat' dir='ltr'>et</span> <span class='ocrx_word' id='word_1_82' title='bbox 1955 764 2097 796; x_wconf 83' lang='lat' dir='ltr'>repara-</span> 
     </span>
     <span class='ocr_line' id='line_1_8' title="bbox 231 816 2096 863; baseline 0.001 -15"><span class='ocrx_word' id='word_1_83' title='bbox 231 816 363 848; x_wconf 86' lang='lat' dir='ltr'>tionem</span> <span class='ocrx_word' id='word_1_84' title='bbox 390 816 471 849; x_wconf 87' lang='lat' dir='ltr'>talis</span> <span class='ocrx_word' id='word_1_85' title='bbox 496 817 628 861; x_wconf 85' lang='lat' dir='ltr'>injurie</span> <span class='ocrx_word' id='word_1_86' title='bbox 650 818 822 862; x_wconf 86' lang='lat' dir='ltr'>prosequi</span> <span class='ocrx_word' id='word_1_87' title='bbox 844 818 887 850; x_wconf 88' lang='lat' dir='ltr'>ad</span> <span class='ocrx_word' id='word_1_88' title='bbox 907 818 1082 851; x_wconf 84' lang='lat' dir='ltr'>honorem</span> <span class='ocrx_word' id='word_1_89' title='bbox 1106 830 1210 851; x_wconf 90' lang='lat' dir='ltr'>suum</span> <span class='ocrx_word' id='word_1_90' title='bbox 1233 825 1267 851; x_wconf 90' lang='lat' dir='ltr'>et</span> <span class='ocrx_word' id='word_1_91' title='bbox 1287 818 1397 850; x_wconf 87' lang='lat' dir='ltr'>totius</span> <span class='ocrx_word' id='word_1_92' title='bbox 1415 818 1670 851; x_wconf 77' lang='lat' dir='ltr'>Universitatis</span> <span class='ocrx_word' id='word_1_93' title='bbox 1692 818 1915 863; x_wconf 71' lang='lat' dir='ltr'>dignaretur,</span> <span class='ocrx_word' id='word_1_94' title='bbox 1935 818 2036 851; x_wconf 88' lang='lat' dir='ltr'>etiam</span> <span class='ocrx_word' id='word_1_95' title='bbox 2061 819 2096 850; x_wconf 88' lang='lat' dir='ltr'>in</span> 
     </span>
     <span class='ocr_line' id='line_1_9' title="bbox 230 883 2095 930; baseline 0.001 -15"><span class='ocrx_word' id='word_1_96' title='bbox 230 895 313 915; x_wconf 90' lang='lat' dir='ltr'>casu</span> <span class='ocrx_word' id='word_1_97' title='bbox 336 895 406 927; x_wconf 87' lang='lat' dir='ltr'>quo</span> <span class='ocrx_word' id='word_1_98' title='bbox 429 883 654 916; x_wconf 77' lang='lat' dir='ltr'>Universitas</span> <span class='ocrx_word' id='word_1_99' title='bbox 676 884 712 916; x_wconf 92' lang='lat' dir='ltr'>in</span> <span class='ocrx_word' id='word_1_100' title='bbox 734 896 772 917; x_wconf 91' lang='lat' dir='ltr'>se</span> <span class='ocrx_word' id='word_1_101' title='bbox 794 884 908 917; x_wconf 91' lang='lat' dir='ltr'>nollet</span> <span class='ocrx_word' id='word_1_102' title='bbox 927 885 984 918; x_wconf 77' lang='lat' dir='ltr'>vel</span> <span class='ocrx_word' id='word_1_103' title='bbox 1006 891 1207 930; x_wconf 85' lang='lat' dir='ltr'>tepesceret</span> <span class='ocrx_word' id='word_1_104' title='bbox 1229 885 1266 917; x_wconf 92' lang='lat' dir='ltr'>iu</span> <span class='ocrx_word' id='word_1_105' title='bbox 1287 885 1543 929; x_wconf 78' lang='lat' dir='ltr'>prosecutione</span> <span class='ocrx_word' id='word_1_106' title='bbox 1565 885 1746 929; x_wconf 80' lang='lat' dir='ltr'>condigne</span> <span class='ocrx_word' id='word_1_107' title='bbox 1768 885 2006 929; x_wconf 86' lang='lat' dir='ltr'>reparationis</span> <span class='ocrx_word' id='word_1_108' title='bbox 2027 892 2095 917; x_wconf 88' lang='lat' dir='ltr'>tam</span> 
     </span>
     <span class='ocr_line' id='line_1_10' title="bbox 229 950 2097 996; baseline 0.001 -14"><span class='ocrx_word' id='word_1_109' title='bbox 229 950 361 982; x_wconf 88' lang='lat' dir='ltr'>atrocis</span> <span class='ocrx_word' id='word_1_110' title='bbox 383 950 526 994; x_wconf 88' lang='lat' dir='ltr'>injurie,</span> <span class='ocrx_word' id='word_1_111' title='bbox 550 950 607 983; x_wconf 88' lang='lat' dir='ltr'>cui</span> <span class='ocrx_word' id='word_1_112' title='bbox 629 951 780 992; x_wconf 88' lang='lat' dir='ltr'>scilicet,</span> <span class='ocrx_word' id='word_1_113' title='bbox 802 958 841 984; x_wconf 90' lang='lat' dir='ltr'>ut</span> <span class='ocrx_word' id='word_1_114' title='bbox 861 951 1029 984; x_wconf 84' lang='lat' dir='ltr'>dicebant</span> <span class='ocrx_word' id='word_1_115' title='bbox 1049 951 1307 992; x_wconf 71' lang='lat' dir='ltr'>deliberantes,</span> <span class='ocrx_word' id='word_1_116' title='bbox 1326 963 1397 983; x_wconf 92' lang='lat' dir='ltr'>non</span> <span class='ocrx_word' id='word_1_117' title='bbox 1419 951 1569 996; x_wconf 85' lang='lat' dir='ltr'>contigit</span> <span class='ocrx_word' id='word_1_118' title='bbox 1592 963 1655 996; x_wconf 88' lang='lat' dir='ltr'>par</span> <span class='ocrx_word' id='word_1_119' title='bbox 1674 951 1711 983; x_wconf 90' lang='lat' dir='ltr'>in</span> <span class='ocrx_word' id='word_1_120' title='bbox 1732 963 1923 996; x_wconf 85' lang='lat' dir='ltr'>personam</span> <span class='ocrx_word' id='word_1_121' title='bbox 1946 952 2097 984; x_wconf 79' lang='lat' dir='ltr'>rectoris</span> 
     </span>
     <span class='ocr_line' id='line_1_11' title="bbox 230 1016 2099 1063; baseline 0.002 -15"><span class='ocrx_word' id='word_1_122' title='bbox 230 1028 247 1048; x_wconf 91' lang='lat' dir='ltr'>a</span> <span class='ocrx_word' id='word_1_123' title='bbox 276 1017 353 1049; x_wconf 90' lang='lat' dir='ltr'>suis</span> <span class='ocrx_word' id='word_1_124' title='bbox 381 1016 549 1049; x_wconf 86' lang='lat' dir='ltr'>etatibus.</span> <span class='ocrx_word' id='word_1_125' title='bbox 584 1018 813 1062; x_wconf 88' lang='lat' dir='ltr'>Requirenda</span> <span class='ocrx_word' id='word_1_126' title='bbox 844 1025 962 1051; x_wconf 88' lang='lat' dir='ltr'>tamen</span> <span class='ocrx_word' id='word_1_127' title='bbox 994 1025 1069 1052; x_wconf 91' lang='lat' dir='ltr'>erat</span> <span class='ocrx_word' id='word_1_128' title='bbox 1094 1018 1320 1052; x_wconf 73' lang='lat' dir='ltr'>Universitas</span> <span class='ocrx_word' id='word_1_129' title='bbox 1351 1030 1462 1063; x_wconf 89' lang='lat' dir='ltr'>super</span> <span class='ocrx_word' id='word_1_130' title='bbox 1489 1018 1569 1062; x_wconf 90' lang='lat' dir='ltr'>ipso</span> <span class='ocrx_word' id='word_1_131' title='bbox 1600 1030 1664 1063; x_wconf 89' lang='lat' dir='ltr'>per</span> <span class='ocrx_word' id='word_1_132' title='bbox 1690 1018 1891 1051; x_wconf 80' lang='lat' dir='ltr'>facultatem</span> <span class='ocrx_word' id='word_1_133' title='bbox 1914 1018 2041 1051; x_wconf 89' lang='lat' dir='ltr'>artium</span> <span class='ocrx_word' id='word_1_134' title='bbox 2065 1026 2099 1051; x_wconf 90' lang='lat' dir='ltr'>ct</span> 
     </span>
    </p>
   </div>
   <div class='ocr_carea' id='block_1_3' title="bbox 229 1083 904 1129">
    <p class='ocr_par' dir='ltr' id='par_1_3' title="bbox 229 1083 904 1129">
     <span class='ocr_line' id='line_1_12' title="bbox 229 1083 904 1129; baseline 0.003 -14"><span class='ocrx_word' id='word_1_135' title='bbox 229 1083 436 1128; x_wconf 86' lang='lat' dir='ltr'>specialiter</span> <span class='ocrx_word' id='word_1_136' title='bbox 456 1096 521 1129; x_wconf 88' lang='lat' dir='ltr'>per</span> <span class='ocrx_word' id='word_1_137' title='bbox 540 1084 643 1117; x_wconf 88' lang='lat' dir='ltr'>istam</span> <span class='ocrx_word' id='word_1_138' title='bbox 666 1085 904 1118; x_wconf 88' lang='lat' dir='ltr'>nationem....</span> 
     </span>
    </p>
   </div>
   <div class='ocr_carea' id='block_1_4' title="bbox 226 1181 2099 2095">
    <p class='ocr_par' dir='ltr' id='par_1_4' title="bbox 229 1181 2099 1495">
     <span class='ocr_line' id='line_1_13' title="bbox 318 1181 2099 1228; baseline 0.001 -14"><span class='ocrx_word' id='word_1_139' title='bbox 318 1181 439 1214; x_wconf 88' lang='lat' dir='ltr'>Tertio</span> <span class='ocrx_word' id='word_1_140' title='bbox 461 1188 496 1214; x_wconf 89' lang='lat' dir='ltr'>et</span> <span class='ocrx_word' id='word_1_141' title='bbox 516 1182 764 1227; x_wconf 87' lang='lat' dir='ltr'>principaliter</span> <span class='ocrx_word' id='word_1_142' title='bbox 785 1182 1022 1216; x_wconf 88' lang='lat' dir='ltr'>deliberatum</span> <span class='ocrx_word' id='word_1_143' title='bbox 1044 1183 1111 1216; x_wconf 87' lang='lat' dir='ltr'>fnit</span> <span class='ocrx_word' id='word_1_144' title='bbox 1136 1190 1170 1216; x_wconf 91' lang='lat' dir='ltr'>et</span> <span class='ocrx_word' id='word_1_145' title='bbox 1197 1183 1397 1228; x_wconf 86' lang='lat' dir='ltr'>injunctum</span> <span class='ocrx_word' id='word_1_146' title='bbox 1420 1195 1463 1215; x_wconf 86' lang='lat' dir='ltr'>ex</span> <span class='ocrx_word' id='word_1_147' title='bbox 1493 1189 1591 1227; x_wconf 91' lang='lat' dir='ltr'>parte</span> <span class='ocrx_word' id='word_1_148' title='bbox 1620 1182 1729 1215; x_wconf 86' lang='lat' dir='ltr'>totius</span> <span class='ocrx_word' id='word_1_149' title='bbox 1763 1183 1918 1215; x_wconf 87' lang='lat' dir='ltr'>nationis</span> <span class='ocrx_word' id='word_1_150' title='bbox 1949 1183 2099 1216; x_wconf 80' lang='lat' dir='ltr'>cuilibet</span> 
     </span>
     <span class='ocr_line' id='line_1_14' title="bbox 230 1248 2097 1294; baseline 0.002 -14"><span class='ocrx_word' id='word_1_151' title='bbox 230 1248 420 1292; x_wconf 89' lang='lat' dir='ltr'>supposito</span> <span class='ocrx_word' id='word_1_152' title='bbox 442 1249 604 1293; x_wconf 86' lang='lat' dir='ltr'>ejusdem</span> <span class='ocrx_word' id='word_1_153' title='bbox 628 1249 695 1282; x_wconf 89' lang='lat' dir='ltr'>sub</span> <span class='ocrx_word' id='word_1_154' title='bbox 717 1262 808 1294; x_wconf 91' lang='lat' dir='ltr'>pena</span> <span class='ocrx_word' id='word_1_155' title='bbox 829 1250 1042 1294; x_wconf 83' lang='lat' dir='ltr'>privationis</span> <span class='ocrx_word' id='word_1_156' title='bbox 1064 1250 1107 1283; x_wconf 89' lang='lat' dir='ltr'>ab</span> <span class='ocrx_word' id='word_1_157' title='bbox 1129 1250 1206 1294; x_wconf 90' lang='lat' dir='ltr'>ipsa</span> <span class='ocrx_word' id='word_1_158' title='bbox 1227 1250 1372 1282; x_wconf 91' lang='lat' dir='ltr'>natione</span> <span class='ocrx_word' id='word_1_159' title='bbox 1394 1256 1429 1282; x_wconf 89' lang='lat' dir='ltr'>et</span> <span class='ocrx_word' id='word_1_160' title='bbox 1456 1249 1618 1294; x_wconf 87' lang='lat' dir='ltr'>perjurii,</span> <span class='ocrx_word' id='word_1_161' title='bbox 1642 1261 1686 1281; x_wconf 89' lang='lat' dir='ltr'>ne</span> <span class='ocrx_word' id='word_1_162' title='bbox 1715 1256 1939 1294; x_wconf 83' lang='lat' dir='ltr'>presumeret</span> <span class='ocrx_word' id='word_1_163' title='bbox 1961 1250 2097 1283; x_wconf 84' lang='lat' dir='ltr'>directe</span> 
     </span>
     <span class='ocr_line' id='line_1_15' title="bbox 229 1315 2097 1362; baseline 0.001 -16"><span class='ocrx_word' id='word_1_164' title='bbox 229 1321 290 1347; x_wconf 90' lang='lat' dir='ltr'>aut</span> <span class='ocrx_word' id='word_1_165' title='bbox 311 1315 486 1348; x_wconf 87' lang='lat' dir='ltr'>indirecte</span> <span class='ocrx_word' id='word_1_166' title='bbox 507 1316 681 1360; x_wconf 85' lang='lat' dir='ltr'>prosequi</span> <span class='ocrx_word' id='word_1_167' title='bbox 698 1324 821 1349; x_wconf 87' lang='lat' dir='ltr'>contra</span> <span class='ocrx_word' id='word_1_168' title='bbox 842 1324 1048 1362; x_wconf 86' lang='lat' dir='ltr'>presentem</span> <span class='ocrx_word' id='word_1_169' title='bbox 1067 1316 1365 1349; x_wconf 87' lang='lat' dir='ltr'>deliberationem</span> <span class='ocrx_word' id='word_1_170' title='bbox 1385 1316 1541 1348; x_wconf 87' lang='lat' dir='ltr'>nationis</span> <span class='ocrx_word' id='word_1_171' title='bbox 1559 1323 1593 1348; x_wconf 87' lang='lat' dir='ltr'>ct</span> <span class='ocrx_word' id='word_1_172' title='bbox 1614 1316 1904 1360; x_wconf 83' lang='lat' dir='ltr'>prosecutionem</span> <span class='ocrx_word' id='word_1_173' title='bbox 1928 1317 2044 1361; x_wconf 80' lang='lat' dir='ltr'>ipsius</span> <span class='ocrx_word' id='word_1_174' title='bbox 2062 1317 2097 1349; x_wconf 91' lang='lat' dir='ltr'>iu</span> 
     </span>
     <span class='ocr_line' id='line_1_16' title="bbox 230 1380 2097 1428; baseline 0.001 -15"><span class='ocrx_word' id='word_1_175' title='bbox 230 1380 294 1414; x_wconf 87' lang='lat' dir='ltr'>hac</span> <span class='ocrx_word' id='word_1_176' title='bbox 315 1382 474 1421; x_wconf 89' lang='lat' dir='ltr'>materia,</span> <span class='ocrx_word' id='word_1_177' title='bbox 498 1394 563 1415; x_wconf 86' lang='lat' dir='ltr'>nec</span> <span class='ocrx_word' id='word_1_178' title='bbox 584 1389 719 1428; x_wconf 90' lang='lat' dir='ltr'>partem</span> <span class='ocrx_word' id='word_1_179' title='bbox 743 1383 799 1416; x_wconf 75' lang='lat' dir='ltr'>vel</span> <span class='ocrx_word' id='word_1_180' title='bbox 826 1390 945 1428; x_wconf 88' lang='lat' dir='ltr'>partes</span> <span class='ocrx_word' id='word_1_181' title='bbox 971 1384 1201 1428; x_wconf 87' lang='lat' dir='ltr'>injuriantem</span> <span class='ocrx_word' id='word_1_182' title='bbox 1223 1383 1281 1416; x_wconf 68' lang='lat' dir='ltr'>vel</span> <span class='ocrx_word' id='word_1_183' title='bbox 1308 1383 1523 1427; x_wconf 86' lang='lat' dir='ltr'>injuriantes</span> <span class='ocrx_word' id='word_1_184' title='bbox 1549 1383 1684 1415; x_wconf 85' lang='lat' dir='ltr'>directe</span> <span class='ocrx_word' id='word_1_185' title='bbox 1706 1382 1763 1415; x_wconf 74' lang='lat' dir='ltr'>vel</span> <span class='ocrx_word' id='word_1_186' title='bbox 1789 1383 1964 1415; x_wconf 82' lang='lat' dir='ltr'>indirecte</span> <span class='ocrx_word' id='word_1_187' title='bbox 1986 1383 2097 1416; x_wconf 77' lang='lat' dir='ltr'>verbo</span> 
     </span>
     <span class='ocr_line' id='line_1_17' title="bbox 229 1448 2037 1495; baseline 0.001 -15"><span class='ocrx_word' id='word_1_188' title='bbox 229 1448 285 1480; x_wconf 81' lang='lat' dir='ltr'>vel</span> <span class='ocrx_word' id='word_1_189' title='bbox 306 1448 396 1481; x_wconf 86' lang='lat' dir='ltr'>sacto</span> <span class='ocrx_word' id='word_1_190' title='bbox 418 1449 554 1491; x_wconf 78' lang='lat' dir='ltr'>fovere,</span> <span class='ocrx_word' id='word_1_191' title='bbox 577 1450 776 1483; x_wconf 86' lang='lat' dir='ltr'>secundum</span> <span class='ocrx_word' id='word_1_192' title='bbox 800 1451 897 1495; x_wconf 85' lang='lat' dir='ltr'>quod</span> <span class='ocrx_word' id='word_1_193' title='bbox 919 1451 1172 1495; x_wconf 85' lang='lat' dir='ltr'>unusquisque</span> <span class='ocrx_word' id='word_1_194' title='bbox 1190 1451 1374 1495; x_wconf 80' lang='lat' dir='ltr'>juraverat</span> <span class='ocrx_word' id='word_1_195' title='bbox 1396 1450 1431 1482; x_wconf 88' lang='lat' dir='ltr'>in</span> <span class='ocrx_word' id='word_1_196' title='bbox 1453 1450 1646 1494; x_wconf 88' lang='lat' dir='ltr'>adeptione</span> <span class='ocrx_word' id='word_1_197' title='bbox 1668 1449 1802 1494; x_wconf 83' lang='lat' dir='ltr'>gradus</span> <span class='ocrx_word' id='word_1_198' title='bbox 1825 1450 2037 1495; x_wconf 79' lang='lat' dir='ltr'>magisterii.</span> 
     </span>
    </p>

    <p class='ocr_par' dir='ltr' id='par_1_5' title="bbox 227 1515 2099 1959">
     <span class='ocr_line' id='line_1_18' title="bbox 318 1515 2099 1562; baseline 0.001 -15"><span class='ocrx_word' id='word_1_199' title='bbox 318 1515 452 1558; x_wconf 89' lang='lat' dir='ltr'>Quarto</span> <span class='ocrx_word' id='word_1_200' title='bbox 475 1516 689 1550; x_wconf 84' lang='lat' dir='ltr'>deliberavit</span> <span class='ocrx_word' id='word_1_201' title='bbox 709 1517 881 1550; x_wconf 76' lang='lat' dir='ltr'>assistere</span> <span class='ocrx_word' id='word_1_202' title='bbox 903 1517 1060 1562; x_wconf 83' lang='lat' dir='ltr'>siugulis</span> <span class='ocrx_word' id='word_1_203' title='bbox 1083 1517 1284 1562; x_wconf 83' lang='lat' dir='ltr'>suppositis</span> <span class='ocrx_word' id='word_1_204' title='bbox 1306 1517 1397 1558; x_wconf 86' lang='lat' dir='ltr'>suis,</span> <span class='ocrx_word' id='word_1_205' title='bbox 1420 1523 1477 1549; x_wconf 89' lang='lat' dir='ltr'>aut</span> <span class='ocrx_word' id='word_1_206' title='bbox 1504 1516 1584 1548; x_wconf 86' lang='lat' dir='ltr'>aliis</span> <span class='ocrx_word' id='word_1_207' title='bbox 1606 1516 1913 1561; x_wconf 83' lang='lat' dir='ltr'>prosequentibus</span> <span class='ocrx_word' id='word_1_208' title='bbox 1934 1517 1991 1549; x_wconf 80' lang='lat' dir='ltr'>vel</span> <span class='ocrx_word' id='word_1_209' title='bbox 2016 1529 2099 1561; x_wconf 91' lang='lat' dir='ltr'>pro-</span> 
     </span>
     <span class='ocr_line' id='line_1_19' title="bbox 229 1582 2096 1628; baseline 0.002 -15"><span class='ocrx_word' id='word_1_210' title='bbox 229 1582 439 1626; x_wconf 89' lang='lat' dir='ltr'>sequuturis</span> <span class='ocrx_word' id='word_1_211' title='bbox 461 1582 565 1615; x_wconf 88' lang='lat' dir='ltr'>istam</span> <span class='ocrx_word' id='word_1_212' title='bbox 586 1583 825 1616; x_wconf 84' lang='lat' dir='ltr'>materiam....</span> <span class='ocrx_word' id='word_1_213' title='bbox 850 1586 891 1616; x_wconf 87' lang='lat' dir='ltr'>Et</span> <span class='ocrx_word' id='word_1_214' title='bbox 913 1584 1013 1617; x_wconf 87' lang='lat' dir='ltr'>dedit</span> <span class='ocrx_word' id='word_1_215' title='bbox 1033 1596 1075 1616; x_wconf 86' lang='lat' dir='ltr'>ex</span> <span class='ocrx_word' id='word_1_216' title='bbox 1096 1596 1191 1616; x_wconf 88' lang='lat' dir='ltr'>nuuc</span> <span class='ocrx_word' id='word_1_217' title='bbox 1214 1583 1437 1628; x_wconf 87' lang='lat' dir='ltr'>procuratori</span> <span class='ocrx_word' id='word_1_218' title='bbox 1460 1590 1493 1615; x_wconf 91' lang='lat' dir='ltr'>et</span> <span class='ocrx_word' id='word_1_219' title='bbox 1514 1583 1623 1615; x_wconf 89' lang='lat' dir='ltr'>certis</span> <span class='ocrx_word' id='word_1_220' title='bbox 1645 1583 1837 1627; x_wconf 78' lang='lat' dir='ltr'>deputatiS,</span> <span class='ocrx_word' id='word_1_221' title='bbox 1862 1595 1953 1627; x_wconf 90' lang='lat' dir='ltr'>quos</span> <span class='ocrx_word' id='word_1_222' title='bbox 1975 1595 2096 1616; x_wconf 87' lang='lat' dir='ltr'>secum</span> 
     </span>
     <span class='ocr_line' id='line_1_20' title="bbox 228 1648 2096 1695; baseline 0.001 -15"><span class='ocrx_word' id='word_1_223' title='bbox 228 1648 334 1681; x_wconf 87' lang='lat' dir='ltr'>vellet</span> <span class='ocrx_word' id='word_1_224' title='bbox 357 1660 555 1691; x_wconf 87' lang='lat' dir='ltr'>assumere,</span> <span class='ocrx_word' id='word_1_225' title='bbox 579 1656 791 1694; x_wconf 88' lang='lat' dir='ltr'>potestatem</span> <span class='ocrx_word' id='word_1_226' title='bbox 815 1657 850 1683; x_wconf 90' lang='lat' dir='ltr'>et</span> <span class='ocrx_word' id='word_1_227' title='bbox 869 1651 1115 1683; x_wconf 87' lang='lat' dir='ltr'>auctoritatem</span> <span class='ocrx_word' id='word_1_228' title='bbox 1138 1663 1181 1683; x_wconf 84' lang='lat' dir='ltr'>ex</span> <span class='ocrx_word' id='word_1_229' title='bbox 1207 1657 1305 1695; x_wconf 90' lang='lat' dir='ltr'>parte</span> <span class='ocrx_word' id='word_1_230' title='bbox 1327 1650 1443 1694; x_wconf 89' lang='lat' dir='ltr'>ipsius</span> <span class='ocrx_word' id='word_1_231' title='bbox 1465 1649 1711 1694; x_wconf 90' lang='lat' dir='ltr'>prosequendi</span> <span class='ocrx_word' id='word_1_232' title='bbox 1738 1661 1890 1694; x_wconf 87' lang='lat' dir='ltr'>presens</span> <span class='ocrx_word' id='word_1_233' title='bbox 1912 1650 2096 1695; x_wconf 84' lang='lat' dir='ltr'>negotium</span> 
     </span>
     <span class='ocr_line' id='line_1_21' title="bbox 228 1715 2097 1761; baseline 0.002 -15"><span class='ocrx_word' id='word_1_234' title='bbox 228 1721 262 1746; x_wconf 88' lang='lat' dir='ltr'>et</span> <span class='ocrx_word' id='word_1_235' title='bbox 283 1716 512 1759; x_wconf 89' lang='lat' dir='ltr'>proponendi</span> <span class='ocrx_word' id='word_1_236' title='bbox 534 1717 627 1761; x_wconf 87' lang='lat' dir='ltr'>apud</span> <span class='ocrx_word' id='word_1_237' title='bbox 651 1729 772 1761; x_wconf 84' lang='lat' dir='ltr'>regem</span> <span class='ocrx_word' id='word_1_238' title='bbox 802 1724 836 1750; x_wconf 86' lang='lat' dir='ltr'>ct.</span> <span class='ocrx_word' id='word_1_239' title='bbox 866 1718 1033 1749; x_wconf 86' lang='lat' dir='ltr'>dominos</span> <span class='ocrx_word' id='word_1_240' title='bbox 1067 1717 1215 1750; x_wconf 86' lang='lat' dir='ltr'>Francie</span> <span class='ocrx_word' id='word_1_241' title='bbox 1249 1717 1285 1749; x_wconf 93' lang='lat' dir='ltr'>in</span> <span class='ocrx_word' id='word_1_242' title='bbox 1318 1716 1539 1761; x_wconf 90' lang='lat' dir='ltr'>parlamento</span> <span class='ocrx_word' id='word_1_243' title='bbox 1571 1722 1606 1748; x_wconf 86' lang='lat' dir='ltr'>ct</span> <span class='ocrx_word' id='word_1_244' title='bbox 1634 1715 1898 1760; x_wconf 86' lang='lat' dir='ltr'>ubicunque....</span> <span class='ocrx_word' id='word_1_245' title='bbox 1934 1717 2097 1761; x_wconf 90' lang='lat' dir='ltr'>Precepit</span> 
     </span>
     <span class='ocr_line' id='line_1_22' title="bbox 228 1782 2097 1829; baseline 0.001 -16"><span class='ocrx_word' id='word_1_246' title='bbox 228 1793 372 1826; x_wconf 90' lang='lat' dir='ltr'>quoque</span> <span class='ocrx_word' id='word_1_247' title='bbox 395 1782 551 1827; x_wconf 86' lang='lat' dir='ltr'>singulis</span> <span class='ocrx_word' id='word_1_248' title='bbox 580 1784 763 1828; x_wconf 84' lang='lat' dir='ltr'>magistris</span> <span class='ocrx_word' id='word_1_249' title='bbox 785 1784 821 1816; x_wconf 91' lang='lat' dir='ltr'>in</span> <span class='ocrx_word' id='word_1_250' title='bbox 850 1784 1033 1829; x_wconf 88' lang='lat' dir='ltr'>theologia</span> <span class='ocrx_word' id='word_1_251' title='bbox 1062 1784 1106 1816; x_wconf 91' lang='lat' dir='ltr'>de</span> <span class='ocrx_word' id='word_1_252' title='bbox 1139 1784 1217 1828; x_wconf 87' lang='lat' dir='ltr'>ipsa</span> <span class='ocrx_word' id='word_1_253' title='bbox 1245 1784 1389 1816; x_wconf 87' lang='lat' dir='ltr'>natione</span> <span class='ocrx_word' id='word_1_254' title='bbox 1423 1795 1487 1827; x_wconf 92' lang='lat' dir='ltr'>per</span> <span class='ocrx_word' id='word_1_255' title='bbox 1514 1794 1618 1815; x_wconf 87' lang='lat' dir='ltr'>suum</span> <span class='ocrx_word' id='word_1_256' title='bbox 1647 1783 1904 1826; x_wconf 83' lang='lat' dir='ltr'>juramentum,</span> <span class='ocrx_word' id='word_1_257' title='bbox 1928 1783 2097 1827; x_wconf 83' lang='lat' dir='ltr'>quatinus</span> 
     </span>
     <span class='ocr_line' id='line_1_23' title="bbox 228 1848 2095 1895; baseline 0.001 -15"><span class='ocrx_word' id='word_1_258' title='bbox 228 1848 338 1892; x_wconf 86' lang='lat' dir='ltr'>parati</span> <span class='ocrx_word' id='word_1_259' title='bbox 369 1856 493 1881; x_wconf 85' lang='lat' dir='ltr'>essent</span> <span class='ocrx_word' id='word_1_260' title='bbox 521 1850 564 1882; x_wconf 88' lang='lat' dir='ltr'>ad</span> <span class='ocrx_word' id='word_1_261' title='bbox 595 1851 871 1895; x_wconf 87' lang='lat' dir='ltr'>proponendum</span> <span class='ocrx_word' id='word_1_262' title='bbox 902 1851 937 1883; x_wconf 92' lang='lat' dir='ltr'>in</span> <span class='ocrx_word' id='word_1_263' title='bbox 970 1851 1037 1884; x_wconf 88' lang='lat' dir='ltr'>ista</span> <span class='ocrx_word' id='word_1_264' title='bbox 1067 1851 1226 1892; x_wconf 90' lang='lat' dir='ltr'>materia,</span> <span class='ocrx_word' id='word_1_265' title='bbox 1259 1850 1548 1895; x_wconf 86' lang='lat' dir='ltr'>quotiescunque</span> <span class='ocrx_word' id='word_1_266' title='bbox 1580 1855 1703 1881; x_wconf 83' lang='lat' dir='ltr'>essent</span> <span class='ocrx_word' id='word_1_267' title='bbox 1734 1861 1798 1894; x_wconf 88' lang='lat' dir='ltr'>per</span> <span class='ocrx_word' id='word_1_268' title='bbox 1826 1857 2095 1893; x_wconf 86' lang='lat' dir='ltr'>procuratorem</span> 
     </span>
     <span class='ocr_line' id='line_1_24' title="bbox 227 1915 406 1959; baseline 0.011 -13"><span class='ocrx_word' id='word_1_269' title='bbox 227 1915 406 1959; x_wconf 86' lang='lat' dir='ltr'>requisiti.</span> 
     </span>
    </p>

    <p class='ocr_par' dir='ltr' id='par_1_6' title="bbox 226 1982 2097 2095">
     <span class='ocr_line' id='line_1_25' title="bbox 316 1982 2095 2030; baseline 0.001 -16"><span class='ocrx_word' id='word_1_270' title='bbox 316 1982 450 2024; x_wconf 86' lang='lat' dir='ltr'>Quinto</span> <span class='ocrx_word' id='word_1_271' title='bbox 472 1990 507 2016; x_wconf 92' lang='lat' dir='ltr'>et</span> <span class='ocrx_word' id='word_1_272' title='bbox 533 1983 689 2016; x_wconf 86' lang='lat' dir='ltr'>finaliter</span> <span class='ocrx_word' id='word_1_273' title='bbox 709 1985 864 2029; x_wconf 84' lang='lat' dir='ltr'>injunxit</span> <span class='ocrx_word' id='word_1_274' title='bbox 894 1984 1040 2017; x_wconf 85' lang='lat' dir='ltr'>cuilibet</span> <span class='ocrx_word' id='word_1_275' title='bbox 1073 1984 1262 2030; x_wconf 88' lang='lat' dir='ltr'>supposito</span> <span class='ocrx_word' id='word_1_276' title='bbox 1291 1983 1461 2024; x_wconf 84' lang='lat' dir='ltr'>nationis,</span> <span class='ocrx_word' id='word_1_277' title='bbox 1484 1995 1529 2015; x_wconf 91' lang='lat' dir='ltr'>ne</span> <span class='ocrx_word' id='word_1_278' title='bbox 1551 1982 1716 2027; x_wconf 88' lang='lat' dir='ltr'>cuiquam</span> <span class='ocrx_word' id='word_1_279' title='bbox 1739 1989 1834 2015; x_wconf 85' lang='lat' dir='ltr'>extra</span> <span class='ocrx_word' id='word_1_280' title='bbox 1857 1983 2037 2015; x_wconf 86' lang='lat' dir='ltr'>nationem</span> <span class='ocrx_word' id='word_1_281' title='bbox 2060 1984 2095 2015; x_wconf 92' lang='lat' dir='ltr'>in</span> 
     </span>
     <span class='ocr_line' id='line_1_26' title="bbox 226 2049 2097 2095; baseline 0.001 -15"><span class='ocrx_word' id='word_1_282' title='bbox 226 2049 467 2093; x_wconf 88' lang='lat' dir='ltr'>prejudicium</span> <span class='ocrx_word' id='word_1_283' title='bbox 502 2050 610 2095; x_wconf 89' lang='lat' dir='ltr'>hujus</span> <span class='ocrx_word' id='word_1_284' title='bbox 646 2064 752 2084; x_wconf 86' lang='lat' dir='ltr'>cause</span> <span class='ocrx_word' id='word_1_285' title='bbox 788 2051 962 2085; x_wconf 79' lang='lat' dir='ltr'>revelaret</span> <span class='ocrx_word' id='word_1_286' title='bbox 999 2051 1196 2084; x_wconf 87' lang='lat' dir='ltr'>deliberata</span> <span class='ocrx_word' id='word_1_287' title='bbox 1232 2057 1263 2083; x_wconf 89' lang='lat' dir='ltr'>ct</span> <span class='ocrx_word' id='word_1_288' title='bbox 1301 2050 1470 2083; x_wconf 83' lang='lat' dir='ltr'>conclusa</span> <span class='ocrx_word' id='word_1_289' title='bbox 1504 2056 1564 2082; x_wconf 87' lang='lat' dir='ltr'>aut</span> <span class='ocrx_word' id='word_1_290' title='bbox 1602 2050 1707 2082; x_wconf 86' lang='lat' dir='ltr'>ctiam</span> <span class='ocrx_word' id='word_1_291' title='bbox 1744 2050 1998 2094; x_wconf 89' lang='lat' dir='ltr'>prosequenda</span> <span class='ocrx_word' id='word_1_292' title='bbox 2032 2063 2097 2094; x_wconf 80' lang='lat' dir='ltr'>per</span> 
     </span>
    </p>
   </div>
   <div class='ocr_carea' id='block_1_5' title="bbox 226 2115 465 2149">
    <p class='ocr_par' dir='ltr' id='par_1_7' title="bbox 226 2115 465 2149">
     <span class='ocr_line' id='line_1_27' title="bbox 226 2115 465 2149; baseline 0.008 -2"><span class='ocrx_word' id='word_1_293' title='bbox 226 2115 406 2148; x_wconf 86' lang='lat' dir='ltr'>nationem</span> <span class='ocrx_word' id='word_1_294' title='bbox 415 2143 420 2148; x_wconf 94' lang='lat'>.</span> <span class='ocrx_word' id='word_1_295' title='bbox 430 2143 435 2148; x_wconf 92' lang='lat'><em>.</em></span> <span class='ocrx_word' id='word_1_296' title='bbox 445 2143 465 2149; x_wconf 93' lang='lat'>..</span> 
     </span>
    </p>
   </div>
   <div class='ocr_carea' id='block_1_6' title="bbox 223 2218 2094 2867">
    <p class='ocr_par' dir='ltr' id='par_1_8' title="bbox 223 2218 2094 2867">
     <span class='ocr_line' id='line_1_28' title="bbox 315 2218 2092 2266; baseline 0 -16"><span class='ocrx_word' id='word_1_297' title='bbox 315 2219 417 2251; x_wconf 87' lang='lat' dir='ltr'>Circa</span> <span class='ocrx_word' id='word_1_298' title='bbox 439 2220 621 2252; x_wconf 83' lang='lat' dir='ltr'>materiam</span> <span class='ocrx_word' id='word_1_299' title='bbox 644 2221 804 2265; x_wconf 88' lang='lat' dir='ltr'>predicte</span> <span class='ocrx_word' id='word_1_300' title='bbox 826 2222 946 2266; x_wconf 77' lang='lat' dir='ltr'>gravis</span> <span class='ocrx_word' id='word_1_301' title='bbox 968 2221 1099 2266; x_wconf 87' lang='lat' dir='ltr'>injurie</span> <span class='ocrx_word' id='word_1_302' title='bbox 1117 2220 1351 2253; x_wconf 83' lang='lat' dir='ltr'>conformiter</span> <span class='ocrx_word' id='word_1_303' title='bbox 1367 2220 1410 2252; x_wconf 90' lang='lat' dir='ltr'>ad</span> <span class='ocrx_word' id='word_1_304' title='bbox 1432 2219 1601 2264; x_wconf 87' lang='lat' dir='ltr'>superius</span> <span class='ocrx_word' id='word_1_305' title='bbox 1623 2218 1818 2251; x_wconf 82' lang='lat' dir='ltr'>deliberata</span> <span class='ocrx_word' id='word_1_306' title='bbox 1841 2218 2018 2251; x_wconf 86' lang='lat' dir='ltr'>celebrata</span> <span class='ocrx_word' id='word_1_307' title='bbox 2040 2226 2092 2251; x_wconf 85' lang='lat' dir='ltr'>est</span> 
     </span>
     <span class='ocr_line' id='line_1_29' title="bbox 226 2285 2092 2333; baseline 0 -16"><span class='ocrx_word' id='word_1_308' title='bbox 226 2285 261 2317; x_wconf 90' lang='lat' dir='ltr'>in</span> <span class='ocrx_word' id='word_1_309' title='bbox 284 2286 440 2318; x_wconf 85' lang='lat' dir='ltr'>crastino</span> <span class='ocrx_word' id='word_1_310' title='bbox 462 2287 505 2319; x_wconf 90' lang='lat' dir='ltr'>ad</span> <span class='ocrx_word' id='word_1_311' title='bbox 527 2287 731 2320; x_wconf 88' lang='lat' dir='ltr'>instantiam</span> <span class='ocrx_word' id='word_1_312' title='bbox 755 2289 911 2321; x_wconf 87' lang='lat' dir='ltr'>nationis</span> <span class='ocrx_word' id='word_1_313' title='bbox 934 2288 1082 2321; x_wconf 86' lang='lat' dir='ltr'>Francie</span> <span class='ocrx_word' id='word_1_314' title='bbox 1104 2287 1340 2333; x_wconf 82' lang='lat' dir='ltr'>congregatio</span> <span class='ocrx_word' id='word_1_315' title='bbox 1358 2286 1533 2319; x_wconf 83' lang='lat' dir='ltr'>solemnis</span> <span class='ocrx_word' id='word_1_316' title='bbox 1554 2285 1732 2318; x_wconf 85' lang='lat' dir='ltr'>facultatis</span> <span class='ocrx_word' id='word_1_317' title='bbox 1755 2285 1883 2317; x_wconf 90' lang='lat' dir='ltr'>artium</span> <span class='ocrx_word' id='word_1_318' title='bbox 1906 2285 1941 2317; x_wconf 88' lang='lat' dir='ltr'>in</span> <span class='ocrx_word' id='word_1_319' title='bbox 1965 2286 2092 2318; x_wconf 87' lang='lat' dir='ltr'>Sancto</span> 
     </span>
     <span class='ocr_line' id='line_1_30' title="bbox 224 2351 2092 2400; baseline 0 -17"><span class='ocrx_word' id='word_1_320' title='bbox 224 2351 381 2391; x_wconf 86' lang='lat' dir='ltr'>JulianO,</span> <span class='ocrx_word' id='word_1_321' title='bbox 415 2353 451 2385; x_wconf 89' lang='lat' dir='ltr'>in</span> <span class='ocrx_word' id='word_1_322' title='bbox 484 2365 551 2398; x_wconf 89' lang='lat' dir='ltr'>qua</span> <span class='ocrx_word' id='word_1_323' title='bbox 583 2355 769 2399; x_wconf 88' lang='lat' dir='ltr'>expositus</span> <span class='ocrx_word' id='word_1_324' title='bbox 805 2362 858 2388; x_wconf 86' lang='lat' dir='ltr'>cst</span> <span class='ocrx_word' id='word_1_325' title='bbox 894 2367 999 2388; x_wconf 82' lang='lat' dir='ltr'>casus</span> <span class='ocrx_word' id='word_1_326' title='bbox 1031 2355 1167 2400; x_wconf 85' lang='lat' dir='ltr'>prefate</span> <span class='ocrx_word' id='word_1_327' title='bbox 1196 2354 1334 2386; x_wconf 77' lang='lat' dir='ltr'>offense</span> <span class='ocrx_word' id='word_1_328' title='bbox 1365 2354 1452 2398; x_wconf 81' lang='lat' dir='ltr'>per³</span> <span class='ocrx_word' id='word_1_329' title='bbox 1481 2359 1749 2397; x_wconf 84' lang='lat' dir='ltr'>procuratorem</span> <span class='ocrx_word' id='word_1_330' title='bbox 1784 2351 1940 2383; x_wconf 87' lang='lat' dir='ltr'>nationis</span> <span class='ocrx_word' id='word_1_331' title='bbox 1973 2352 2092 2391; x_wconf 83' lang='lat' dir='ltr'>istius,</span> 
     </span>
     <span class='ocr_line' id='line_1_31' title="bbox 226 2418 2094 2465; baseline -0.001 -15"><span class='ocrx_word' id='word_1_332' title='bbox 226 2418 463 2463; x_wconf 87' lang='lat' dir='ltr'>supplicantis</span> <span class='ocrx_word' id='word_1_333' title='bbox 493 2432 557 2464; x_wconf 92' lang='lat' dir='ltr'>pro</span> <span class='ocrx_word' id='word_1_334' title='bbox 585 2421 816 2465; x_wconf 80' lang='lat' dir='ltr'>adjunctione</span> <span class='ocrx_word' id='word_1_335' title='bbox 845 2422 992 2454; x_wconf 89' lang='lat' dir='ltr'>aliarum</span> <span class='ocrx_word' id='word_1_336' title='bbox 1021 2422 1204 2454; x_wconf 88' lang='lat' dir='ltr'>nationum</span> <span class='ocrx_word' id='word_1_337' title='bbox 1228 2427 1260 2453; x_wconf 90' lang='lat' dir='ltr'>et</span> <span class='ocrx_word' id='word_1_338' title='bbox 1290 2420 1400 2452; x_wconf 84' lang='lat' dir='ltr'>totius</span> <span class='ocrx_word' id='word_1_339' title='bbox 1427 2419 1606 2451; x_wconf 82' lang='lat' dir='ltr'>facultatis</span> <span class='ocrx_word' id='word_1_340' title='bbox 1634 2419 1674 2450; x_wconf 91' lang='lat' dir='ltr'>ad</span> <span class='ocrx_word' id='word_1_341' title='bbox 1707 2418 1944 2450; x_wconf 89' lang='lat' dir='ltr'>nationem....</span> <span class='ocrx_word' id='word_1_342' title='bbox 1978 2418 2094 2462; x_wconf 86' lang='lat' dir='ltr'>Super</span> 
     </span>
     <span class='ocr_line' id='line_1_32' title="bbox 225 2484 2091 2533; baseline -0.001 -16"><span class='ocrx_word' id='word_1_343' title='bbox 225 2496 293 2529; x_wconf 86' lang='lat' dir='ltr'>qua</span> <span class='ocrx_word' id='word_1_344' title='bbox 327 2487 473 2519; x_wconf 90' lang='lat' dir='ltr'>materia</span> <span class='ocrx_word' id='word_1_345' title='bbox 506 2487 744 2520; x_wconf 86' lang='lat' dir='ltr'>deliberatum</span> <span class='ocrx_word' id='word_1_346' title='bbox 777 2495 828 2521; x_wconf 85' lang='lat' dir='ltr'>est</span> <span class='ocrx_word' id='word_1_347' title='bbox 862 2489 898 2521; x_wconf 92' lang='lat' dir='ltr'>in</span> <span class='ocrx_word' id='word_1_348' title='bbox 933 2489 992 2521; x_wconf 91' lang='lat' dir='ltr'>illa</span> <span class='ocrx_word' id='word_1_349' title='bbox 1023 2488 1307 2533; x_wconf 80' lang='lat' dir='ltr'>congregatione-</span> <span class='ocrx_word' id='word_1_350' title='bbox 1348 2498 1412 2531; x_wconf 90' lang='lat' dir='ltr'>per</span> <span class='ocrx_word' id='word_1_351' title='bbox 1441 2486 1554 2530; x_wconf 88' lang='lat' dir='ltr'>ipsam</span> <span class='ocrx_word' id='word_1_352' title='bbox 1588 2484 1789 2517; x_wconf 85' lang='lat' dir='ltr'>facultatem</span> <span class='ocrx_word' id='word_1_353' title='bbox 1821 2484 1963 2525; x_wconf 89' lang='lat' dir='ltr'>artium,</span> <span class='ocrx_word' id='word_1_354' title='bbox 1996 2485 2091 2529; x_wconf 86' lang='lat' dir='ltr'>quod</span> 
     </span>
     <span class='ocr_line' id='line_1_33' title="bbox 225 2550 2093 2598; baseline -0.001 -15"><span class='ocrx_word' id='word_1_355' title='bbox 225 2551 393 2585; x_wconf 82' lang='lat' dir='ltr'>dominus</span> <span class='ocrx_word' id='word_1_356' title='bbox 416 2560 534 2586; x_wconf 90' lang='lat' dir='ltr'>rector</span> <span class='ocrx_word' id='word_1_357' title='bbox 554 2554 645 2586; x_wconf 92' lang='lat' dir='ltr'>bene</span> <span class='ocrx_word' id='word_1_358' title='bbox 668 2567 706 2587; x_wconf 86' lang='lat' dir='ltr'>se</span> <span class='ocrx_word' id='word_1_359' title='bbox 728 2555 899 2588; x_wconf 86' lang='lat' dir='ltr'>habuerat</span> <span class='ocrx_word' id='word_1_360' title='bbox 921 2556 957 2588; x_wconf 92' lang='lat' dir='ltr'>in</span> <span class='ocrx_word' id='word_1_361' title='bbox 979 2568 1051 2588; x_wconf 92' lang='lat' dir='ltr'>non</span> <span class='ocrx_word' id='word_1_362' title='bbox 1073 2554 1324 2588; x_wconf 88' lang='lat' dir='ltr'>concludendo</span> <span class='ocrx_word' id='word_1_363' title='bbox 1346 2565 1410 2598; x_wconf 91' lang='lat' dir='ltr'>pro</span> <span class='ocrx_word' id='word_1_364' title='bbox 1429 2551 1665 2584; x_wconf 86' lang='lat' dir='ltr'>concessione</span> <span class='ocrx_word' id='word_1_365' title='bbox 1688 2550 1964 2595; x_wconf 88' lang='lat' dir='ltr'>supplicationis</span> <span class='ocrx_word' id='word_1_366' title='bbox 1985 2551 2093 2596; x_wconf 83' lang='lat' dir='ltr'>magi-</span> 
     </span>
     <span class='ocr_line' id='line_1_34' title="bbox 224 2618 2089 2667; baseline 0 -17"><span class='ocrx_word' id='word_1_367' title='bbox 224 2619 289 2651; x_wconf 85' lang='lat' dir='ltr'>stri</span> <span class='ocrx_word' id='word_1_368' title='bbox 315 2620 439 2652; x_wconf 86' lang='lat' dir='ltr'>Ursini</span> <span class='ocrx_word' id='word_1_369' title='bbox 472 2621 515 2652; x_wconf 91' lang='lat' dir='ltr'>de</span> <span class='ocrx_word' id='word_1_370' title='bbox 544 2621 775 2654; x_wconf 74' lang='lat' dir='ltr'>Taillevande</span> <span class='ocrx_word' id='word_1_371' title='bbox 806 2622 842 2654; x_wconf 92' lang='lat' dir='ltr'>in</span> <span class='ocrx_word' id='word_1_372' title='bbox 871 2622 994 2655; x_wconf 88' lang='lat' dir='ltr'>ultima</span> <span class='ocrx_word' id='word_1_373' title='bbox 1023 2621 1319 2667; x_wconf 74' lang='lat' dir='ltr'>congregatione,</span> <span class='ocrx_word' id='word_1_374' title='bbox 1349 2626 1383 2652; x_wconf 84' lang='lat' dir='ltr'>ct</span> <span class='ocrx_word' id='word_1_375' title='bbox 1413 2619 1448 2651; x_wconf 89' lang='lat' dir='ltr'>in</span> <span class='ocrx_word' id='word_1_376' title='bbox 1479 2618 1546 2650; x_wconf 85' lang='lat' dir='ltr'>hoc</span> <span class='ocrx_word' id='word_1_377' title='bbox 1577 2618 1694 2662; x_wconf 90' lang='lat' dir='ltr'>ipsum</span> <span class='ocrx_word' id='word_1_378' title='bbox 1725 2624 1878 2662; x_wconf 85' lang='lat' dir='ltr'>gratum,</span> <span class='ocrx_word' id='word_1_379' title='bbox 1902 2618 2089 2650; x_wconf 75' lang='lat' dir='ltr'>adveutum</span> 
     </span>
     <span class='ocr_line' id='line_1_35' title="bbox 223 2684 2091 2733; baseline 0.001 -17"><span class='ocrx_word' id='word_1_380' title='bbox 223 2684 376 2718; x_wconf 87' lang='lat' dir='ltr'>habebat</span> <span class='ocrx_word' id='word_1_381' title='bbox 401 2693 431 2719; x_wconf 88' lang='lat' dir='ltr'>et</span> <span class='ocrx_word' id='word_1_382' title='bbox 462 2687 582 2729; x_wconf 90' lang='lat' dir='ltr'>habet,</span> <span class='ocrx_word' id='word_1_383' title='bbox 614 2689 695 2733; x_wconf 91' lang='lat' dir='ltr'>quia</span> <span class='ocrx_word' id='word_1_384' title='bbox 716 2689 906 2722; x_wconf 77' lang='lat' dir='ltr'>videbatur</span> <span class='ocrx_word' id='word_1_385' title='bbox 932 2689 1089 2722; x_wconf 69' lang='lat' dir='ltr'>sticultati</span> <span class='ocrx_word' id='word_1_386' title='bbox 1120 2688 1215 2733; x_wconf 85' lang='lat' dir='ltr'>quod</span> <span class='ocrx_word' id='word_1_387' title='bbox 1247 2687 1356 2719; x_wconf 75' lang='lat' dir='ltr'>salvis</span> <span class='ocrx_word' id='word_1_388' title='bbox 1384 2685 1604 2718; x_wconf 83' lang='lat' dir='ltr'>conscientia</span> <span class='ocrx_word' id='word_1_389' title='bbox 1632 2696 1694 2716; x_wconf 90' lang='lat' dir='ltr'>sua</span> <span class='ocrx_word' id='word_1_390' title='bbox 1726 2690 1758 2716; x_wconf 88' lang='lat' dir='ltr'>et</span> <span class='ocrx_word' id='word_1_391' title='bbox 1785 2684 1990 2728; x_wconf 80' lang='lat' dir='ltr'>juramento</span> <span class='ocrx_word' id='word_1_392' title='bbox 2020 2697 2091 2717; x_wconf 86' lang='lat' dir='ltr'>nou</span> 
     </span>
     <span class='ocr_line' id='line_1_36' title="bbox 223 2750 2092 2796; baseline -0.001 -12"><span class='ocrx_word' id='word_1_393' title='bbox 223 2758 362 2796; x_wconf 90' lang='lat' dir='ltr'>poterat</span> <span class='ocrx_word' id='word_1_394' title='bbox 383 2754 552 2787; x_wconf 88' lang='lat' dir='ltr'>dominus</span> <span class='ocrx_word' id='word_1_395' title='bbox 575 2762 693 2787; x_wconf 91' lang='lat' dir='ltr'>rector</span> <span class='ocrx_word' id='word_1_396' title='bbox 713 2755 810 2788; x_wconf 89' lang='lat' dir='ltr'>aliud</span> <span class='ocrx_word' id='word_1_397' title='bbox 832 2756 1062 2795; x_wconf 87' lang='lat' dir='ltr'>concludere,</span> <span class='ocrx_word' id='word_1_398' title='bbox 1086 2755 1230 2787; x_wconf 82' lang='lat' dir='ltr'>attentis</span> <span class='ocrx_word' id='word_1_399' title='bbox 1262 2752 1463 2786; x_wconf 80' lang='lat' dir='ltr'>rationibus</span> <span class='ocrx_word' id='word_1_400' title='bbox 1492 2751 1747 2795; x_wconf 81' lang='lat' dir='ltr'>suprascriptis</span> <span class='ocrx_word' id='word_1_401' title='bbox 1773 2750 1809 2782; x_wconf 88' lang='lat' dir='ltr'>in</span> <span class='ocrx_word' id='word_1_402' title='bbox 1836 2751 1911 2794; x_wconf 91' lang='lat' dir='ltr'>ipsa</span> <span class='ocrx_word' id='word_1_403' title='bbox 1939 2763 2092 2795; x_wconf 79' lang='lat' dir='ltr'>congre-</span> 
     </span>
     <span class='ocr_line' id='line_1_37' title="bbox 223 2817 2092 2867; baseline 0 -17"><span class='ocrx_word' id='word_1_404' title='bbox 223 2818 367 2862; x_wconf 87' lang='lat' dir='ltr'>gatione</span> <span class='ocrx_word' id='word_1_405' title='bbox 390 2821 559 2853; x_wconf 72' lang='lat' dir='ltr'>nationis,</span> <span class='ocrx_word' id='word_1_406' title='bbox 583 2822 811 2867; x_wconf 78' lang='lat' dir='ltr'>Quapropter</span> <span class='ocrx_word' id='word_1_407' title='bbox 831 2822 1111 2855; x_wconf 81' lang='lat' dir='ltr'>contristabatur</span> <span class='ocrx_word' id='word_1_408' title='bbox 1132 2821 1281 2853; x_wconf 86' lang='lat' dir='ltr'>multum</span> <span class='ocrx_word' id='word_1_409' title='bbox 1310 2820 1385 2864; x_wconf 83' lang='lat' dir='ltr'>ipsa</span> <span class='ocrx_word' id='word_1_410' title='bbox 1408 2818 1556 2851; x_wconf 86' lang='lat' dir='ltr'>facultas</span> <span class='ocrx_word' id='word_1_411' title='bbox 1579 2817 1622 2849; x_wconf 94' lang='lat' dir='ltr'>de</span> <span class='ocrx_word' id='word_1_412' title='bbox 1644 2829 1727 2849; x_wconf 82' lang='lat' dir='ltr'>casu</span> <span class='ocrx_word' id='word_1_413' title='bbox 1755 2823 1972 2861; x_wconf 89' lang='lat' dir='ltr'>perpetrato,</span> <span class='ocrx_word' id='word_1_414' title='bbox 1996 2830 2092 2850; x_wconf 89' lang='lat' dir='ltr'>com-</span> 
     </span>
    </p>
   </div>
   <div class='ocr_carea' id='block_1_7' title="bbox 223 2884 2092 2934">
    <p class='ocr_par' dir='ltr' id='par_1_9' title="bbox 223 2884 2092 2934">
     <span class='ocr_line' id='line_1_38' title="bbox 223 2884 2092 2934; baseline -0.001 -17"><span class='ocrx_word' id='word_1_415' title='bbox 223 2885 362 2929; x_wconf 82' lang='lat' dir='ltr'>patiens</span> <span class='ocrx_word' id='word_1_416' title='bbox 389 2887 536 2920; x_wconf 90' lang='lat' dir='ltr'>domino</span> <span class='ocrx_word' id='word_1_417' title='bbox 568 2889 710 2930; x_wconf 88' lang='lat' dir='ltr'>rectori,</span> <span class='ocrx_word' id='word_1_418' title='bbox 740 2889 799 2933; x_wconf 87' lang='lat' dir='ltr'>qui</span> <span class='ocrx_word' id='word_1_419' title='bbox 831 2896 977 2934; x_wconf 76' lang='lat' dir='ltr'>propter</span> <span class='ocrx_word' id='word_1_420' title='bbox 997 2889 1181 2921; x_wconf 70' lang='lat' dir='ltr'>veritatem</span> <span class='ocrx_word' id='word_1_421' title='bbox 1212 2894 1243 2919; x_wconf 83' lang='lat' dir='ltr'>et</span> <span class='ocrx_word' id='word_1_422' title='bbox 1270 2886 1446 2931; x_wconf 82' lang='lat' dir='ltr'>justitiam</span> <span class='ocrx_word' id='word_1_423' title='bbox 1477 2891 1569 2917; x_wconf 87' lang='lat' dir='ltr'>tanta</span> <span class='ocrx_word' id='word_1_424' title='bbox 1599 2895 1729 2928; x_wconf 83' lang='lat' dir='ltr'>passus</span> <span class='ocrx_word' id='word_1_425' title='bbox 1751 2890 1859 2916; x_wconf 88' lang='lat' dir='ltr'>esset.</span> <span class='ocrx_word' id='word_1_426' title='bbox 1890 2885 1928 2916; x_wconf 86' lang='lat' dir='ltr'>Et</span> <span class='ocrx_word' id='word_1_427' title='bbox 1957 2884 2092 2917; x_wconf 76' lang='lat' dir='ltr'>idcirco</span> 
     </span>
    </p>
   </div>
  </div>
 </body>
</html>
