<?xml version="1.0" encoding="UTF-8"?>
<!DOCTYPE html PUBLIC "-//W3C//DTD XHTML 1.0 Transitional//EN"
    "http://www.w3.org/TR/xhtml1/DTD/xhtml1-transitional.dtd">
<html xmlns="http://www.w3.org/1999/xhtml" xml:lang="en" lang="en">
 <head>
  <title>
</title>
<meta http-equiv="Content-Type" content="text/html;charset=utf-8" />
  <meta name='ocr-system' content='tesseract 3.04.00' />
  <meta name='ocr-capabilities' content='ocr_page ocr_carea ocr_par ocr_line ocrx_word'/>
</head>
<body>
  <div class='ocr_page' id='page_1' title='image "./chartulariumuniv04univuoft_0420.png"; bbox 0 0 2502 3418; ppageno 0'>
   <div class='ocr_carea' id='block_1_1' title="bbox 369 311 2237 355">
    <p class='ocr_par' dir='ltr' id='par_1_1' title="bbox 369 311 2237 355">
     <span class='ocr_line' id='line_1_1' title="bbox 369 311 2237 355; baseline -0.005 0"><span class='ocrx_word' id='word_1_1' title='bbox 369 323 434 355; x_wconf 86' lang='lat'>376</span> <span class='ocrx_word' id='word_1_2' title='bbox 943 329 1262 353; x_wconf 72' lang='lat' dir='ltr'>CHARTULARIUM</span> <span class='ocrx_word' id='word_1_3' title='bbox 1297 316 1487 350; x_wconf 62' lang='lat' dir='ltr'>ualvssns.</span> <span class='ocrx_word' id='word_1_4' title='bbox 1524 327 1653 349; x_wconf 73' lang='lat' dir='ltr'>PARIS.</span> <span class='ocrx_word' id='word_1_5' title='bbox 2137 311 2237 348; x_wconf 85' lang='lat'>[1420</span> 
     </span>
    </p>
   </div>
   <div class='ocr_carea' id='block_1_2' title="bbox 371 397 2238 583">
    <p class='ocr_par' dir='ltr' id='par_1_2' title="bbox 371 397 2238 583">
     <span class='ocr_line' id='line_1_2' title="bbox 371 397 2237 450; baseline -0.005 -12"><span class='ocrx_word' id='word_1_6' title='bbox 371 405 503 447; x_wconf 75' lang='lat' dir='ltr'>nabile,</span> <span class='ocrx_word' id='word_1_7' title='bbox 528 406 645 438; x_wconf 91' lang='lat' dir='ltr'>visum</span> <span class='ocrx_word' id='word_1_8' title='bbox 667 412 735 445; x_wconf 78' lang='lat' dir='ltr'>est,</span> <span class='ocrx_word' id='word_1_9' title='bbox 761 405 921 450; x_wconf 72' lang='lat' dir='ltr'>inquam⁷</span> <span class='ocrx_word' id='word_1_10' title='bbox 947 405 1000 438; x_wconf 89' lang='lat' dir='ltr'>eis</span> <span class='ocrx_word' id='word_1_11' title='bbox 1029 404 1126 449; x_wconf 92' lang='lat' dir='ltr'>quod</span> <span class='ocrx_word' id='word_1_12' title='bbox 1148 403 1303 436; x_wconf 86' lang='lat' dir='ltr'>debebat</span> <span class='ocrx_word' id='word_1_13' title='bbox 1328 402 1456 435; x_wconf 82' lang='lat' dir='ltr'>teneri.</span> <span class='ocrx_word' id='word_1_14' title='bbox 1482 403 1525 434; x_wconf 88' lang='lat' dir='ltr'>Et</span> <span class='ocrx_word' id='word_1_15' title='bbox 1550 402 1595 434; x_wconf 86' lang='lat' dir='ltr'>ita</span> <span class='ocrx_word' id='word_1_16' title='bbox 1617 401 1679 433; x_wconf 93' lang='lat' dir='ltr'>illo</span> <span class='ocrx_word' id='word_1_17' title='bbox 1702 407 1786 433; x_wconf 88' lang='lat' dir='ltr'>tunc</span> <span class='ocrx_word' id='word_1_18' title='bbox 1816 399 2043 432; x_wconf 87' lang='lat' dir='ltr'>intraverunt</span> <span class='ocrx_word' id='word_1_19' title='bbox 2063 397 2237 443; x_wconf 79' lang='lat' dir='ltr'>magister</span> 
     </span>
     <span class='ocr_line' id='line_1_3' title="bbox 371 464 2237 517; baseline -0.005 -11"><span class='ocrx_word' id='word_1_20' title='bbox 371 472 591 506; x_wconf 89' lang='lat' dir='ltr'>Guillelmus</span> <span class='ocrx_word' id='word_1_21' title='bbox 613 472 656 505; x_wconf 91' lang='lat' dir='ltr'>de</span> <span class='ocrx_word' id='word_1_22' title='bbox 678 472 827 506; x_wconf 87' lang='lat' dir='ltr'>Camera</span> <span class='ocrx_word' id='word_1_23' title='bbox 848 479 883 504; x_wconf 89' lang='lat' dir='ltr'>et</span> <span class='ocrx_word' id='word_1_24' title='bbox 903 471 1076 517; x_wconf 86' lang='lat' dir='ltr'>magister</span> <span class='ocrx_word' id='word_1_25' title='bbox 1090 470 1172 505; x_wconf 89' lang='lat' dir='ltr'>Joh.</span> <span class='ocrx_word' id='word_1_26' title='bbox 1191 469 1398 514; x_wconf 89' lang='lat' dir='ltr'>Tanquardi</span> <span class='ocrx_word' id='word_1_27' title='bbox 1418 468 1656 513; x_wconf 71' lang='lat' dir='ltr'>antiquiores,</span> <span class='ocrx_word' id='word_1_28' title='bbox 1675 473 1710 499; x_wconf 91' lang='lat' dir='ltr'>et</span> <span class='ocrx_word' id='word_1_29' title='bbox 1730 466 1905 511; x_wconf 88' lang='lat' dir='ltr'>magister</span> <span class='ocrx_word' id='word_1_30' title='bbox 1925 466 2053 498; x_wconf 89' lang='lat' dir='ltr'>Petrus</span> <span class='ocrx_word' id='word_1_31' title='bbox 2074 464 2237 498; x_wconf 90' lang='lat' dir='ltr'>Cardon-</span> 
     </span>
     <span class='ocr_line' id='line_1_4' title="bbox 373 531 2238 583; baseline -0.005 -11"><span class='ocrx_word' id='word_1_32' title='bbox 373 539 459 571; x_wconf 87' lang='lat' dir='ltr'>nelli</span> <span class='ocrx_word' id='word_1_33' title='bbox 481 545 516 572; x_wconf 91' lang='lat' dir='ltr'>et</span> <span class='ocrx_word' id='word_1_34' title='bbox 536 551 604 583; x_wconf 86' lang='lat' dir='ltr'>ego</span> <span class='ocrx_word' id='word_1_35' title='bbox 626 538 807 571; x_wconf 88' lang='lat' dir='ltr'>Robertus</span> <span class='ocrx_word' id='word_1_36' title='bbox 828 538 991 571; x_wconf 86' lang='lat' dir='ltr'>Poitevin</span> <span class='ocrx_word' id='word_1_37' title='bbox 1008 538 1188 583; x_wconf 85' lang='lat' dir='ltr'>juniores.</span> <span class='ocrx_word' id='word_1_38' title='bbox 1216 538 1259 569; x_wconf 88' lang='lat' dir='ltr'>Et</span> <span class='ocrx_word' id='word_1_39' title='bbox 1280 536 1472 581; x_wconf 87' lang='lat' dir='ltr'>elegerunt</span> <span class='ocrx_word' id='word_1_40' title='bbox 1491 534 1755 567; x_wconf 77' lang='lat' dir='ltr'>examinatores</span> <span class='ocrx_word' id='word_1_41' title='bbox 1776 539 1944 578; x_wconf 72' lang='lat' dir='ltr'>quatuor,</span> <span class='ocrx_word' id='word_1_42' title='bbox 1965 531 2107 565; x_wconf 86' lang='lat' dir='ltr'>scilicet</span> <span class='ocrx_word' id='word_1_43' title='bbox 2126 532 2238 577; x_wconf 89' lang='lat' dir='ltr'>magi-</span> 
     </span>
    </p>
   </div>
   <div class='ocr_carea' id='block_1_3' title="bbox 374 597 2236 645">
    <p class='ocr_par' dir='ltr' id='par_1_3' title="bbox 374 597 2236 645">
     <span class='ocr_line' id='line_1_5' title="bbox 374 597 2236 645; baseline -0.005 -7"><span class='ocrx_word' id='word_1_44' title='bbox 374 612 469 638; x_wconf 85' lang='lat' dir='ltr'>stros</span> <span class='ocrx_word' id='word_1_45' title='bbox 485 605 683 638; x_wconf 84' lang='lat' dir='ltr'>Johannem</span> <span class='ocrx_word' id='word_1_46' title='bbox 707 605 879 645; x_wconf 64' lang='lat' dir='ltr'>Bellardi„</span> <span class='ocrx_word' id='word_1_47' title='bbox 897 606 1100 638; x_wconf 87' lang='lat' dir='ltr'>Droconem</span> <span class='ocrx_word' id='word_1_48' title='bbox 1122 603 1270 644; x_wconf 85' lang='lat' dir='ltr'>Decani‚</span> <span class='ocrx_word' id='word_1_49' title='bbox 1287 602 1486 636; x_wconf 87' lang='lat' dir='ltr'>Johannem</span> <span class='ocrx_word' id='word_1_50' title='bbox 1509 601 1618 634; x_wconf 88' lang='lat' dir='ltr'>Basin</span> <span class='ocrx_word' id='word_1_51' title='bbox 1635 607 1670 633; x_wconf 91' lang='lat' dir='ltr'>et</span> <span class='ocrx_word' id='word_1_52' title='bbox 1684 599 1883 633; x_wconf 84' lang='lat' dir='ltr'>Johannem</span> <span class='ocrx_word' id='word_1_53' title='bbox 1906 598 2030 631; x_wconf 89' lang='lat' dir='ltr'>Boecii</span> <span class='ocrx_word' id='word_1_54' title='bbox 2051 597 2096 631; x_wconf 92' lang='lat' dir='ltr'>de</span> <span class='ocrx_word' id='word_1_55' title='bbox 2117 598 2236 630; x_wconf 84' lang='lat' dir='ltr'>Dacia.</span> 
     </span>
    </p>
   </div>
   <div class='ocr_carea' id='block_1_4' title="bbox 468 701 1132 731">
    <p class='ocr_par' dir='ltr' id='par_1_4' title="bbox 468 701 1132 731">
     <span class='ocr_line' id='line_1_6' title="bbox 468 701 1132 731; baseline -0.003 -5"><span class='ocrx_word' id='word_1_56' title='bbox 468 703 614 727; x_wconf 80' lang='lat' dir='ltr'>Comment.</span> <span class='ocrx_word' id='word_1_57' title='bbox 632 704 682 726; x_wconf 79' lang='lat' dir='ltr'>fac.</span> <span class='ocrx_word' id='word_1_58' title='bbox 694 703 772 731; x_wconf 65' lang='lat' dir='ltr'>med„</span> <span class='ocrx_word' id='word_1_59' title='bbox 790 703 808 730; x_wconf 85' lang='lat'>1,</span> <span class='ocrx_word' id='word_1_60' title='bbox 826 703 880 725; x_wconf 81' lang='lat'><strong>238.</strong></span> <span class='ocrx_word' id='word_1_61' title='bbox 897 715 924 719; x_wconf 91' lang='lat'>—</span> <span class='ocrx_word' id='word_1_62' title='bbox 940 702 1016 731; x_wconf 73' lang='lat' dir='ltr'>Bm..y</span> <span class='ocrx_word' id='word_1_63' title='bbox 1032 702 1062 730; x_wconf 84' lang='lat' dir='ltr'>V,</span> <span class='ocrx_word' id='word_1_64' title='bbox 1078 701 1132 725; x_wconf 81' lang='lat'>861.</span> 
     </span>
    </p>
   </div>
   <div class='ocr_carea' id='block_1_5' title="bbox 376 855 2242 947">
    <p class='ocr_par' dir='ltr' id='par_1_5' title="bbox 376 855 2242 947">
     <span class='ocr_line' id='line_1_7' title="bbox 376 855 2242 897; baseline -0.004 -6"><span class='ocrx_word' id='word_1_65' title='bbox 376 855 520 892; x_wconf 80' lang='lat'>2151.</span> <span class='ocrx_word' id='word_1_66' title='bbox 544 863 721 890; x_wconf 83' lang='lat' dir='ltr'>Deliberatio</span> <span class='ocrx_word' id='word_1_67' title='bbox 745 863 898 897; x_wconf 81' lang='lat' dir='ltr'>facultatis</span> <span class='ocrx_word' id='word_1_68' title='bbox 921 862 1081 888; x_wconf 84' lang='lat' dir='ltr'>medicinae</span> <span class='ocrx_word' id='word_1_69' title='bbox 1103 861 1180 897; x_wconf 86' lang='lat' dir='ltr'>quod</span> <span class='ocrx_word' id='word_1_70' title='bbox 1202 862 1230 887; x_wconf 87' lang='lat' dir='ltr'>in</span> <span class='ocrx_word' id='word_1_71' title='bbox 1250 860 1420 886; x_wconf 81' lang='lat' dir='ltr'>kalendario</span> <span class='ocrx_word' id='word_1_72' title='bbox 1440 859 1595 894; x_wconf 81' lang='lat' dir='ltr'>facultatis</span> <span class='ocrx_word' id='word_1_73' title='bbox 1618 858 1659 884; x_wconf 89' lang='lat' dir='ltr'>ad</span> <span class='ocrx_word' id='word_1_74' title='bbox 1676 860 1755 893; x_wconf 83' lang='lat' dir='ltr'>festa</span> <span class='ocrx_word' id='word_1_75' title='bbox 1779 860 1807 885; x_wconf 90' lang='lat' dir='ltr'>S.</span> <span class='ocrx_word' id='word_1_76' title='bbox 1829 857 1976 892; x_wconf 80' lang='lat' dir='ltr'>Antonii¹‚</span> <span class='ocrx_word' id='word_1_77' title='bbox 2003 859 2030 884; x_wconf 88' lang='lat' dir='ltr'>S.</span> <span class='ocrx_word' id='word_1_78' title='bbox 2053 858 2195 884; x_wconf 69' lang='grc' dir='ltr'>Ιῑῗιηηαιιί2</span> <span class='ocrx_word' id='word_1_79' title='bbox 2215 862 2242 884; x_wconf 82' lang='lat' dir='ltr'>et</span> 
     </span>
     <span class='ocr_line' id='line_1_8' title="bbox 467 907 1944 947; baseline -0.003 -8"><span class='ocrx_word' id='word_1_80' title='bbox 467 914 495 939; x_wconf 91' lang='lat' dir='ltr'>S.</span> <span class='ocrx_word' id='word_1_81' title='bbox 518 912 635 938; x_wconf 74' lang='lat' dir='ltr'>Yvonis³</span> <span class='ocrx_word' id='word_1_82' title='bbox 647 912 794 938; x_wconf 84' lang='lat' dir='ltr'>scribatur</span> <span class='ocrx_word' id='word_1_83' title='bbox 809 921 818 937; x_wconf 73' lang='lat' dir='ltr'>s</span> <span class='ocrx_word' id='word_1_84' title='bbox 831 919 893 938; x_wconf 91' lang='lat' dir='ltr'>non</span> <span class='ocrx_word' id='word_1_85' title='bbox 907 912 1024 945; x_wconf 83' lang='lat' dir='ltr'>legitur,</span> <span class='ocrx_word' id='word_1_86' title='bbox 1040 915 1070 937; x_wconf 87' lang='lat' dir='ltr'>ut</span> <span class='ocrx_word' id='word_1_87' title='bbox 1084 919 1175 947; x_wconf 78' lang='lat' dir='ltr'>nuper</span> <span class='ocrx_word' id='word_1_88' title='bbox 1191 911 1219 936; x_wconf 90' lang='lat' dir='ltr'>in</span> <span class='ocrx_word' id='word_1_89' title='bbox 1235 909 1455 944; x_wconf 75' lang='lat' dir='ltr'><em>congregatione</em></span> <span class='ocrx_word' id='word_1_90' title='bbox 1475 908 1676 935; x_wconf 72' lang='lat' dir='ltr'>Universitatis</span> <span class='ocrx_word' id='word_1_91' title='bbox 1692 907 1856 933; x_wconf 86' lang='lat' dir='ltr'>conclusum</span> <span class='ocrx_word' id='word_1_92' title='bbox 1871 911 1944 934; x_wconf 84' lang='lat' dir='ltr'>erat.</span> 
     </span>
    </p>
   </div>
   <div class='ocr_carea' id='block_1_6' title="bbox 469 996 1957 1066">
    <p class='ocr_par' dir='ltr' id='par_1_6' title="bbox 469 996 1957 1066">
     <span class='ocr_line' id='line_1_9' title="bbox 1564 996 1957 1026; baseline 0 -4"><span class='ocrx_word' id='word_1_93' title='bbox 1564 997 1637 1026; x_wconf 80' lang='lat'><em>1420.</em></span> <span class='ocrx_word' id='word_1_94' title='bbox 1650 996 1769 1022; x_wconf 74' lang='lat' dir='ltr'>dunuarii</span> <span class='ocrx_word' id='word_1_95' title='bbox 1781 997 1825 1025; x_wconf 80' lang='lat'>27,</span> <span class='ocrx_word' id='word_1_96' title='bbox 1842 996 1957 1022; x_wconf 77' lang='lat' dir='ltr'>Parisiis.</span> 
     </span>
     <span class='ocr_line' id='line_1_10' title="bbox 469 1035 919 1066; baseline -0.004 -6"><span class='ocrx_word' id='word_1_97' title='bbox 469 1037 613 1060; x_wconf 86' lang='lat' dir='ltr'>Comment.</span> <span class='ocrx_word' id='word_1_98' title='bbox 631 1036 681 1058; x_wconf 74' lang='lat' dir='ltr'>sac.</span> <span class='ocrx_word' id='word_1_99' title='bbox 695 1036 774 1062; x_wconf 79' lang='lat' dir='ltr'>med.‚</span> <span class='ocrx_word' id='word_1_100' title='bbox 792 1035 811 1063; x_wconf 88' lang='grc' dir='ltr'>Ι,</span> <span class='ocrx_word' id='word_1_101' title='bbox 827 1043 853 1066; x_wconf 88' lang='lat' dir='ltr'>p.</span> <span class='ocrx_word' id='word_1_102' title='bbox 865 1035 919 1058; x_wconf 75' lang='lat'><strong>238.</strong></span> 
     </span>
    </p>
   </div>
   <div class='ocr_carea' id='block_1_7' title="bbox 469 1117 1140 1144">
    <p class='ocr_par' dir='ltr' id='par_1_7' title="bbox 469 1117 1140 1144">
     <span class='ocr_line' id='line_1_11' title="bbox 469 1117 1140 1144; baseline -0.004 0"><span class='ocrx_word' id='word_1_103' title='bbox 469 1119 494 1144; x_wconf 82' lang='lat'>1.</span> <span class='ocrx_word' id='word_1_104' title='bbox 509 1118 630 1142; x_wconf 72' lang='lat' dir='ltr'>,Ianuarii</span> <span class='ocrx_word' id='word_1_105' title='bbox 646 1119 684 1142; x_wconf 90' lang='lat'>17.</span> <span class='ocrx_word' id='word_1_106' title='bbox 698 1132 728 1136; x_wconf 97' lang='lat'>—</span> <span class='ocrx_word' id='word_1_107' title='bbox 743 1118 767 1143; x_wconf 80' lang='grc'>2.</span> <span class='ocrx_word' id='word_1_108' title='bbox 784 1118 876 1142; x_wconf 81' lang='lat' dir='ltr'>Octob.</span> <span class='ocrx_word' id='word_1_109' title='bbox 891 1119 930 1142; x_wconf 78' lang='lat'>23.</span> <span class='ocrx_word' id='word_1_110' title='bbox 942 1132 969 1136; x_wconf 95' lang='lat'><strong>—</strong></span> <span class='ocrx_word' id='word_1_111' title='bbox 985 1117 1010 1142; x_wconf 83' lang='lat'>3.</span> <span class='ocrx_word' id='word_1_112' title='bbox 1024 1117 1086 1141; x_wconf 75' lang='lat' dir='ltr'>Maii</span> <span class='ocrx_word' id='word_1_113' title='bbox 1102 1118 1140 1141; x_wconf 79' lang='lat'>19.</span> 
     </span>
    </p>
   </div>
   <div class='ocr_carea' id='block_1_8' title="bbox 378 1271 2246 1315">
    <p class='ocr_par' dir='ltr' id='par_1_8' title="bbox 378 1271 2246 1315">
     <span class='ocr_line' id='line_1_12' title="bbox 378 1271 2246 1315; baseline -0.003 -8"><span class='ocrx_word' id='word_1_114' title='bbox 378 1271 522 1308; x_wconf 80' lang='lat'>2152.</span> <span class='ocrx_word' id='word_1_115' title='bbox 546 1280 683 1306; x_wconf 82' lang='lat' dir='ltr'>Facultas</span> <span class='ocrx_word' id='word_1_116' title='bbox 705 1280 865 1306; x_wconf 84' lang='lat' dir='ltr'>medicinae</span> <span class='ocrx_word' id='word_1_117' title='bbox 884 1280 1037 1315; x_wconf 78' lang='lat' dir='ltr'>magistros</span> <span class='ocrx_word' id='word_1_118' title='bbox 1054 1280 1189 1306; x_wconf 81' lang='lat' dir='ltr'><strong><em>absentes</em></strong></span> <span class='ocrx_word' id='word_1_119' title='bbox 1212 1280 1261 1315; x_wconf 86' lang='lat' dir='ltr'>qui</span> <span class='ocrx_word' id='word_1_120' title='bbox 1279 1281 1397 1314; x_wconf 81' lang='lat' dir='ltr'>fuerant</span> <span class='ocrx_word' id='word_1_121' title='bbox 1413 1279 1441 1304; x_wconf 89' lang='lat' dir='ltr'>in</span> <span class='ocrx_word' id='word_1_122' title='bbox 1458 1279 1539 1305; x_wconf 87' lang='lat' dir='ltr'>curia</span> <span class='ocrx_word' id='word_1_123' title='bbox 1559 1279 1690 1304; x_wconf 84' lang='lat' dir='ltr'>Romana</span> <span class='ocrx_word' id='word_1_124' title='bbox 1711 1282 1777 1304; x_wconf 84' lang='lat' dir='ltr'>tunc</span> <span class='ocrx_word' id='word_1_125' title='bbox 1793 1277 1938 1304; x_wconf 83' lang='lat' dir='ltr'>inhabiles</span> <span class='ocrx_word' id='word_1_126' title='bbox 1960 1277 2001 1303; x_wconf 84' lang='lat' dir='ltr'>ad</span> <span class='ocrx_word' id='word_1_127' title='bbox 2016 1286 2137 1304; x_wconf 77' lang='lat' dir='ltr'>examen</span> <span class='ocrx_word' id='word_1_128' title='bbox 2157 1276 2246 1303; x_wconf 77' lang='lat' dir='ltr'>licen-</span> 
     </span>
    </p>
   </div>
   <div class='ocr_carea' id='block_1_9' title="bbox 465 1328 1960 1393">
    <p class='ocr_par' dir='ltr' id='par_1_9' title="bbox 465 1328 1960 1393">
     <span class='ocr_line' id='line_1_13' title="bbox 465 1328 1356 1365; baseline -0.001 -10"><span class='ocrx_word' id='word_1_129' title='bbox 465 1329 640 1364; x_wconf 81' lang='lat' dir='ltr'>tiandorum,</span> <span class='ocrx_word' id='word_1_130' title='bbox 659 1338 825 1365; x_wconf 81' lang='lat' dir='ltr'><em>quanquam</em></span> <span class='ocrx_word' id='word_1_131' title='bbox 842 1330 1000 1364; x_wconf 76' lang='lat' dir='ltr'>regentium</span> <span class='ocrx_word' id='word_1_132' title='bbox 1013 1338 1068 1355; x_wconf 87' lang='lat' dir='ltr'>non</span> <span class='ocrx_word' id='word_1_133' title='bbox 1080 1329 1216 1365; x_wconf 69' lang='lat' dir='ltr'>perdant,</span> <span class='ocrx_word' id='word_1_134' title='bbox 1231 1328 1356 1364; x_wconf 85' lang='lat' dir='ltr'>judicat.</span> 
     </span>
     <span class='ocr_line' id='line_1_14' title="bbox 1555 1363 1960 1393; baseline -0.002 -3"><span class='ocrx_word' id='word_1_135' title='bbox 1555 1364 1632 1393; x_wconf 81' lang='lat'><strong><em>1420,</em></strong></span> <span class='ocrx_word' id='word_1_136' title='bbox 1648 1363 1782 1390; x_wconf 72' lang='lat' dir='ltr'>Februarii</span> <span class='ocrx_word' id='word_1_137' title='bbox 1793 1364 1830 1393; x_wconf 83' lang='grc'>19,</span> <span class='ocrx_word' id='word_1_138' title='bbox 1846 1364 1960 1390; x_wconf 67' lang='lat' dir='ltr'>Parisiis.</span> 
     </span>
    </p>
   </div>
   <div class='ocr_carea' id='block_1_10' title="bbox 381 1452 2252 2168">
    <p class='ocr_par' dir='ltr' id='par_1_10' title="bbox 381 1452 2252 2168">
     <span class='ocr_line' id='line_1_15' title="bbox 468 1452 2249 1498; baseline -0.001 -13"><span class='ocrx_word' id='word_1_139' title='bbox 468 1453 533 1485; x_wconf 87' lang='lat' dir='ltr'>Die</span> <span class='ocrx_word' id='word_1_140' title='bbox 557 1454 612 1486; x_wconf 72' lang='lat'>19³</span> <span class='ocrx_word' id='word_1_141' title='bbox 633 1452 820 1486; x_wconf 80' lang='lat' dir='ltr'>Februarii</span> <span class='ocrx_word' id='word_1_142' title='bbox 841 1453 908 1486; x_wconf 88' lang='lat' dir='ltr'>suit</span> <span class='ocrx_word' id='word_1_143' title='bbox 928 1459 1147 1498; x_wconf 82' lang='lat' dir='ltr'>congregata</span> <span class='ocrx_word' id='word_1_144' title='bbox 1168 1453 1318 1485; x_wconf 82' lang='lat' dir='ltr'>facultas</span> <span class='ocrx_word' id='word_1_145' title='bbox 1340 1452 1534 1493; x_wconf 74' lang='lat' dir='ltr'>medicine,</span> <span class='ocrx_word' id='word_1_146' title='bbox 1556 1459 1595 1485; x_wconf 90' lang='lat' dir='ltr'>ut</span> <span class='ocrx_word' id='word_1_147' title='bbox 1615 1452 1728 1485; x_wconf 83' lang='lat' dir='ltr'>moris</span> <span class='ocrx_word' id='word_1_148' title='bbox 1749 1458 1816 1491; x_wconf 65' lang='lat' dir='ltr'>est,</span> <span class='ocrx_word' id='word_1_149' title='bbox 1837 1458 1923 1497; x_wconf 91' lang='lat' dir='ltr'>aput</span> <span class='ocrx_word' id='word_1_150' title='bbox 1943 1452 2111 1484; x_wconf 89' lang='lat' dir='ltr'>Sanctum</span> <span class='ocrx_word' id='word_1_151' title='bbox 2133 1452 2249 1484; x_wconf 86' lang='lat' dir='ltr'>Matu-</span> 
     </span>
     <span class='ocr_line' id='line_1_16' title="bbox 381 1518 2248 1564; baseline -0.001 -13"><span class='ocrx_word' id='word_1_152' title='bbox 381 1519 497 1551; x_wconf 87' lang='lat' dir='ltr'>rinum</span> <span class='ocrx_word' id='word_1_153' title='bbox 520 1531 631 1564; x_wconf 87' lang='lat' dir='ltr'>super</span> <span class='ocrx_word' id='word_1_154' title='bbox 652 1519 796 1552; x_wconf 83' lang='lat' dir='ltr'>duobus</span> <span class='ocrx_word' id='word_1_155' title='bbox 823 1519 986 1553; x_wconf 79' lang='lat' dir='ltr'>articulis</span> <span class='ocrx_word' id='word_1_156' title='bbox 1014 1532 1020 1552; x_wconf 91' lang='lat'>:</span> <span class='ocrx_word' id='word_1_157' title='bbox 1051 1520 1190 1564; x_wconf 89' lang='lat' dir='ltr'>primus</span> <span class='ocrx_word' id='word_1_158' title='bbox 1220 1520 1263 1552; x_wconf 86' lang='lat' dir='ltr'>ad</span> <span class='ocrx_word' id='word_1_159' title='bbox 1291 1519 1553 1552; x_wconf 89' lang='lat' dir='ltr'>admittendum</span> <span class='ocrx_word' id='word_1_160' title='bbox 1575 1518 1633 1552; x_wconf 89' lang='lat' dir='ltr'>vel</span> <span class='ocrx_word' id='word_1_161' title='bbox 1660 1519 1890 1552; x_wconf 83' lang='lat' dir='ltr'>refutandum</span> <span class='ocrx_word' id='word_1_162' title='bbox 1918 1518 2154 1551; x_wconf 85' lang='lat' dir='ltr'>baccallarios</span> <span class='ocrx_word' id='word_1_163' title='bbox 2183 1529 2248 1563; x_wconf 87' lang='lat' dir='ltr'>pro</span> 
     </span>
     <span class='ocr_line' id='line_1_17' title="bbox 382 1578 2249 1632; baseline -0.001 -13"><span class='ocrx_word' id='word_1_164' title='bbox 382 1586 580 1631; x_wconf 86' lang='lat' dir='ltr'>adepcione</span> <span class='ocrx_word' id='word_1_165' title='bbox 601 1586 753 1619; x_wconf 88' lang='lat' dir='ltr'>licencie</span> <span class='ocrx_word' id='word_1_166' title='bbox 782 1593 816 1619; x_wconf 91' lang='lat' dir='ltr'>et</span> <span class='ocrx_word' id='word_1_167' title='bbox 843 1586 997 1619; x_wconf 89' lang='lat' dir='ltr'>ulterius</span> <span class='ocrx_word' id='word_1_168' title='bbox 1027 1587 1299 1632; x_wconf 85' lang='lat' dir='ltr'>procedendum</span> <span class='ocrx_word' id='word_1_169' title='bbox 1330 1593 1438 1631; x_wconf 86' lang='lat' dir='ltr'>prout</span> <span class='ocrx_word' id='word_1_170' title='bbox 1464 1586 1651 1619; x_wconf 86' lang='lat' dir='ltr'>videretur</span> <span class='ocrx_word' id='word_1_171' title='bbox 1677 1578 1878 1630; x_wconf 80' lang='lat' dir='ltr'>expediens</span> <span class='ocrx_word' id='word_1_172' title='bbox 1903 1586 1947 1619; x_wconf 89' lang='lat' dir='ltr'>ad</span> <span class='ocrx_word' id='word_1_173' title='bbox 1973 1585 2249 1630; x_wconf 86' lang='lat' dir='ltr'>expedicionem</span> 
     </span>
     <span class='ocr_line' id='line_1_18' title="bbox 381 1652 2248 1698; baseline 0 -13"><span class='ocrx_word' id='word_1_174' title='bbox 381 1652 533 1685; x_wconf 89' lang='lat' dir='ltr'>licencie</span> <span class='ocrx_word' id='word_1_175' title='bbox 551 1665 689 1686; x_wconf 88' lang='lat' dir='ltr'>eorum.</span> <span class='ocrx_word' id='word_1_176' title='bbox 713 1654 757 1686; x_wconf 83' lang='lat' dir='ltr'>Et</span> <span class='ocrx_word' id='word_1_177' title='bbox 777 1653 896 1698; x_wconf 84' lang='lat' dir='ltr'>quoad</span> <span class='ocrx_word' id='word_1_178' title='bbox 918 1654 1026 1686; x_wconf 87' lang='lat' dir='ltr'>istum</span> <span class='ocrx_word' id='word_1_179' title='bbox 1044 1653 1235 1687; x_wconf 87' lang='lat' dir='ltr'>articulum</span> <span class='ocrx_word' id='word_1_180' title='bbox 1251 1654 1318 1686; x_wconf 83' lang='lat' dir='ltr'>suit</span> <span class='ocrx_word' id='word_1_181' title='bbox 1339 1653 1471 1687; x_wconf 89' lang='lat' dir='ltr'>lectum</span> <span class='ocrx_word' id='word_1_182' title='bbox 1489 1660 1661 1686; x_wconf 89' lang='lat' dir='ltr'>statutum</span> <span class='ocrx_word' id='word_1_183' title='bbox 1678 1665 1789 1698; x_wconf 90' lang='lat' dir='ltr'>super</span> <span class='ocrx_word' id='word_1_184' title='bbox 1804 1653 1975 1698; x_wconf 86' lang='lat' dir='ltr'>regencia</span> <span class='ocrx_word' id='word_1_185' title='bbox 1991 1652 2248 1698; x_wconf 84' lang='lat' dir='ltr'>magistrorum</span> 
     </span>
     <span class='ocr_line' id='line_1_19' title="bbox 381 1719 2250 1766; baseline 0.001 -15"><span class='ocrx_word' id='word_1_186' title='bbox 381 1719 607 1764; x_wconf 85' lang='lat' dir='ltr'>ydoneorum</span> <span class='ocrx_word' id='word_1_187' title='bbox 639 1720 681 1752; x_wconf 87' lang='lat' dir='ltr'>ad</span> <span class='ocrx_word' id='word_1_188' title='bbox 714 1719 919 1753; x_wconf 86' lang='lat' dir='ltr'>habendum</span> <span class='ocrx_word' id='word_1_189' title='bbox 953 1720 1188 1754; x_wconf 88' lang='lat' dir='ltr'>baccalarios.</span> <span class='ocrx_word' id='word_1_190' title='bbox 1223 1721 1339 1766; x_wconf 85' lang='lat' dir='ltr'>Super</span> <span class='ocrx_word' id='word_1_191' title='bbox 1366 1733 1438 1766; x_wconf 91' lang='lat' dir='ltr'>quo</span> <span class='ocrx_word' id='word_1_192' title='bbox 1468 1721 1535 1753; x_wconf 81' lang='lat' dir='ltr'>suit</span> <span class='ocrx_word' id='word_1_193' title='bbox 1564 1720 1608 1753; x_wconf 90' lang='lat' dir='ltr'>de</span> <span class='ocrx_word' id='word_1_194' title='bbox 1639 1720 1783 1753; x_wconf 87' lang='lat' dir='ltr'>duobus</span> <span class='ocrx_word' id='word_1_195' title='bbox 1815 1719 2027 1761; x_wconf 84' lang='lat' dir='ltr'>difficultas;</span> <span class='ocrx_word' id='word_1_196' title='bbox 2059 1720 2176 1765; x_wconf 88' lang='lat' dir='ltr'>primo</span> <span class='ocrx_word' id='word_1_197' title='bbox 2206 1731 2250 1752; x_wconf 88' lang='lat' dir='ltr'>an</span> 
     </span>
     <span class='ocr_line' id='line_1_20' title="bbox 383 1786 2250 1832; baseline 0 -13"><span class='ocrx_word' id='word_1_198' title='bbox 383 1786 553 1819; x_wconf 83' lang='lat' dir='ltr'>absentes</span> <span class='ocrx_word' id='word_1_199' title='bbox 575 1787 636 1831; x_wconf 91' lang='lat' dir='ltr'>qui</span> <span class='ocrx_word' id='word_1_200' title='bbox 657 1788 801 1820; x_wconf 83' lang='lat' dir='ltr'>fuerant</span> <span class='ocrx_word' id='word_1_201' title='bbox 826 1787 863 1820; x_wconf 91' lang='lat' dir='ltr'>in</span> <span class='ocrx_word' id='word_1_202' title='bbox 884 1788 982 1820; x_wconf 86' lang='lat' dir='ltr'>curia</span> <span class='ocrx_word' id='word_1_203' title='bbox 1004 1789 1163 1821; x_wconf 88' lang='lat' dir='ltr'>Romana</span> <span class='ocrx_word' id='word_1_204' title='bbox 1184 1795 1309 1821; x_wconf 83' lang='lat' dir='ltr'>essent</span> <span class='ocrx_word' id='word_1_205' title='bbox 1336 1788 1379 1821; x_wconf 90' lang='lat' dir='ltr'>ad</span> <span class='ocrx_word' id='word_1_206' title='bbox 1406 1787 1474 1821; x_wconf 89' lang='lat' dir='ltr'>hoc</span> <span class='ocrx_word' id='word_1_207' title='bbox 1495 1787 1655 1829; x_wconf 80' lang='lat' dir='ltr'>habiles3</span> <span class='ocrx_word' id='word_1_208' title='bbox 1679 1799 1791 1832; x_wconf 88' lang='lat' dir='ltr'>super</span> <span class='ocrx_word' id='word_1_209' title='bbox 1811 1799 1883 1832; x_wconf 94' lang='lat' dir='ltr'>quo</span> <span class='ocrx_word' id='word_1_210' title='bbox 1905 1787 2040 1820; x_wconf 89' lang='lat' dir='ltr'>dictum</span> <span class='ocrx_word' id='word_1_211' title='bbox 2065 1787 2133 1820; x_wconf 87' lang='lat' dir='ltr'>fuit</span> <span class='ocrx_word' id='word_1_212' title='bbox 2153 1786 2250 1832; x_wconf 89' lang='lat' dir='ltr'>quod</span> 
     </span>
     <span class='ocr_line' id='line_1_21' title="bbox 383 1853 2251 1900; baseline 0.001 -15"><span class='ocrx_word' id='word_1_213' title='bbox 383 1865 468 1894; x_wconf 82' lang='lat' dir='ltr'>non,</span> <span class='ocrx_word' id='word_1_214' title='bbox 496 1865 538 1886; x_wconf 89' lang='lat' dir='ltr'>eo</span> <span class='ocrx_word' id='word_1_215' title='bbox 560 1854 657 1898; x_wconf 91' lang='lat' dir='ltr'>quod</span> <span class='ocrx_word' id='word_1_216' title='bbox 684 1866 749 1898; x_wconf 88' lang='lat' dir='ltr'>pro</span> <span class='ocrx_word' id='word_1_217' title='bbox 772 1866 867 1887; x_wconf 91' lang='lat' dir='ltr'>nunc</span> <span class='ocrx_word' id='word_1_218' title='bbox 889 1866 961 1887; x_wconf 92' lang='lat' dir='ltr'>non</span> <span class='ocrx_word' id='word_1_219' title='bbox 982 1855 1195 1888; x_wconf 80' lang='lat' dir='ltr'>residebant</span> <span class='ocrx_word' id='word_1_220' title='bbox 1223 1855 1260 1887; x_wconf 88' lang='lat' dir='ltr'>in</span> <span class='ocrx_word' id='word_1_221' title='bbox 1281 1855 1380 1888; x_wconf 81' lang='lat' dir='ltr'>curia</span> <span class='ocrx_word' id='word_1_222' title='bbox 1404 1856 1562 1888; x_wconf 84' lang='lat' dir='ltr'>Romana</span> <span class='ocrx_word' id='word_1_223' title='bbox 1585 1862 1621 1888; x_wconf 77' lang='lat' dir='ltr'>et.</span> <span class='ocrx_word' id='word_1_224' title='bbox 1646 1854 1829 1888; x_wconf 85' lang='lat' dir='ltr'>defecerat</span> <span class='ocrx_word' id='word_1_225' title='bbox 1854 1866 1980 1887; x_wconf 87' lang='lat' dir='ltr'>eorum</span> <span class='ocrx_word' id='word_1_226' title='bbox 2000 1853 2154 1900; x_wconf 87' lang='lat' dir='ltr'>legatio;</span> <span class='ocrx_word' id='word_1_227' title='bbox 2177 1866 2251 1887; x_wconf 91' lang='lat' dir='ltr'>non</span> 
     </span>
     <span class='ocr_line' id='line_1_22' title="bbox 381 1919 2250 1967; baseline 0.001 -15"><span class='ocrx_word' id='word_1_228' title='bbox 381 1919 525 1952; x_wconf 89' lang='lat' dir='ltr'>volebat</span> <span class='ocrx_word' id='word_1_229' title='bbox 544 1926 663 1953; x_wconf 86' lang='lat' dir='ltr'>tamen</span> <span class='ocrx_word' id='word_1_230' title='bbox 680 1932 722 1953; x_wconf 84' lang='lat' dir='ltr'>ex</span> <span class='ocrx_word' id='word_1_231' title='bbox 742 1920 810 1953; x_wconf 90' lang='lat' dir='ltr'>hoc</span> <span class='ocrx_word' id='word_1_232' title='bbox 826 1921 869 1953; x_wconf 88' lang='lat' dir='ltr'>ab</span> <span class='ocrx_word' id='word_1_233' title='bbox 887 1922 940 1954; x_wconf 90' lang='lat' dir='ltr'>eis</span> <span class='ocrx_word' id='word_1_234' title='bbox 958 1933 1146 1955; x_wconf 88' lang='lat' dir='ltr'>removere</span> <span class='ocrx_word' id='word_1_235' title='bbox 1169 1922 1390 1967; x_wconf 69' lang='lat' dir='ltr'>regeneiam,</span> <span class='ocrx_word' id='word_1_236' title='bbox 1408 1922 1503 1955; x_wconf 86' lang='lat' dir='ltr'>sicut</span> <span class='ocrx_word' id='word_1_237' title='bbox 1519 1922 1632 1955; x_wconf 87' lang='lat' dir='ltr'>eciam</span> <span class='ocrx_word' id='word_1_238' title='bbox 1650 1921 1737 1954; x_wconf 90' lang='lat' dir='ltr'>dicit</span> <span class='ocrx_word' id='word_1_239' title='bbox 1756 1921 1852 1954; x_wconf 90' lang='lat' dir='ltr'>idem</span> <span class='ocrx_word' id='word_1_240' title='bbox 1875 1927 2059 1954; x_wconf 88' lang='lat' dir='ltr'>statutum.</span> <span class='ocrx_word' id='word_1_241' title='bbox 2083 1921 2250 1954; x_wconf 88' lang='lat' dir='ltr'>Secundo</span> 
     </span>
     <span class='ocr_line' id='line_1_23' title="bbox 382 1986 2252 2034; baseline 0.002 -16"><span class='ocrx_word' id='word_1_242' title='bbox 382 1987 449 2019; x_wconf 88' lang='lat' dir='ltr'>suit</span> <span class='ocrx_word' id='word_1_243' title='bbox 469 1986 659 2020; x_wconf 85' lang='lat' dir='ltr'>difficultas</span> <span class='ocrx_word' id='word_1_244' title='bbox 681 1987 724 2020; x_wconf 93' lang='lat' dir='ltr'>de</span> <span class='ocrx_word' id='word_1_245' title='bbox 746 1989 920 2033; x_wconf 83' lang='lat' dir='ltr'>magistro</span> <span class='ocrx_word' id='word_1_246' title='bbox 942 1988 1139 2022; x_wconf 88' lang='lat' dir='ltr'>Guillelmo</span> <span class='ocrx_word' id='word_1_247' title='bbox 1163 1989 1206 2022; x_wconf 89' lang='lat' dir='ltr'>de</span> <span class='ocrx_word' id='word_1_248' title='bbox 1228 1989 1378 2022; x_wconf 85' lang='lat' dir='ltr'>Camera</span> <span class='ocrx_word' id='word_1_249' title='bbox 1399 1989 1460 2034; x_wconf 91' lang='lat' dir='ltr'>qui</span> <span class='ocrx_word' id='word_1_250' title='bbox 1482 1989 1675 2022; x_wconf 87' lang='lat' dir='ltr'>occasione</span> <span class='ocrx_word' id='word_1_251' title='bbox 1696 1989 1975 2033; x_wconf 87' lang='lat' dir='ltr'>processionum</span> <span class='ocrx_word' id='word_1_252' title='bbox 1995 1988 2252 2022; x_wconf 84' lang='lat' dir='ltr'>Universitatis</span> 
     </span>
     <span class='ocr_line' id='line_1_24' title="bbox 384 2055 2252 2101; baseline 0.002 -16"><span class='ocrx_word' id='word_1_253' title='bbox 384 2065 457 2085; x_wconf 89' lang='lat' dir='ltr'>non</span> <span class='ocrx_word' id='word_1_254' title='bbox 487 2060 653 2098; x_wconf 80' lang='lat' dir='ltr'>potuerat</span> <span class='ocrx_word' id='word_1_255' title='bbox 679 2055 807 2087; x_wconf 89' lang='lat' dir='ltr'>ordine</span> <span class='ocrx_word' id='word_1_256' title='bbox 835 2067 901 2087; x_wconf 94' lang='lat' dir='ltr'>suo</span> <span class='ocrx_word' id='word_1_257' title='bbox 931 2056 1116 2100; x_wconf 89' lang='lat' dir='ltr'>disputare</span> <span class='ocrx_word' id='word_1_258' title='bbox 1144 2055 1185 2090; x_wconf 86' lang='lat' dir='ltr'>cle</span> <span class='ocrx_word' id='word_1_259' title='bbox 1212 2056 1377 2101; x_wconf 80' lang='lat' dir='ltr'>quolibet,</span> <span class='ocrx_word' id='word_1_260' title='bbox 1408 2063 1444 2089; x_wconf 93' lang='lat' dir='ltr'>et</span> <span class='ocrx_word' id='word_1_261' title='bbox 1469 2057 1618 2089; x_wconf 88' lang='lat' dir='ltr'>fuerunt</span> <span class='ocrx_word' id='word_1_262' title='bbox 1647 2056 1708 2088; x_wconf 90' lang='lat' dir='ltr'>ille</span> <span class='ocrx_word' id='word_1_263' title='bbox 1736 2056 1995 2101; x_wconf 85' lang='lat' dir='ltr'>processiones</span> <span class='ocrx_word' id='word_1_264' title='bbox 2023 2056 2081 2088; x_wconf 92' lang='lat' dir='ltr'>die</span> <span class='ocrx_word' id='word_1_265' title='bbox 2106 2056 2252 2089; x_wconf 89' lang='lat' dir='ltr'>veneris</span> 
     </span>
     <span class='ocr_line' id='line_1_25' title="bbox 386 2120 2250 2168; baseline 0.002 -16"><span class='ocrx_word' id='word_1_266' title='bbox 386 2120 527 2153; x_wconf 84' lang='lat' dir='ltr'>ultima¹</span> <span class='ocrx_word' id='word_1_267' title='bbox 551 2127 632 2153; x_wconf 84' lang='lat' dir='ltr'>ante</span> <span class='ocrx_word' id='word_1_268' title='bbox 654 2122 947 2166; x_wconf 76' lang='lat' dir='ltr'>carnisprivium,</span> <span class='ocrx_word' id='word_1_269' title='bbox 970 2129 1005 2155; x_wconf 89' lang='lat' dir='ltr'>et</span> <span class='ocrx_word' id='word_1_270' title='bbox 1028 2124 1209 2167; x_wconf 86' lang='lat' dir='ltr'>potuisset</span> <span class='ocrx_word' id='word_1_271' title='bbox 1231 2123 1362 2156; x_wconf 86' lang='lat' dir='ltr'>dicbus</span> <span class='ocrx_word' id='word_1_272' title='bbox 1385 2124 1555 2156; x_wconf 86' lang='lat' dir='ltr'>mercurii</span> <span class='ocrx_word' id='word_1_273' title='bbox 1577 2130 1612 2156; x_wconf 92' lang='lat' dir='ltr'>et</span> <span class='ocrx_word' id='word_1_274' title='bbox 1632 2123 1717 2156; x_wconf 88' lang='lat' dir='ltr'>lune</span> <span class='ocrx_word' id='word_1_275' title='bbox 1739 2122 2023 2168; x_wconf 86' lang='lat' dir='ltr'>precedentibus</span> <span class='ocrx_word' id='word_1_276' title='bbox 2044 2122 2250 2168; x_wconf 81' lang='lat' dir='ltr'>disputare;</span> 
     </span>
    </p>
   </div>
   <div class='ocr_carea' id='block_1_11' title="bbox 386 2187 2254 2299">
    <p class='ocr_par' dir='ltr' id='par_1_11' title="bbox 386 2187 2254 2299">
     <span class='ocr_line' id='line_1_26' title="bbox 387 2187 2254 2235; baseline 0.002 -16"><span class='ocrx_word' id='word_1_277' title='bbox 387 2198 498 2231; x_wconf 88' lang='lat' dir='ltr'>super</span> <span class='ocrx_word' id='word_1_278' title='bbox 518 2199 587 2232; x_wconf 88' lang='lat' dir='ltr'>qua</span> <span class='ocrx_word' id='word_1_279' title='bbox 609 2187 817 2221; x_wconf 84' lang='lat' dir='ltr'>difficultate</span> <span class='ocrx_word' id='word_1_280' title='bbox 839 2188 950 2222; x_wconf 90' lang='lat' dir='ltr'>nichil</span> <span class='ocrx_word' id='word_1_281' title='bbox 976 2190 1042 2222; x_wconf 85' lang='lat' dir='ltr'>suit</span> <span class='ocrx_word' id='word_1_282' title='bbox 1072 2190 1298 2232; x_wconf 59' lang='lat' dir='ltr'>conclusunn</span> <span class='ocrx_word' id='word_1_283' title='bbox 1323 2191 1387 2223; x_wconf 86' lang='lat' dir='ltr'>sed</span> <span class='ocrx_word' id='word_1_284' title='bbox 1416 2190 1692 2235; x_wconf 84' lang='lat' dir='ltr'>relinquebatur</span> <span class='ocrx_word' id='word_1_285' title='bbox 1714 2201 1829 2235; x_wconf 87' lang='lat' dir='ltr'>usque</span> <span class='ocrx_word' id='word_1_286' title='bbox 1854 2190 1898 2223; x_wconf 87' lang='lat' dir='ltr'>ad</span> <span class='ocrx_word' id='word_1_287' title='bbox 1925 2190 2029 2223; x_wconf 88' lang='lat' dir='ltr'>aliam</span> <span class='ocrx_word' id='word_1_288' title='bbox 2051 2201 2254 2235; x_wconf 85' lang='lat' dir='ltr'>congrega-</span> 
     </span>
     <span class='ocr_line' id='line_1_27' title="bbox 386 2253 997 2299; baseline 0.007 -14"><span class='ocrx_word' id='word_1_289' title='bbox 386 2253 520 2286; x_wconf 88' lang='lat' dir='ltr'>tionem</span> <span class='ocrx_word' id='word_1_290' title='bbox 541 2266 611 2299; x_wconf 90' lang='lat' dir='ltr'>que</span> <span class='ocrx_word' id='word_1_291' title='bbox 632 2254 737 2288; x_wconf 88' lang='lat' dir='ltr'>fieret</span> <span class='ocrx_word' id='word_1_292' title='bbox 755 2267 836 2288; x_wconf 79' lang='lat' dir='ltr'>culn</span> <span class='ocrx_word' id='word_1_293' title='bbox 857 2256 997 2289; x_wconf 89' lang='lat' dir='ltr'>cedula.</span> 
     </span>
    </p>
   </div>
   <div class='ocr_carea' id='block_1_12' title="bbox 480 2351 931 2384">
    <p class='ocr_par' dir='ltr' id='par_1_12' title="bbox 480 2351 931 2384">
     <span class='ocr_line' id='line_1_28' title="bbox 480 2351 931 2384; baseline 0.007 -10"><span class='ocrx_word' id='word_1_294' title='bbox 480 2351 625 2375; x_wconf 74' lang='lat' dir='ltr'>Comment.</span> <span class='ocrx_word' id='word_1_295' title='bbox 643 2353 692 2376; x_wconf 79' lang='lat' dir='ltr'>sac.</span> <span class='ocrx_word' id='word_1_296' title='bbox 708 2353 787 2379; x_wconf 84' lang='lat' dir='ltr'>med..</span> <span class='ocrx_word' id='word_1_297' title='bbox 804 2354 824 2382; x_wconf 88' lang='lat'>1,</span> <span class='ocrx_word' id='word_1_298' title='bbox 835 2362 862 2384; x_wconf 90' lang='lat' dir='ltr'>p.</span> <span class='ocrx_word' id='word_1_299' title='bbox 876 2354 931 2377; x_wconf 78' lang='lat'><strong>230.</strong></span> 
     </span>
    </p>
   </div>
   <div class='ocr_carea' id='block_1_13' title="bbox 482 2435 652 2460">
    <p class='ocr_par' dir='ltr' id='par_1_13' title="bbox 482 2435 652 2460">
     <span class='ocr_line' id='line_1_29' title="bbox 482 2435 652 2460; baseline -0.006 0"><span class='ocrx_word' id='word_1_300' title='bbox 482 2435 506 2460; x_wconf 85' lang='lat'>1.</span> <span class='ocrx_word' id='word_1_301' title='bbox 523 2436 598 2459; x_wconf 87' lang='lat' dir='ltr'>Febr.</span> <span class='ocrx_word' id='word_1_302' title='bbox 616 2437 652 2459; x_wconf 80' lang='lat'>16.</span> 
     </span>
    </p>
   </div>
   <div class='ocr_carea' id='block_1_14' title="bbox 391 2533 2260 2586">
    <p class='ocr_par' dir='ltr' id='par_1_14' title="bbox 391 2533 2260 2586">
     <span class='ocr_line' id='line_1_30' title="bbox 391 2533 2260 2586; baseline 0.003 -17"><span class='ocrx_word' id='word_1_303' title='bbox 391 2533 418 2569; x_wconf 82' lang='lat'>2</span> <span class='ocrx_word' id='word_1_304' title='bbox 428 2534 534 2571; x_wconf 78' lang='grc'><strong>153.</strong></span> <span class='ocrx_word' id='word_1_305' title='bbox 558 2545 672 2570; x_wconf 79' lang='lat' dir='ltr'>Fratres</span> <span class='ocrx_word' id='word_1_306' title='bbox 689 2546 801 2571; x_wconf 75' lang='lat' dir='ltr'>Mar-chi</span> <span class='ocrx_word' id='word_1_307' title='bbox 814 2550 841 2572; x_wconf 85' lang='lat' dir='ltr'>et</span> <span class='ocrx_word' id='word_1_308' title='bbox 854 2547 998 2573; x_wconf 75' lang='lat' dir='ltr'>lohannes</span> <span class='ocrx_word' id='word_1_309' title='bbox 1012 2548 1047 2574; x_wconf 85' lang='lat' dir='ltr'>de</span> <span class='ocrx_word' id='word_1_310' title='bbox 1061 2548 1219 2583; x_wconf 72' lang='lat' dir='ltr'>Licarraga</span> <span class='ocrx_word' id='word_1_311' title='bbox 1237 2549 1302 2575; x_wconf 75' lang='lat' dir='ltr'>ord.</span> <span class='ocrx_word' id='word_1_312' title='bbox 1316 2549 1422 2575; x_wconf 88' lang='lat' dir='ltr'>Praed.</span> <span class='ocrx_word' id='word_1_313' title='bbox 1440 2554 1591 2576; x_wconf 70' lang='lat' dir='ltr'>conventus</span> <span class='ocrx_word' id='word_1_314' title='bbox 1605 2550 1819 2586; x_wconf 78' lang='lat' dir='ltr'>Pampilonens.</span> <span class='ocrx_word' id='word_1_315' title='bbox 1837 2549 1887 2575; x_wconf 83' lang='lat' dir='ltr'>diu</span> <span class='ocrx_word' id='word_1_316' title='bbox 1902 2550 1930 2575; x_wconf 84' lang='lat' dir='ltr'>in</span> <span class='ocrx_word' id='word_1_317' title='bbox 1951 2549 2141 2575; x_wconf 76' lang='lat' dir='ltr'>Universitate</span> <span class='ocrx_word' id='word_1_318' title='bbox 2156 2549 2260 2580; x_wconf 57' lang='lat' dir='ltr'>Paris.v</span> 
     </span>
    </p>
   </div>
   <div class='ocr_carea' id='block_1_15' title="bbox 476 2593 2258 2781">
    <p class='ocr_par' dir='ltr' id='par_1_15' title="bbox 476 2593 2258 2781">
     <span class='ocr_line' id='line_1_31' title="bbox 478 2593 2256 2635; baseline 0.003 -18"><span class='ocrx_word' id='word_1_319' title='bbox 478 2593 506 2617; x_wconf 85' lang='lat' dir='ltr'>in</span> <span class='ocrx_word' id='word_1_320' title='bbox 527 2593 670 2626; x_wconf 79' lang='lat' dir='ltr'>facultate</span> <span class='ocrx_word' id='word_1_321' title='bbox 694 2594 778 2621; x_wconf 77' lang='lat' dir='ltr'>tlteol.</span> <span class='ocrx_word' id='word_1_322' title='bbox 802 2595 982 2630; x_wconf 80' lang='lat' dir='ltr'>studuerunt,</span> <span class='ocrx_word' id='word_1_323' title='bbox 1009 2606 1165 2633; x_wconf 76' lang='lat' dir='ltr'>ctu-susque</span> <span class='ocrx_word' id='word_1_324' title='bbox 1188 2607 1256 2624; x_wconf 86' lang='lat' dir='ltr'>suos</span> <span class='ocrx_word' id='word_1_325' title='bbox 1275 2608 1364 2634; x_wconf 86' lang='lat' dir='ltr'>usque</span> <span class='ocrx_word' id='word_1_326' title='bbox 1389 2599 1429 2624; x_wconf 86' lang='lat' dir='ltr'>ad</span> <span class='ocrx_word' id='word_1_327' title='bbox 1451 2599 1647 2634; x_wconf 78' lang='lat' dir='ltr'>magisterium</span> <span class='ocrx_word' id='word_1_328' title='bbox 1664 2599 1880 2635; x_wconf 81' lang='lat' dir='ltr'>compleverunt.</span> <span class='ocrx_word' id='word_1_329' title='bbox 1901 2600 1966 2624; x_wconf 87' lang='lat' dir='ltr'>Cum</span> <span class='ocrx_word' id='word_1_330' title='bbox 1987 2602 2082 2624; x_wconf 82' lang='lat' dir='ltr'>autem</span> <span class='ocrx_word' id='word_1_331' title='bbox 2105 2607 2120 2624; x_wconf 83' lang='lat'>‹</span> <span class='ocrx_word' id='word_1_332' title='bbox 2136 2601 2256 2634; x_wconf 79' lang='lat' dir='ltr'>propter</span> 
     </span>
     <span class='ocr_line' id='line_1_32' title="bbox 476 2642 2257 2684; baseline 0.003 -18"><span class='ocrx_word' id='word_1_333' title='bbox 476 2650 597 2674; x_wconf 73' lang='lat' dir='ltr'>guerras</span> <span class='ocrx_word' id='word_1_334' title='bbox 613 2642 641 2668; x_wconf 88' lang='lat' dir='ltr'>in</span> <span class='ocrx_word' id='word_1_335' title='bbox 657 2652 742 2677; x_wconf 75' lang='lat' dir='ltr'>regno</span> <span class='ocrx_word' id='word_1_336' title='bbox 763 2645 883 2671; x_wconf 82' lang='lat' dir='ltr'>Francie</span> <span class='ocrx_word' id='word_1_337' title='bbox 899 2645 1022 2680; x_wconf 68' lang='lat' dir='ltr'>vigentes</span> <span class='ocrx_word' id='word_1_338' title='bbox 1039 2656 1053 2672; x_wconf 89' lang='lat'>»</span> <span class='ocrx_word' id='word_1_339' title='bbox 1068 2647 1130 2672; x_wconf 81' lang='lat' dir='ltr'>sine</span> <span class='ocrx_word' id='word_1_340' title='bbox 1144 2648 1225 2682; x_wconf 75' lang='lat' dir='ltr'>gravi</span> <span class='ocrx_word' id='word_1_341' title='bbox 1236 2657 1427 2684; x_wconf 79' lang='lat' dir='ltr'>personarum</span> <span class='ocrx_word' id='word_1_342' title='bbox 1446 2657 1564 2674; x_wconf 84' lang='lat' dir='ltr'>suarum</span> <span class='ocrx_word' id='word_1_343' title='bbox 1578 2648 1708 2684; x_wconf 82' lang='lat' dir='ltr'>periculo</span> <span class='ocrx_word' id='word_1_344' title='bbox 1725 2652 1751 2674; x_wconf 86' lang='lat' dir='ltr'>et</span> <span class='ocrx_word' id='word_1_345' title='bbox 1767 2648 1901 2684; x_wconf 69' lang='lat' dir='ltr'>eaepensis</span> <span class='ocrx_word' id='word_1_346' title='bbox 1922 2647 2004 2673; x_wconf 67' lang='lat' dir='ltr'>valde</span> <span class='ocrx_word' id='word_1_347' title='bbox 2025 2647 2202 2683; x_wconf 81' lang='lat' dir='ltr'>sumptuosis</span> <span class='ocrx_word' id='word_1_348' title='bbox 2216 2646 2257 2672; x_wconf 87' lang='lat' dir='ltr'>ad</span> 
     </span>
     <span class='ocr_line' id='line_1_33' title="bbox 479 2690 2258 2733; baseline 0.004 -19"><span class='ocrx_word' id='word_1_349' title='bbox 479 2690 574 2715; x_wconf 84' lang='lat' dir='ltr'>Paris.</span> <span class='ocrx_word' id='word_1_350' title='bbox 605 2692 820 2719; x_wconf 74' lang='lat' dir='ltr'>Universitatem</span> <span class='ocrx_word' id='word_1_351' title='bbox 843 2694 979 2720; x_wconf 84' lang='lat' dir='ltr'>accedere</span> <span class='ocrx_word' id='word_1_352' title='bbox 996 2704 1049 2730; x_wconf 83' lang='lat' dir='ltr'>pro</span> <span class='ocrx_word' id='word_1_353' title='bbox 1073 2696 1257 2732; x_wconf 83' lang='lat' dir='ltr'>suscipiendo</span> <span class='ocrx_word' id='word_1_354' title='bbox 1278 2698 1475 2731; x_wconf 80' lang='lat' dir='ltr'>magisterium</span> <span class='ocrx_word' id='word_1_355' title='bbox 1500 2706 1555 2723; x_wconf 88' lang='lat' dir='ltr'>non</span> <span class='ocrx_word' id='word_1_356' title='bbox 1574 2698 1697 2733; x_wconf 77' lang='lat' dir='ltr'>possint,</span> <span class='ocrx_word' id='word_1_357' title='bbox 1722 2697 1870 2733; x_wconf 79' lang='lat' dir='ltr'>supplicat</span> <span class='ocrx_word' id='word_1_358' title='bbox 1892 2696 2011 2722; x_wconf 86' lang='lat' dir='ltr'>Carolus</span> <span class='ocrx_word' id='word_1_359' title='bbox 2034 2697 2183 2722; x_wconf 74' lang='lat' dir='ltr'>Navarrae</span> <span class='ocrx_word' id='word_1_360' title='bbox 2205 2704 2258 2722; x_wconf 77' lang='lat' dir='ltr'>rex</span> 
     </span>
     <span class='ocr_line' id='line_1_34' title="bbox 480 2739 2254 2781; baseline 0.004 -18"><span class='ocrx_word' id='word_1_361' title='bbox 480 2739 604 2764; x_wconf 69' lang='lat' dir='ltr'>Mar-tino</span> <span class='ocrx_word' id='word_1_362' title='bbox 620 2741 646 2774; x_wconf 84' lang='lat' dir='ltr'>V,</span> <span class='ocrx_word' id='word_1_363' title='bbox 663 2744 693 2766; x_wconf 87' lang='lat' dir='ltr'>ut</span> <span class='ocrx_word' id='word_1_364' title='bbox 704 2742 875 2775; x_wconf 79' lang='lat' dir='ltr'>facultatem</span> <span class='ocrx_word' id='word_1_365' title='bbox 889 2744 1047 2779; x_wconf 81' lang='lat' dir='ltr'>recipiendi</span> <span class='ocrx_word' id='word_1_366' title='bbox 1060 2745 1257 2779; x_wconf 77' lang='lat' dir='ltr'>magisterium</span> <span class='ocrx_word' id='word_1_367' title='bbox 1271 2746 1324 2771; x_wconf 82' lang='lat' dir='ltr'>sub</span> <span class='ocrx_word' id='word_1_368' title='bbox 1336 2746 1434 2781; x_wconf 83' lang='lat' dir='ltr'>aliquo</span> <span class='ocrx_word' id='word_1_369' title='bbox 1447 2747 1584 2781; x_wconf 80' lang='lat' dir='ltr'>magistro</span> <span class='ocrx_word' id='word_1_370' title='bbox 1598 2746 1639 2772; x_wconf 88' lang='lat' dir='ltr'>eis</span> <span class='ocrx_word' id='word_1_371' title='bbox 1651 2746 1745 2772; x_wconf 87' lang='lat' dir='ltr'>donet.</span> <span class='ocrx_word' id='word_1_372' title='bbox 1759 2762 1794 2765; x_wconf 93' lang='lat'>—</span> <span class='ocrx_word' id='word_1_373' title='bbox 1806 2747 1868 2772; x_wconf 84' lang='lat' dir='ltr'>Fiat</span> <span class='ocrx_word' id='word_1_374' title='bbox 1881 2748 1915 2772; x_wconf 76' lang='lat' dir='ltr'>ut</span> <span class='ocrx_word' id='word_1_375' title='bbox 1925 2746 2036 2779; x_wconf 81' lang='lat' dir='ltr'>petitur</span> <span class='ocrx_word' id='word_1_376' title='bbox 2050 2753 2104 2779; x_wconf 88' lang='lat' dir='ltr'>pro</span> <span class='ocrx_word' id='word_1_377' title='bbox 2117 2747 2254 2779; x_wconf 83' lang='lat' dir='ltr'>utroque.</span> 
     </span>
    </p>
   </div>
   <div class='ocr_carea' id='block_1_16' title="bbox 481 2786 1381 2825">
    <p class='ocr_par' dir='ltr' id='par_1_16' title="bbox 481 2786 1381 2825">
     <span class='ocr_line' id='line_1_35' title="bbox 481 2786 1381 2825; baseline 0.01 -13"><span class='ocrx_word' id='word_1_378' title='bbox 481 2786 514 2812; x_wconf 94' lang='lat' dir='ltr'>O.</span> <span class='ocrx_word' id='word_1_379' title='bbox 530 2803 565 2806; x_wconf 86' lang='lat'><strong>—</strong></span> <span class='ocrx_word' id='word_1_380' title='bbox 580 2789 643 2814; x_wconf 90' lang='lat' dir='ltr'>Dat.</span> <span class='ocrx_word' id='word_1_381' title='bbox 661 2790 804 2817; x_wconf 86' lang='lat' dir='ltr'>Florentie</span> <span class='ocrx_word' id='word_1_382' title='bbox 817 2792 1011 2819; x_wconf 84' lang='lat' dir='ltr'>sextodecimo</span> <span class='ocrx_word' id='word_1_383' title='bbox 1026 2794 1082 2820; x_wconf 86' lang='lat' dir='ltr'>kal.</span> <span class='ocrx_word' id='word_1_384' title='bbox 1100 2795 1203 2825; x_wconf 85' lang='lat' dir='ltr'>Martii,</span> <span class='ocrx_word' id='word_1_385' title='bbox 1220 2803 1267 2823; x_wconf 83' lang='lat' dir='ltr'>an.</span> <span class='ocrx_word' id='word_1_386' title='bbox 1285 2796 1381 2822; x_wconf 84' lang='lat' dir='ltr'>tertio.</span> 
     </span>
    </p>
   </div>
   <div class='ocr_carea' id='block_1_17' title="bbox 487 2831 1970 2909">
    <p class='ocr_par' dir='ltr' id='par_1_17' title="bbox 487 2831 1970 2909">
     <span class='ocr_line' id='line_1_36' title="bbox 1522 2831 1970 2861; baseline -0.002 -4"><span class='ocrx_word' id='word_1_387' title='bbox 1522 2831 1596 2861; x_wconf 75' lang='lat'><strong><em>1420,</em></strong></span> <span class='ocrx_word' id='word_1_388' title='bbox 1612 2831 1746 2858; x_wconf 80' lang='lat' dir='ltr'>Februarii</span> <span class='ocrx_word' id='word_1_389' title='bbox 1758 2831 1801 2861; x_wconf 81' lang='lat'>24.</span> <span class='ocrx_word' id='word_1_390' title='bbox 1817 2831 1970 2857; x_wconf 78' lang='lat' dir='ltr'>Florentiae.</span> 
     </span>
     <span class='ocr_line' id='line_1_37' title="bbox 487 2875 1026 2909; baseline 0.015 -12"><span class='ocrx_word' id='word_1_391' title='bbox 487 2875 548 2906; x_wconf 80' lang='lat' dir='ltr'>Reg.</span> <span class='ocrx_word' id='word_1_392' title='bbox 562 2876 654 2907; x_wconf 80' lang='lat' dir='ltr'>Suppl.</span> <span class='ocrx_word' id='word_1_393' title='bbox 669 2878 744 2901; x_wconf 81' lang='lat' dir='ltr'>Murt-</span> <span class='ocrx_word' id='word_1_394' title='bbox 760 2879 789 2909; x_wconf 80' lang='lat' dir='ltr'>V,</span> <span class='ocrx_word' id='word_1_395' title='bbox 804 2884 833 2902; x_wconf 88' lang='lat' dir='ltr'>n⁰</span> <span class='ocrx_word' id='word_1_396' title='bbox 845 2880 899 2907; x_wconf 75' lang='lat'>134.</span> <span class='ocrx_word' id='word_1_397' title='bbox 915 2881 958 2904; x_wconf 81' lang='lat' dir='ltr'>sol.</span> <span class='ocrx_word' id='word_1_398' title='bbox 976 2881 1026 2905; x_wconf 78' lang='lat' dir='ltr'>76b.</span> 
     </span>
    </p>
   </div>
   <div class='ocr_carea' id='block_1_18' title="bbox 2445 1148 2502 3282">
    <p class='ocr_par' dir='ltr' id='par_1_18' title="bbox 2445 1148 2502 3282">
     <span class='ocr_line' id='line_1_38' title="bbox 2445 1148 2502 3282; baseline 0 0"><span class='ocrx_word' id='word_1_399' title='bbox 2445 1148 2502 3282; x_wconf 95' lang='lat' dir='ltr'> </span> 
     </span>
    </p>
   </div>
  </div>
 </body>
</html>
