2502 3418
261 353 356 388 1411]
609 366 655 387 AB
690 366 795 387 anno
830 366 1119 389 MCCCLXXXX1V
1155 368 1286 396 usone
1318 370 1366 390 AD
1402 370 1538 391 :xix-arn
1576 371 1781 393 nicaeeni.
2066 364 2130 396 203

255 440 411 472 afferens
439 439 610 484 quietem,
640 446 674 472 et
695 439 740 472 ob
762 439 830 472 hoc
858 440 1009 472 multum
1039 440 1146 474 nobis
1174 442 1289 482 cordi,
1322 443 1451 475 iterum
1482 443 1602 475 denuo
1633 444 1837 477 scribentes
1869 458 2039 490 rogamus
2064 459 2128 479 vos

258 501 443 551 prosequi.

345 574 532 605 Postremo
550 584 617 605 nos
633 584 743 617 super
757 574 883 606 merita
901 574 1130 618 promotione
1148 575 1342 608 reverendi
1360 576 1396 608 in
1409 576 1556 609 Christo
1575 577 1686 621 patris
1702 577 1838 609 domini
1855 577 1994 610 abbatis
2011 579 2127 611 Sancti

256 640 416 684 Crispini
439 639 753 680 Suessionensis²,
773 640 1002 672 decretorum
1025 640 1200 682 doctoris„
1219 641 1416 675 scribimus
1439 643 1671 675 sanctissimo
1689 643 1836 676 domino
1859 650 1997 676 nostro.
2017 644 2130 677 Vobis

257 707 361 739 etiam
394 706 695 751 supplicationem
726 707 904 750 quandam
936 707 1088 739 rectoris
1117 714 1242 740 nostre
1271 709 1529 741 Universitatis
1560 709 1851 750 transmiuinms,
1881 722 1945 754 pro
1976 723 2127 755 quorum

256 773 409 805 duorum
437 772 729 817 promotionibus
750 779 883 806 attente
906 780 941 805 et
962 773 1119 806 fideliter
1139 773 1306 807 laborare
1328 775 1459 808 assectu
1485 787 1556 819 quo
1585 776 1718 820 majore
1747 788 1943 820 possumus
1965 777 2130 809 caritates

256 846 394 873 vestras
415 840 628 884 rogitamus,
647 851 801 884 quorum
823 840 962 879 merita,
985 852 1065 872 cum
1088 840 1189 885 ipsos
1211 853 1304 886 eque
1326 854 1365 874 ac
1387 853 1454 874 nos
1476 842 1714 887 cognoscitis,
1732 854 1825 887 opus
1847 855 1918 875 non
1940 843 2006 875 fuit
2027 843 2130 875 vobis

256 906 474 939 scribere...
492 908 581 940 Vota
599 913 717 939 vestra
738 906 916 939 secundet
935 906 1161 940 Altissimus.
1185 908 1314 940 Datum
1340 908 1376 940 in
1398 915 1522 941 nostra
1542 909 1829 953 congregatione
1852 909 2014 954 generali
2036 910 2127 954 apud

256 974 423 1006 Sanctum
446 974 664 1006 Maturinum
686 973 774 1017 xvija
795 973 853 1005 die
876 973 1006 1006 Martii.

348 1085 463 1108 Minuta
477 1085 593 1108 chartac.
606 1085 631 1108 in
647 1085 725 1109 Arch.
744 1089 796 1108 nat.
814 1085 907 1113 Paris..
926 1086 948 1108 M
964 1087 1016 1115 (55¹⁸,
1034 1090 1062 1108 n⁰
1080 1083 1126 1108 156'
1139 1086 1211 1115 (olim
1228 1087 1256 1109 Α.
1272 1087 1311 1110 33.
1328 1087 1456 1116 mmmm).

346 1182 371 1207 1.
386 1182 514 1205 Johannis
528 1183 559 1205 de
573 1182 720 1206 Servavilla
733 1182 797 1211 (vid.
813 1191 894 1213 supra
905 1191 931 1213 p.
944 1184 981 1211 78‚
997 1186 1050 1206 not.
1067 1184 1099 1212 8).
1115 1183 1165 1206 Sed
1178 1186 1240 1206 tunc
1255 1184 1351 1206 nullibi
1367 1188 1505 1214 promotus
1520 1188 1567 1208 est.
1580 1185 1765 1208 Verisimiliter
1777 1185 1942 1208 Universitas
1962 1185 2036 1216 petiit
2052 1189 2080 1208 ut
2096 1186 2128 1208 ad

251 1228 432 1259 episcopatum
450 1228 489 1250 vel
503 1227 536 1250 nd
552 1227 687 1250 meliorem
703 1227 838 1250 abbatiam
852 1231 1064 1258 promoveretur.

257 1453 397 1490 1916.
424 1461 550 1495 θαι-οἶκε,
570 1461 630 1487 dux
644 1461 856 1495 Accrelianens.,
872 1462 1003 1497 postulat
1022 1462 1059 1487 ab
1079 1462 1266 1488 Uniuersitate
1284 1463 1389 1496 Paris.y
1407 1467 1436 1487 u!
1453 1463 1489 1487 ab
1507 1463 1571 1498 ipsa
1594 1472 1703 1488 error-es
1727 1463 1754 1488 in
1774 1464 1970 1499 propositione
1990 1464 2129 1489 Jolmnnis

341 1511 425 1536 Parvi
439 1511 474 1536 de
487 1519 553 1536 nece
565 1512 659 1547 patris
673 1512 720 1536 sui
735 1511 868 1537 Ludovlci
881 1511 1052 1545 delegantur·
1068 1516 1095 1537 et
1108 1511 1339 1538 condemnentur.

1424 1602 1488 1631 1411,
1509 1609 1598 1627 mense
1610 1602 1710 1631 Martio,
1728 1602 1842 1628 Parisiis.

342 1702 431 1733 Cum
461 1701 532 1733 dux
556 1701 833 1734 Aurelianensis
862 1701 992 1734 litteris
1023 1702 1100 1734 suis
1128 1701 1262 1735 clausis
1294 1702 1527 1735 Universitati
1561 1709 1595 1734 et
1623 1703 1760 1735 nationi
1789 1703 1974 1735 Gallicane
2006 1704 2128 1736 missis

251 1774 446 1809 assereret,
470 1768 758 1812 propositionem
781 1780 896 1813 nuper
919 1780 981 1813 per
1003 1780 1095 1813 mag.
1123 1768 1326 1801 Johannem
1348 1769 1451 1801 Parvi
1475 1775 1599 1801 contra
1622 1769 1830 1802 defunctum
1855 1776 1990 1814 patrem
2013 1770 2128 1814 ipsius

251 1835 387 1867 domini
409 1847 527 1867 coram
550 1835 708 1868 dominis
731 1835 916 1879 regalibus
942 1842 977 1868 et
1006 1836 1105 1880 regis
1130 1835 1285 1868 consilio
1309 1835 1480 1880 prolatam
1504 1836 1692 1868 continere
1715 1836 1847 1868 multos
1875 1848 2018 1869 errores
2039 1837 2127 1869 into-

251 1901 421 1934 lerabiles
443 1902 478 1934 in
502 1901 664 1935 moribus
686 1909 721 1934 et
747 1902 829 1942 fide³
858 1914 939 1944 cuin
967 1902 1065 1934 omni
1095 1902 1264 1935 instantia
1293 1902 1515 1947 requirendo
1545 1903 1827 1935 Universitatem
1849 1909 1883 1935 et
1905 1902 2127 1935 exhortando

251 1975 418 2013 tanquam
453 1968 644 2013 religionis
679 1968 854 2002 catholice
889 1969 1092 2002 zelatricem
1124 1976 1158 2002 et
1192 1969 1471 2002 defensatricem
1504 1969 1678 2010 veritatis,
1719 1969 1888 2013 quatinus
1927 1970 2128 2014 premissos

251 2047 395 2068 errores
415 2035 523 2068 vellet
554 2035 739 2080 detegere,
768 2036 950 2076 damnare,
979 2036 1241 2080 damnatosque
1270 2042 1305 2068 et
1334 2035 1585 2068 intolerabiles
1619 2036 1849 2080 preconizarc
1877 2048 1883 2068 ς
1914 2036 2128 2069 deliberavit

250 2103 346 2134 natio
376 2102 597 2143 [(}allicana].
629 2103 726 2147 quod
757 2103 917 2147 predicta
948 2103 1151 2147 propositio
1182 2114 1247 2147 per
1273 2102 1479 2135 facultatem
1513 2102 1698 2147 theologie
1728 2109 1762 2135 et
1796 2102 1886 2135 alios
1917 2103 2126 2148 solempnes

251 2168 442 2213 deputatos
461 2169 640 2202 facultatis
662 2170 796 2203 decret.
822 2170 1030 2203 visitaretur
1052 2176 1189 2202 mature
1211 2176 1246 2202 et
1266 2169 1426 2214 digeste3
1456 2178 1488 2202 et
1519 2170 1548 2202 si
1570 2169 1712 2214 aliquos
1735 2169 1824 2202 tales
1847 2182 1990 2202 errores
2012 2171 2126 2203 conti-

251 2242 365 2276 neret7
387 2248 478 2280 quos
499 2236 570 2280 ipsi
592 2236 754 2281 theologi
782 2243 815 2269 et
838 2237 971 2281 juriste
993 2243 1188 2269 censerent
1208 2236 1476 2274 intolerabiles,
1505 2236 1603 2280 quod
1625 2236 1865 2277 Univcrsitas,
1889 2243 2059 2280 quantum
2081 2237 2124 2269 ad

250 2314 325 2335 eam
348 2309 497 2347 spectat,
521 2303 599 2335 scil.
622 2304 833 2336 auctoritate
855 2303 1047 2336 doctrinali
1075 2304 1176 2348 ipsos
1199 2303 1398 2344 damnaret,
1425 2303 1596 2335 veritates
1624 2302 1818 2335 catholicas
1847 2303 1899 2335 eis
1926 2304 2124 2336 contrarias

250 2369 483 2414 predicando7
512 2376 547 2402 et
575 2369 732 2414 publice,
760 2370 1065 2415 quemadmodum
1094 2382 1240 2403 errores
1270 2370 1418 2402 suerunt
1448 2369 1590 2414 prolati,
1619 2369 1896 2414 preconizando.
1928 2371 1970 2402 Et
1997 2369 2123 2414 hujus-

251 2436 347 2468 modi
368 2436 667 2469 deliberationem
689 2436 803 2469 voluit
831 2437 926 2470 natio
956 2437 1033 2469 suis
1063 2437 1195 2469 litteris
1216 2436 1351 2469 clausis
1374 2436 1469 2468 dicto
1493 2436 1641 2468 domino
1665 2435 1745 2467 duci
1775 2436 1952 2468 intimare.
1978 2451 1993 2467 «
2017 2438 2122 2469 Anno

251 2503 394 2535 Domini
418 2504 514 2543 1410,
539 2515 663 2536 mense
686 2504 827 2536 Martio.
848 2518 863 2534 »

341 2615 438 2638 Parcie
452 2616 498 2638 des
507 2614 594 2644 piceas
608 2619 632 2637 ct
644 2619 717 2639 actes
732 2615 783 2644 qui
798 2620 964 2639 concernunt
979 2615 1157 2639 I'Unz'vcrsice'
1171 2617 1202 2638 de
1220 2615 1312 2642 Paris,
1332 2623 1383 2637 ree.
1400 2622 1442 2637 xix·
1458 2614 1532 2644 (alias
1550 2620 1618 2642 xm),
1635 2622 1661 2644 p.
1682 2614 1689 2635 1
1703 2622 1706 2638 ;
1726 2614 1800 2637 nrt..
1820 2614 1848 2643 V,
1860 2614 1914 2638 215,
1929 2622 1941 2636 e
1955 2614 2000 2636 lib.
2014 2622 2119 2644 procur.

249 2662 301 2681 nat.
318 2659 412 2682 Gallie.
431 2673 463 2676 —
478 2659 582 2681 Minime
599 2662 684 2681 tamen
705 2663 765 2682 tune
785 2660 954 2690 congregatio
977 2661 1045 2682 sacta
1061 2663 1100 2682 est
1121 2660 1151 2682 de
1174 2659 1309 2682 erroribus
1330 2659 1391 2682 doh.
1418 2659 1502 2683 Parvi.
1524 2659 1593 2689 quud
1615 2666 1657 2681 an.
1680 2658 1749 2682 1413,
1771 2658 1897 2681 Nox-emb.
1913 2659 1951 2685 30,
1976 2667 2046 2689 mag.
2061 2659 2120 2682 Joh.

247 2702 373 2734 d'Achery
388 2703 590 2734 pronuntiavit:
608 2714 620 2724 (ι
636 2703 662 2726 Si
685 2704 796 2726 facultas
814 2704 893 2728 theol.
910 2704 1072 2735 providisset
1092 2704 1162 2726 circa
1183 2712 1286 2726 errores
1350 2704 1420 2725 mala
1435 2712 1484 2733 que
1502 2706 1628 2725 venerunt
1644 2702 1668 2724 in
1686 2702 1736 2724 isto
1753 2710 1833 2733 regno
1853 2711 1903 2725 non
1919 2703 2068 2726 evenissent

247 2747 319 2770 Nunc
342 2751 402 2770 sunt
424 2749 475 2770 duo
500 2748 570 2775 anni,
594 2748 663 2779 quod
684 2748 775 2778 aliqui
799 2749 830 2771 dc
853 2749 941 2772 sacult.
967 2749 1046 2772 theol.
1069 2749 1240 2779 1·e.1uircbant
1262 2748 1497 2778 congregationem
1522 2755 1601 2777 super
1622 2747 1690 2769 dicta
1715 2747 1894 2777 propositione
1919 2747 1982 2770 dicti
2002 2749 2122 2779 magistri

247 2792 374 2815 Johannis
398 2793 475 2815 Parvi
492 2793 557 2819 fieri,
579 2796 603 2815 et
623 2792 716 2823 aliqui
735 2793 903 2824 requirebant
920 2794 989 2824 quod
1010 2802 1069 2820 non,
1089 2793 1204 2815 <licentes
1223 2793 1291 2823 quod
1311 2801 1361 2815 non
1384 2792 1547 2822 expediebat,
1571 2795 1595 2813 et
1619 2791 1656 2813 sic
1677 2791 1812 2815 discussio
1827 2791 1917 2821 ipsius
1937 2794 2076 2817 ren'lclnsz't
2092 2794 2121 2817 171

246 2843 381 2867 suspenso
395 2846 406 2857 »
422 2837 500 2866 (Bibl.
514 2841 567 2860 nat.
584 2837 678 2865 Paris,
695 2845 744 2860 ms.
758 2837 804 2860 lat.
824 2838 907 2866 148611,
924 2838 967 2861 sol.
990 2838 1032 2865 13;
1052 2838 1118 2868 Opp.
1135 2838 1259 2864 (ἰαὶ-3οη,
1280 2837 1307 2864 v,
1327 2845 1352 2867 p.
1366 2837 1416 2867 05).
1436 2837 1565 2859 observat
1582 2836 1641 2859 Rel.
1664 2836 1695 2858 de
1711 2835 1916 2866 steine-Deum,
1938 2837 1965 2864 V,
1986 2838 2040 2866 270,
2060 2841 2121 2860 tunc

249 2881 441 2904 formidabilem
464 2882 645 2904 auctoritatem
668 2882 742 2904 ducis
763 2882 931 2912 Burgundiae
956 2882 1100 2911 obstitisse,
1126 2885 1154 2904 ut
1174 2881 1299 2912 religioso
1324 2881 1430 2911 saepius
1456 2880 1601 2902 sciscitanti
1626 2880 1845 2910 respondebatur.
1870 2880 1960 2903 Solum
1978 2885 2039 2912 post
2055 2883 2120 2913 Aug.

247 2933 289 2948 an.
308 2926 374 2954 1413,
390 2926 464 2948 ducis
480 2926 648 2957 Burgundiae
664 2930 793 2957 potestate
804 2927 933 2949 diminuta
948 2927 1059 2957 ipsoque
1074 2930 1170 2954 amoto,
1188 2936 1200 2947 (ι
1216 2926 1327 2948 facultas
1351 2925 1434 2948 libera
1450 2924 1595 2955 suppositis
1611 2924 1798 2947 Universitatis
1816 2924 1899 2948 Paris.
1911 2933 2035 2948 concessa
2049 2930 2088 2949 cst
2099 2937 2121 2950 υ.
