2502 3418
267 328 365 365 1441]
612 341 659 362 AB
694 341 799 362 ANNO
835 340 1123 364 mcccmcxxxw
1153 340 1285 368 USQUE
1320 341 1367 362 An
1402 341 1540 363 ANNUM
1575 342 1781 364 mccccm.
2064 335 2126 369 617

267 414 481 456 Florenti'n.³
504 422 588 448 tunc
610 415 653 448 ad
677 421 798 460 partes
820 414 993 447 Franchie
1021 415 1192 447 nuncium
1219 414 1262 447 al)
1288 415 1412 447 eadem
1436 415 1622 448 sanctitate
1651 428 1730 448 cum
1758 423 1934 460 potestate
1956 418 2063 461 legati
2086 419 2129 451 de

268 481 379 515 latere
401 482 636 523 destinatum,
658 493 929 522 concessarum,
952 493 1095 514 necnon
1115 493 1353 526 processuum
1377 482 1461 514 inde
1484 488 1691 514 secutorum
1715 483 1757 515 ad
1779 483 1865 515 Ord.
1885 484 1919 516 S.
1944 485 2130 517 Benedicti

267 561 309 582 se
331 549 527 590 transtulit,
550 555 585 582 et
605 549 641 581 in
663 561 704 581 eo
727 549 992 593 professionem
1015 549 1147 589 emisit,
1166 548 1283 593 ipsius
1305 548 1464 581 habitum
1484 548 1628 593 publice
1650 549 1862 582 deserendo.
1888 551 1975 583 Cum
2000 558 2131 593 autem,

269 617 306 648 P.
326 616 473 655 S.,licet
490 616 608 648 dictus
625 627 811 660 exponens
828 615 948 660 cupiat
965 615 1002 647 in
1019 615 1114 648 dicto
1132 616 1174 649 O.
1195 616 1228 648 S.
1253 617 1291 649 B.
1311 628 1497 648 remanere
1515 622 1550 648 et
1570 616 1613 648 ad
1631 616 1773 648 laudem
1791 617 1953 660 ejusdem
1974 619 2008 649 S.
2027 625 2132 662 atque

268 683 368 716 sedis
384 689 500 728 apost.
520 683 624 716 etiam
642 689 766 715 contra
784 683 901 715 dictos
924 683 1149 716 'scislnaticos
1174 695 1364 715 sermones
1387 690 1421 715 et
1444 690 1544 716 actus
1568 682 1736 728 publicos
1758 683 1927 728 quotiens
1951 696 2042 729 opus
2069 685 2134 717 erit

268 761 452 790 exercere⁷
471 756 625 782 attamen
646 749 786 782 dubitat
806 749 896 781 illud
918 749 1055 794 absque
1079 749 1243 783 ulteriori
1265 750 1411 782 licentia
1434 751 1472 783 E.
1497 751 1531 782 S.
1555 750 1754 794 adimplere
1778 762 1850 782 non
1877 762 1997 794 posse.
2024 752 2136 796 [Sup-

265 817 379 861 plicat
395 822 434 850 ut
449 817 492 850 ab
507 816 863 850 excommunicatione
877 822 911 850 et
927 816 1013 850 aliis
1027 817 1224 857 sententiis,
1243 817 1399 850 censuris
1414 822 1447 850 et
1456 817 1595 861 paenis,
1609 817 1643 850 si
1655 828 1740 862 quas
1757 817 1966 858 incurrerit,
1980 818 2138 851 absolva-

268 889 342 925 tur,
365 889 398 917 et
419 884 582 929 beneficia
600 883 756 928 recipere
772 884 980 928 possit.]—
995 884 1221 917 Concessum
1240 890 1278 916 ut
1299 884 1433 929 petitur
1450 890 1484 916 et
1505 884 1547 916 ad
1565 883 1755 916 beneficia.
1779 885 1819 916 In
1836 884 2020 929 presentia
2042 885 2137 917 dom.

271 951 388 984 nostri
406 963 509 996 pape.
529 951 569 984 C.
592 951 806 983 ARIMINENs.
823 971 867 975 —
883 952 960 983 Dat.
986 950 1168 984 Florentio
1188 951 1247 984 xiv
1264 951 1332 984 kal.
1356 951 1487 991 Martii,
1511 963 1604 984 anno
1623 951 1777 984 decimo.

364 1049 458 1080 Suppl.
472 1049 572 1080 Eugen.
586 1049 626 1077 lv,
640 1053 670 1071 n⁰
685 1050 740 1079 364,
754 1049 798 1072 sol.
810 1048 861 1072 (13¹².
874 1063 903 1066 -—
914 1049 962 1073 An.
975 1049 1044 1077 1445,
1059 1049 1142 1080 April.
1155 1049 1193 1078 21,
1206 1057 1265 1071 cum
1278 1057 1289 1071 (t
1300 1049 1408 1072 Adeline
1424 1057 1434 1072 e»
1449 1052 1519 1072 esset
1533 1057 1659 1080 praesens
1674 1049 1699 1071 in
1711 1048 1785 1071 curia
1800 1050 1885 1077 Rom„
1900 1052 1990 1080 petens
2004 1049 2141 1077 beneficia,

267 1093 323 1124 jam
344 1093 393 1116 suit
409 1093 484 1124 prior
504 1093 550 1117 SS.
569 1093 693 1117 Germani
709 1096 734 1116 et
750 1093 877 1116 Vincentii
892 1093 917 1116 in
934 1094 1012 1124 Laya,
1030 1093 1060 1116 Ο.
1079 1094 1105 1116 S.
1125 1093 1152 1116 Β.
1171 1094 1275 1124 (Suppl.
1293 1097 1322 1116 n⁰
1340 1095 1394 1123 398,
1413 1093 1457 1117 sol.
1477 1093 1547 1121 101b;
1565 1094 1628 1124 Reg.
1644 1094 1711 1121 Lat.,
1729 1097 1758 1116 n⁰
1773 1094 1827 1122 tito,
1850 1093 1894 1116 sol.
1909 1093 1972 1123 l10¹³).
1994 1094 2042 1117 Per
2062 1102 2143 1125 supra

271 1138 340 1161 edita
357 1138 483 1161 certiores
500 1138 561 1161 sacti
574 1146 666 1161 sumus
683 1138 714 1161 de
727 1138 809 1161 variis
825 1138 938 1161 statibus
954 1138 1033 1169 hujus
1047 1137 1107 1166 viri,
1124 1137 1167 1169 qui
1186 1141 1239 1160 tam
1254 1138 1357 1161 tristem
1377 1138 1454 1161 finem
1470 1138 1573 1161 habuit.
1589 1138 1644 1161 Non
1660 1146 1723 1169 ergo
1737 1141 1813 1161 antea
1831 1147 1842 1161 α
1861 1138 1999 1169 Augustin.
2015 1147 2026 1161 ))
2045 1139 2102 1168 fuit,
2117 1142 2145 1162 ut

272 1182 400 1206 asseritur
414 1182 440 1205 in
456 1183 586 1207 Chartier
604 1183 718 1212 Chrom,
738 1183 779 1207 ed.
802 1183 908 1206 VALLET
928 1190 962 1206 m:
983 1183 1194 1211 v11uv121.1z‚111‚
1210 1191 1236 1214 p.
1252 1184 1291 1211 lili,
1315 1182 1369 1211 ubi,
1393 1186 1421 1206 ut
1441 1182 1517 1211 alias,
1538 1186 1648 1206 vocatur
1671 1191 1681 1206 t(
1702 1183 1810 1206 Edeline
1828 1191 1850 1206 ».
1869 1183 1925 1206 Non
1945 1184 2144 1206 confundendus

272 1231 312 1252 est
326 1236 385 1250 cum
399 1227 540 1251 Guillelmo
556 1227 652 1256 Adelie,
670 1236 716 1251 seu
732 1227 830 1256 Edelie,
847 1228 891 1259 qui
911 1227 960 1251 suit
974 1227 1037 1251 ord.
1054 1227 1147 1251 Praed.
1164 1230 1189 1251 et
1199 1227 1327 1258 magister
1342 1227 1496 1256 Parisiens.,
1512 1228 1575 1250 dum
1590 1230 1681 1250 contra
1696 1227 1804 1250 Adeline
1820 1228 1950 1251 Avenione
1966 1228 2016 1251 sub
2026 1229 2145 1252 Johanne

271 1272 339 1300 Faci,
357 1271 445 1303 priore
461 1272 579 1303 generali
595 1272 691 1300 Carm.,
706 1281 800 1295 cursus
818 1272 878 1296 fecit
894 1276 919 1295 et
934 1272 1069 1295 licentiam
1084 1272 1191 1303 recepit,
1210 1272 1394 1303 magisterium
1408 1272 1434 1295 in
1448 1272 1521 1295 curia
1538 1273 1611 1296 Rom.
1631 1272 1736 1303 (Suppl.
1750 1273 1849 1303 Eugen.
1865 1273 1906 1301 lv,
1922 1276 1951 1295 n⁰
1963 1274 2016 1301 366,
2034 1273 2080 1297 fol.
2097 1274 2145 1304 75).

267 1312 368 1348 ‘Utique
379 1320 465 1340 tamen
477 1317 631 1340 relationem
641 1317 721 1340 habet
736 1317 769 1340 ad
780 1317 988 1341 Universitatem
999 1317 1084 1341 Paris.
1101 1317 1166 1340 Nam
1183 1325 1240 1340 cum
1255 1317 1412 1341 Guillelmus
1429 1316 1542 1340 illustris
1558 1317 1696 1348 cujusdam
1711 1317 1839 1340 foeminae
1855 1317 1990 1340 amoribus
2005 1321 2145 1345 teneretur,

271 1360 355 1393 neque
370 1361 559 1384 consuetudine
580 1361 635 1391 ojus
652 1362 703 1385 frui
724 1362 801 1385 facile
820 1365 919 1393 posset,
937 1362 1090 1385 daemonem
1107 1362 1158 1384 sibi
1178 1365 1320 1393 patronum
1338 1361 1477 1391 adhibens,
1496 1370 1555 1384 eum
1574 1361 1600 1384 in
1616 1361 1683 1384 hirci
1701 1370 1747 1385 seu
1767 1361 1857 1385 arietis
1874 1361 1961 1393 specie
1979 1362 2108 1391 adoravit,
2132 1371 2146 1385 a

273 1415 323 1437 quo
340 1409 430 1437 postea
446 1406 553 1429 edoctus
572 1415 680 1438 scopam
694 1415 797 1430 sumere
813 1410 838 1430 et
851 1407 918 1430 inter
934 1408 1043 1435 femora,
1055 1406 1151 1438 equitis
1164 1406 1256 1434 instar,
1269 1415 1375 1437 ponere,
1391 1415 1442 1438 quo
1456 1406 1562 1429 volebat
1573 1415 1619 1437 per
1633 1409 1693 1429 aera
1706 1406 1779 1429 brevi
1793 1410 1924 1430 momento
1940 1415 1967 1430 se
1982 1407 2147 1435 traducebat,

273 1451 379 1474 tandem
393 1459 436 1474 an.
454 1452 523 1478 1453,
542 1451 628 1474 adhuc
649 1451 723 1482 prior
741 1452 768 1475 S.
787 1452 920 1481 Germani,
937 1452 1081 1483 instigante
1099 1451 1255 1483 inquisitore
1278 1451 1303 1474 in
1320 1451 1433 1474 dioecesi
1455 1451 1606 1474 Ebroicens.
1628 1455 1720 1482 captus
1739 1451 1896 1481 (CuARTtEn,
1912 1452 1930 1475 l.
1946 1459 1978 1479 c.;
1996 1451 2147 1480 Gacum'us,

272 1496 476 1526 compendium
491 1497 522 1520 de
535 1497 646 1526 oriyine
660 1500 686 1520 et
700 1496 783 1527 gestis
799 1497 912 1524 Franc„
931 1497 975 1520 sol.
993 1496 1069 1526 2481)),
1087 1496 1112 1519 in
1127 1496 1227 1527 judicio
1241 1496 1386 1525 convictus,
1403 1496 1539 1519 confessus
1556 1499 1595 1519 est.
1608 1496 1679 1519 ultra
1691 1496 1800 1527 triginta
1816 1496 1942 1519 articulos
1956 1504 2090 1526 erroneos,
2104 1497 2149 1528 qui

274 1549 322 1572 per
337 1541 474 1572 theologos
495 1541 636 1564 examinati
656 1545 781 1572 tanquam
800 1541 974 1564 exsecrabiles
991 1541 1109 1564 damnati
1130 1545 1198 1565 suut.
1217 1541 1323 1564 Adeline
1343 1541 1549 1564 Universitatem
1570 1541 1725 1564 Cadomens.
1746 1540 1772 1563 in
1788 1540 1915 1563 auxilium
1932 1541 1973 1564 sui
1996 1541 2147 1569 advocavit;

276 1585 433 1609 Guillelmus
450 1586 481 1609 de
501 1586 613 1616 Floqucs
630 1594 701 1616 vero,
717 1586 858 1617 episcopus
875 1586 1037 1613 Ebroicens„
1055 1586 1080 1609 in
1097 1586 1258 1617 adjutorium
1277 1586 1424 1617 assumpsit
1440 1585 1643 1609 Universitatem
1665 1586 1748 1608 Paris.
1766 1586 1785 1608 A
1801 1586 1952 1608 doctoribus
1969 1586 2148 1617 interrogatus

276 1630 381 1653 tandem
393 1629 527 1662 abjuravit
542 1634 680 1661 praesente
696 1630 852 1662 inquisitore
866 1631 986 1654 Decemb.
1001 1632 1039 1660 23,
1051 1634 1076 1654 et
1090 1631 1122 1654 ad
1136 1634 1279 1662 perpetuos
1296 1639 1414 1653 carceres
1429 1631 1629 1659 condemnatus,
1646 1630 1734 1661 ibique
1746 1633 1865 1653 mortuus
1877 1634 1997 1661 repertus
2013 1634 2053 1654 est
2066 1631 2151 1662 (Ano-

277 1675 359 1706 nymi
375 1676 548 1700 Cartusiens.
562 1677 595 1699 de
609 1675 783 1706 religionum
805 1675 923 1707 oi-iqine,
944 1676 1013 1707 apud
1034 1675 1174 1705 Mmrimz,
1191 1675 1284 1705 Ampl.
1306 1676 1377 1703 roll„
1399 1676 1439 1703 w,
1457 1684 1483 1706 p.
1501 1676 1529 1698 57
1546 1684 1614 1706 sqq.y
1631 1675 1675 1698 ubi
1696 1675 1774 1698 etiam
1792 1678 1860 1698 recte
1877 1679 1905 1698 ut
1921 1676 2071 1704 Carmelita,
2087 1676 2151 1699 Car-

278 1720 409 1743 thusienS.
425 1723 450 1743 et
470 1720 533 1744 Ord.
554 1721 580 1744 S.
598 1721 660 1744 Ben.
676 1721 851 1752 designatur).
873 1721 930 1744 Vid.
950 1721 1029 1744 etiam
1049 1721 1168 1751 Jacques
1188 1722 1227 1744 [lu
1249 1720 1353 1750 (Πᾶνες,
1378 1720 1469 1749 ΝΙόηΊ.,
1487 1720 1528 1742 ed.
1550 1721 1662 1743 Bfflznox
1681 1720 1771 1750 (1838),
1792 1728 1819 1750 p.
1844 1721 1882 1748 83,
1906 1720 1951 1743 ubi
1973 1724 2059 1743 tamen
2084 1721 2150 1743 falso

278 1768 388 1788 vocatur
403 1765 553 1789 Guillaume
568 1774 581 1786 ιι
598 1765 629 1788 de
648 1765 751 1789 l'Ollive
766 1774 788 1789 ›>.
804 1766 884 1789 Plura
896 1766 963 1789 salsa
979 1765 1057 1789 etiam
1073 1774 1118 1796 ap.
1131 1766 1235 1788 utrm·
1252 1773 1285 1788 DE
1301 1766 1451 1797 V1R15'1LL1-t,
1467 1765 1540 1789 Ilisc.
1554 1766 1586 1789 ae
1603 1765 1717 1789 Charles
1738 1764 1798 1794 VII,
1813 1770 1831 1788 t.
1849 1765 1893 1795 ΙΙΙ,
1910 1773 1937 1796 p.
1952 1766 1995 1788 3311
2013 1774 2053 1796 sq.

284 1918 430 1955 2547.
457 1926 619 1963 Capitulum
634 1927 770 1962 generale
789 1927 856 1954 Ord.
876 1928 1067 1962 Cisterciens„
1086 1927 1242 1953 abbatibus
1258 1928 1293 1954 de
1307 1928 1452 1961 Maceriis,
1469 1927 1503 1953 de
1519 1927 1656 1957 Batoi-na,
1674 1927 1708 1953 de
1722 1927 1889 1961 Bellavalle,
1906 1927 1941 1953 de
1959 1928 2101 1962 Caroloco,
2118 1928 2153 1954 de

375 1976 566 2010 Castellariis,
584 1976 619 2002 de
642 1977 781 2011 Moroliis,
804 1977 839 2003 de
865 1978 965 2002 Gratia
988 1977 1040 2003 Dei
1060 1977 1230 2011 Pictavensi,
1254 1976 1288 2002 de
1314 1977 1517 2011 Bellabranca,
1541 1976 1576 2002 de
1597 1977 1645 2011 Re,
1671 1976 1706 2002 de
1725 1978 1848 2012 Busaso,
1873 1976 1907 2002 de
1936 1977 2091 2011 Villanova,
2118 1977 2154 2002 de

374 2026 560 2056 Claromonte,
579 2026 614 2051 de
630 2027 804 2061 Savignyaco
820 2030 846 2052 et
859 2027 894 2052 de
912 2027 1000 2060 Oliva,
1015 2027 1168 2062 praecipit,
1184 2030 1213 2051 ut
1231 2026 1377 2051 scholares
1395 2026 1511 2051 idoneos
1528 2029 1555 2051 et
1571 2026 1683 2051 habiles
1700 2035 1760 2051 cum
1779 2026 1883 2051 debitis
1898 2030 1923 2051 et
1937 2026 2153 2060 sufficientibus

369 2075 581 2110 provisionibus
597 2075 675 2109 infra
690 2077 795 2109 festum
814 2077 845 2102 B.
863 2076 986 2110 Remigii
999 2076 1129 2111 proxime
1145 2076 1237 2109 futuri
1253 2075 1368 2100 mittant
1383 2075 1514 2100 Parisios
1531 2075 1570 2100 ad
1590 2075 1742 2109 Collegium
1764 2077 1790 2101 S.
1809 2075 1961 2107 Bel-nardi,
1979 2075 2110 2110 alioquin
2126 2076 2152 2100 si

373 2124 535 2160 oppositum
551 2125 683 2158 fecerint,
703 2125 740 2150 ab
757 2125 798 2150 eis
815 2129 841 2150 et
857 2134 875 2150 a
892 2124 1018 2160 quolibet
1034 2125 1159 2160 ipsorum
1177 2125 1308 2158 exigetur
1322 2133 1432 2149 summa
1448 2124 1475 2149 in
1492 2124 1692 2150 Bcncdictina'
1711 2128 1853 2150 contenta.

1434 2213 1503 2243 1447.
1520 2213 1680 2246 Septembris
1693 2214 1729 2241 12,
1747 2214 1869 2238 Cistercii.

382 2292 492 2316 Constit.
509 2296 534 2315 et
551 2293 636 2324 Capp.
652 2294 768 2324 general.
786 2293 895 2317 Cisterc.
913 2294 937 2316 in
955 2294 1031 2318 Arch.
1049 2297 1133 2317 status
1150 2295 1268 2323 Luem-n„
1284 2294 1342 2317 cod.
1359 2295 1411 2322 540,
1428 2302 1454 2325 p.
1472 2295 1525 2317 706.

380 2368 404 2393 1.
419 2369 438 2393 Ι.
455 2377 477 2392 e.
493 2368 519 2391 in
532 2368 725 2393 Constitutione
741 2370 875 2393 Benedicti
890 2371 945 2394 XII.

292 2505 436 2543 2548.
462 2524 476 2540 ⁴1(
492 2517 647 2549 ,Statutum
668 2515 744 2550 [fac.
767 2516 871 2551 tlieol.]
894 2516 969 2552 quod
988 2517 1084 2543 nullus
1105 2517 1235 2542 decetero
1255 2526 1307 2552 per
1328 2516 1496 2551 rescriptum
1518 2519 1568 2541 aut
1592 2515 1670 2540 alias
1694 2514 1733 2540 ad
1754 2514 1892 2540 lecturam
1913 2515 1941 2540 in
1965 2515 2157 2541 vacationibus

382 2564 552 2590 admittetur
573 2565 792 2600 Sententiarum,
812 2575 846 2591 ac
867 2566 953 2592 etiam
974 2566 1050 2602 quod
1073 2566 1129 2591 nisi
1154 2566 1253 2591 unicus
1276 2565 1311 2591 de
1334 2565 1457 2599 singulis
1477 2564 1631 2590 Ordinibus
1652 2563 1848 2598 indifferenter
1869 2567 1992 2599 tempore
2011 2563 2159 2590 ordinario

382 2613 559 2648 admittetur,
577 2618 674 2650 preter
689 2617 796 2649 fratres
810 2615 1010 2642 Predicatores
1028 2616 1076 2651 qui
1092 2615 1237 2641 dictitarat
1254 2615 1397 2640 habebunt
1411 2614 1492 2640 duOS.
1508 2624 1523 2640 »

1483 2695 1552 2724 7447,
1570 2694 1686 2720 Octobris
1701 2695 1745 2722 27,
1762 2694 1876 2719 Parisiis.

386 2774 570 2806 Summum
589 2774 835 2819 legislatorem
858 2777 970 2809 Deum
995 2777 1091 2821 pacis
1121 2776 1307 2817 imitando,
1337 2776 1397 2820 qui
1429 2775 1500 2807 ait:
1525 2789 1540 2804 «
1559 2775 1639 2806 Non
1659 2773 1741 2806 veni
1765 2772 1910 2806 solvere
1936 2772 2068 2818 legem,
2097 2773 2162 2806 sed

296 2840 497 2885 adimplere
514 2842 564 2883 »¹‚
587 2848 621 2874 et
642 2842 736 2874 idem
756 2857 771 2873 «
791 2855 912 2887 pacem
935 2844 1102 2888 relinquo
1120 2843 1223 2876 vobis
1243 2858 1271 2880 n.
1296 2843 1338 2875 ad
1361 2840 1621 2875 inviolabiliter
1642 2840 1865 2884 implendum
1883 2840 2012 2872 amodo
2035 2846 2162 2873 statuta

299 2907 430 2940 summi
460 2908 656 2952 pontificis,
689 2909 943 2943 Universitatis
965 2917 999 2943 et
1020 2917 1143 2943 nostre
1170 2922 1271 2942 sacre
1294 2909 1499 2953 theologice
1521 2907 1699 2940 facultatis
1727 2906 1958 2948 Parisiensis,
1986 2906 2165 2940 tollendas

422 2969 486 2985 *ss*
504 2967 599 2991 Chart.
621 2966 699 2992 Unio.
718 2968 812 2992 Paris.
833 2969 873 2991 tv.
2012 2966 2040 2988 78
