2502 3418
381 317 444 348 200
960 325 1278 346 cnsn‘rULAniuM
1313 323 1504 345 Usivssns.
1543 323 1671 345 lunis.
2153 310 2249 346 [1411

386 438 525 475 1913.
555 447 729 472 Πηίιίἰ·ει”ἰαε
747 455 833 480 aegre
846 447 942 479 ferens
954 454 968 470 «
986 445 1085 470 datam
1103 454 1117 470 »
1132 454 1216 480 quam
1233 445 1292 470 Jolz.
1310 447 1408 470 XXIII
1423 445 1515 470 rotulo
1535 447 1582 478 {iffi
1590 445 1636 479 rit,
1655 449 1681 469 et
1698 444 1774 479 quod
1788 453 1843 469 non
1859 445 2002 479 acceperit
2019 444 2249 479 praerogativas,

468 495 568 521 scribit
581 504 689 531 papae.
704 497 744 520 De
760 499 847 520 morte
864 494 1025 519 cardinalis
1041 493 1076 519 de
1097 495 1211 528 Tur-eso.
1230 493 1298 519 Alia
1314 494 1434 519 mandat
1451 494 1565 519 cuidam
1583 493 1720 527 magistro
1740 492 1898 526 Guillelmo,
1918 492 1979 518 alia
1997 493 2116 518 nuntiis.

1628 583 1693 611 1411,
1711 583 1833 610 damnaris,
1848 582 1963 607 Parisiis.

474 674 505 705 1.
532 672 808 716 Expectavimus
829 683 907 703 cum
930 682 1006 714 spe,
1026 669 1235 702 beatissime
1258 676 1370 713 pater,
1394 669 1508 713 gratie
1526 675 1645 701 vestre
1668 668 1869 713 largifluam
1893 680 2035 700 manum
2055 679 2166 712 super
2186 680 2253 701 nos

382 751 420 771 ac
448 746 570 771 nostra
599 738 786 783 supposita
815 736 1141 769 exuberantissime
1171 735 1330 776 extendi,
1361 735 1551 779 presertim
1581 747 1660 767 cum
1693 734 1837 767 labores
1867 741 2014 767 nostros
2044 746 2083 767 ac
2112 735 2252 775 merita,

383 805 516 850 quibus
538 805 692 837 ecclesie
715 804 817 836 matri
839 814 1054 836 succurrere
1076 802 1295 840 curavimus,
1323 802 1476 846 primum
1511 801 1704 834 recolende
1736 801 1909 833 memorie
1930 801 2136 833 Alexandro
2163 813 2252 846 pape

382 879 503 905 vestro
526 871 794 916 predecessori,
813 869 945 902 deinde
962 875 1082 902 vestre
1104 868 1284 901 sanctitati
1305 880 1343 900 ac
1366 869 1429 900 toti
1452 868 1682 900 dominorum
1705 868 1940 900 cardinalium
1959 867 2116 912 collegio
2138 874 2253 900 tanto-

384 951 469 983 pere
488 944 691 982 acceptatos
714 949 751 969 ac
774 935 986 981 ingentibus
1004 935 1149 967 laudum
1173 934 1288 967 titulis
1310 935 1430 967 efferri
1453 935 1715 979 acceperimus.
1735 935 1958 979 Quamquam
1981 935 2077 967 enim
2099 946 2172 966 non
2193 934 2253 967 tali

384 1017 450 1037 nos
472 1005 665 1049 dignemur
685 1003 838 1043 honore,
865 1002 1041 1034 audenter
1063 1008 1181 1034 tamen
1202 1000 1396 1034 fatebimur
1418 1013 1548 1045 operas
1570 1008 1713 1034 nostras
1742 1013 1882 1045 nosque
1910 1001 2011 1045 ipsos
2040 1002 2118 1045 ejus
2147 1000 2254 1034 obse-

383 1072 467 1116 quio
501 1071 644 1115 penitus
673 1069 881 1109 devovisse,
904 1080 1022 1112 neque
1051 1074 1233 1100 annuente
1266 1068 1384 1112 ipsius
1406 1075 1553 1100 auctore
1582 1068 1805 1100 desistemus
1836 1080 1901 1112 pro
1927 1068 2100 1100 tenuitate
2131 1074 2255 1100 nostra

382 1138 498 1170 eidem
522 1144 699 1180 tamquam
723 1135 826 1168 matri
848 1135 1040 1167 inservire.
1059 1135 1194 1168 Verum
1213 1135 1243 1167 si
1265 1135 1439 1167 anteactis
1461 1134 1688 1179 temporibus
1710 1141 1853 1167 nostras
1875 1135 2139 1179 promotiones,
2159 1141 2197 1167 ut
2213 1146 2253 1167 ea

383 1216 452 1248 que
474 1203 516 1235 ad
538 1215 659 1247 pacem
685 1209 768 1234 sunt
792 1201 1019 1234 Jherusalem
1041 1201 1216 1233 libentius
1238 1213 1489 1246 sequeremur,
1509 1214 1581 1233 non
1604 1201 1720 1233 solum
1743 1201 2042 1246 contempsimus,
2062 1201 2126 1233 sed
2149 1201 2253 1233 etiam

384 1277 512 1315 sponte
533 1269 671 1301 oblatas
693 1268 932 1313 repulimus¹;
957 1268 987 1299 si
1009 1267 1212 1300 execrabile
1234 1268 1377 1308 scisma,
1397 1268 1494 1312 quod
1517 1268 1675 1300 membra
1693 1268 1848 1300 ecclesie
1870 1274 1992 1300 sancte
2015 1274 2083 1300 tam
2106 1268 2255 1300 misera-

384 1337 505 1368 biliter
528 1343 562 1368 et
589 1335 698 1380 impie
720 1335 907 1379 depastum
931 1341 999 1372 est,
1022 1346 1094 1366 non
1116 1335 1340 1367 cessavimus
1366 1346 1598 1379 oppugnare,
1623 1335 1653 1366 si
1684 1341 1806 1367 nostra
1834 1334 2120 1379 prosequutione
2148 1334 2254 1378 ejecti

381 1409 465 1436 sunt
485 1402 691 1442 scismatici,
715 1401 856 1434 tandem
880 1400 1080 1445 opitulante
1102 1412 1240 1445 sponso
1268 1400 1424 1433 ecclesie
1447 1412 1598 1445 prorsus
1621 1401 1899 1439 exterminandi,
1923 1407 1970 1441 et,
1993 1400 2091 1445 quod
2116 1401 2253 1444 jactare
2292 1390 2296 1395 ”

380 1482 452 1502 11011
473 1469 704 1509 auderemus,
727 1480 808 1513 ymo
830 1480 896 1500 nec
918 1467 1079 1512 cogitare
1101 1467 1171 1500 nisi
1193 1480 1235 1500 ex
1259 1474 1378 1500 vestre
1401 1468 1601 1500 sanctitatis
1623 1480 1685 1500 ore
1708 1474 1901 1508 manasset,
1927 1467 2035 1500 sedes
2056 1467 2255 1512 apostolica

380 1543 435 1569 est
460 1548 528 1580 ope
550 1542 673 1568 nostra
696 1534 869 1574 stabilita,
893 1535 922 1567 si
945 1534 1103 1578 denique
1126 1534 1193 1566 hoc
1216 1534 1333 1579 ipsum
1357 1534 1453 1579 quod
1476 1534 1580 1567 (latur
1601 1534 1664 1566 otii
1687 1534 1863 1566 doctrinis
1885 1533 2095 1566 salubribus
2117 1534 2256 1578 impen-

380 1603 499 1635 dimus
527 1602 568 1634 ad
598 1601 862 1634 edificationem
886 1601 1052 1645 corporis
1078 1600 1215 1634 Christi
1244 1613 1250 1632 :
1281 1601 1368 1645 quid
1398 1601 1626 1645 speravimus
1654 1607 1711 1633 aut
1740 1601 1826 1644 quid
1857 1612 2005 1644 sperare
2036 1599 2257 1633 debuimus?

381 1668 594 1714 Spectabant
617 1679 744 1700 omnes
766 1667 853 1711 quid
875 1679 940 1711 pro
962 1666 1054 1699 hene
1072 1667 1188 1712 gestis
1206 1666 1316 1699 rebus
1336 1667 1562 1700 Universitas
1585 1667 1936 1699 stiulii'l'arisieusis
1953 1674 2254 1711 consequeretur,

380 1748 484 1780 quam
507 1735 642 1767 laboris
664 1734 868 1766 mercedem
892 1741 1014 1778 preter
1035 1733 1170 1766 celeste
1193 1734 1370 1778 premium
1394 1747 1411 1766 a
1433 1734 1571 1767 Christi
1594 1734 1728 1767 vicario
1754 1741 1968 1778 reportaret.
1992 1735 2070 1775 Que
2092 1734 2186 1766 bene
2211 1734 2255 1767 de

381 1798 534 1830 eeclesia
557 1797 719 1829 merendi
743 1796 1040 1841 relinquerentur
1066 1796 1223 1840 posteris
1248 1797 1466 1829 monimenta
1481 1798 1494 1828 ἱ)
1518 1797 1563 1829 At
1588 1808 1674 1829 vero
1697 1796 1813 1829 eidem
1843 1796 2131 1829 attenuatissime
2152 1796 2255 1829 allata

382 1872 436 1897 est
458 1864 618 1909 provisio
640 1864 754 1908 gratie
776 1863 844 1895 sub
866 1863 944 1895 data
966 1875 987 1895 v
1009 1863 1092 1903 kal„
1112 1864 1213 1903 etc.‘·',
1234 1863 1344 1895 nullis
1367 1863 1609 1908 prerogativis
1631 1863 1829 1902 sublevata,
1849 1863 1884 1895 in
1907 1875 2011 1907 quam
2033 1870 2257 1896 concurrunt

382 1931 576 1970 innumeri,
603 1937 637 1962 et
662 1942 765 1974 quam
789 1929 935 1974 plurimi
959 1929 1189 1970 antecedunt,
1215 1929 1313 1962 velut
1334 1936 1437 1962 antea
1459 1930 1654 1974 scripsisse
1676 1930 1920 1962 meminimus.
1948 1930 2127 1971 Profecto,
2156 1936 2256 1974 pater

383 2004 517 2037 sancte,
546 1996 646 2028 nullo
675 2002 778 2040 paeto
806 1996 928 2027 induci
961 2007 1170 2040 possumus,
1199 2003 1237 2028 ut
1266 1996 1334 2028 hoc
1366 1997 1437 2029 nisi
1468 2009 1511 2028 ex
1542 1996 1743 2029 emulorum
1775 2003 1983 2028 nostrorum
2015 1997 2255 2041 suggestione

384 2063 610 2109 processisse
633 2063 892 2095 existimemus.
917 2062 1067 2095 Crebris
1095 2063 1275 2106 siquidem
1305 2075 1377 2095 non
1410 2070 1545 2096 tantum
1568 2063 1770 2109 legatorum
1799 2070 2017 2104 vestrorum,
2051 2063 2116 2095 sed
2146 2063 2252 2096 etiam

383 2130 534 2163 aliorum
563 2129 803 2162 relationibus
834 2129 940 2161 nobis
970 2128 1065 2161 haud
1096 2129 1206 2161 dubie
1235 2130 1404 2170 innotuit,
1435 2137 1565 2175 quanta
1594 2130 1630 2162 in
1658 2137 1814 2163 vestram
1845 2130 2124 2174 primogenitam
2147 2129 2255 2162 filiam

384 2197 628 2230 benivolentia
650 2196 920 2240 propendeatis,
945 2208 1123 2240 quamque
1151 2197 1337 2229 fructuose
1360 2197 1428 2229 sibi
1454 2198 1661 2242 providisse
1682 2204 1803 2230 vestre
1826 2197 2026 2230 sanctitatis
2053 2196 2257 2230 sublimitas

385 2263 590 2296 arbitretur.
614 2263 677 2295 Ast
699 2269 736 2295 ut
757 2274 931 2295 summam
951 2263 1182 2307 attingamus,
1201 2263 1271 2295 nisi
1290 2264 1345 2296 vel
1368 2265 1545 2308 potiorem
1565 2264 1762 2297 habeamus
1780 2264 1909 2305 datam,
1929 2265 1984 2297 vel
2003 2263 2066 2296 illo
2083 2263 2255 2296 articulo³

386 2330 598 2374 equissimo,
624 2341 729 2373 quem
753 2329 922 2373 petimUS,
950 2341 1014 2373 pro
1036 2341 1107 2373 quo
1129 2330 1235 2362 etiam
1258 2331 1373 2362 nostri
1397 2331 1519 2363 nuncii
1542 2331 1637 2376 apud
1658 2331 1912 2363 celsitudinem
1930 2337 2085 2363 vestram
2108 2330 2254 2370 instant,

387 2397 538 2429 subnixa
559 2397 681 2436 suerit,
704 2395 876 2428 videlicet
903 2402 941 2428 ut
967 2395 1066 2427 nulle
1087 2396 1254 2429 antedate
1276 2408 1343 2429 nec
1371 2398 1639 2430 nominationes
1667 2398 1816 2439 [nostris
1841 2397 2042 2442 suppositis
2074 2400 2253 2438 noceant],

388 2464 452 2496 rati
474 2475 600 2496 sumus
622 2463 756 2507 gratias
778 2469 921 2494 nostras
943 2462 1089 2494 minime
1112 2463 1279 2495 effectum
1302 2464 1506 2497 sortituras.

476 2530 568 2562 Nec'⁴
595 2541 672 2570 vos,
696 2529 905 2561 beatissime
928 2535 1040 2573 pater,
1064 2529 1323 2562 nonnullorum
1352 2531 1388 2562 in
1416 2530 1480 2563 hac
1508 2538 1606 2576 parte
1628 2531 1756 2564 frivole
1778 2531 2039 2576 suggestiones
2061 2530 2254 2574 decipiant,

389 2609 455 2629 nos
476 2596 615 2628 scilicet
635 2596 714 2628 data
737 2595 978 2640 prerogativis
1000 2595 1217 2640 nunciisque
1244 2597 1393 2638 nostris,
1419 2598 1479 2641 qui
1503 2598 1611 2630 modo
1633 2598 1824 2630 nobiscum
1846 2604 1943 2637 sunt,
1961 2603 2153 2629 contentos
2174 2607 2256 2629 esse

390 2663 598 2703 dicentium,
618 2662 786 2706 quoniam
805 2668 902 2694 certe
919 2662 955 2693 in
973 2673 1012 2693 ea
1029 2668 1148 2694 mente
1171 2663 1416 2706 persistimus,
1436 2676 1539 2708 quam
1564 2677 1627 2709 per
1644 2665 1884 2698 Guillermum
1905 2663 2099 2696 d'Andelot
2115 2663 2255 2707 regium

391 2729 626 2773 equitatorem
656 2740 772 2773 nuper
792 2735 912 2760 vestre
943 2728 1123 2760 sanctitati
1153 2728 1382 2762 litteratenus
1412 2730 1599 2763 insinuare
1628 2731 1890 2764 ‹lecrevin1us⁵.
1923 2731 1966 2762 Et
1995 2736 2034 2762 ut
2062 2730 2099 2761 in
2127 2729 2191 2761 hac
2220 2741 2257 2762 re

392 2795 595 2839 ceterisque
617 2794 749 2839 quibus
771 2795 879 2826 animi
901 2795 1015 2827 nostri
1037 2806 1102 2839 pro
1124 2807 1219 2827 nunc
1237 2803 1427 2828 versantur
1444 2797 1652 2830 distinctius
1674 2809 1776 2830 mens
1799 2804 1920 2830 nostra
1939 2803 2056 2829 vestre
2078 2795 2256 2828 sanctitati

395 2868 562 2906 patescat,
592 2861 774 2893 scedulam
804 2861 988 2905 sigillatim
1018 2861 1178 2893 omnium
1207 2863 1448 2896 contentivam
1473 2864 1589 2895 eidem
1620 2864 1852 2908 presentibus
1880 2863 2112 2896 interclusam
2140 2869 2257 2895 trans-
