2502 3418
391 347 454 379 716
968 355 1285 377 CHARTULAniuM
1321 355 1513 377 umvaus.
1551 355 1680 377 runis.
2150 339 2250 376 t1452

390 430 512 471 modo,
531 430 573 462 ad
595 430 744 474 prandia
760 441 824 463 seu
846 429 1010 463 convivia
1031 429 1207 470 facienda,
1225 441 1298 462 non
1315 429 1481 462 obstante
1499 441 1715 473 quacunque
1733 426 2013 467 consuetudine,
2030 438 2112 471 ymo
2127 426 2251 459 verius

390 496 608 542 corruptela.
636 497 730 539 Quin
752 497 871 541 potius
893 502 1108 529 moneantur
1128 508 1192 541 per
1213 496 1315 541 ipsos
1342 496 1536 541 magistros
1562 496 1648 529 dicti
1674 494 1881 535 bachalarii,
1908 499 2016 538 prout
2036 499 2069 525 et
2091 504 2154 525 eos
2180 505 2250 525 mo-

390 576 531 605 nemus,
554 576 599 597 ne
621 564 812 597 occasione
833 564 1078 608 predictorum
1101 570 1242 596 actuum
1264 563 1395 596 faciant
1416 570 1582 608 sumptus
1604 562 1876 602 immoderatos,
1899 561 1963 594 sed
1985 560 2028 593 ab
2048 559 2120 592 hiis
2140 559 2252 593 absti-

389 638 497 664 neant
517 631 650 676 potius,
670 644 749 664 cum
766 631 896 664 cedant
918 631 953 663 in
977 630 1138 675 predicte
1155 630 1333 663 facultatis
1351 642 1423 662 non
1440 631 1620 663 modicum
1639 630 1799 663 dedecus
1817 635 1852 662 et
1871 639 2066 673 gravamen
2087 627 2248 672 ipsorum

389 699 624 731 studentium.
654 699 689 731 Si
716 698 776 743 qui
802 705 918 730 autem
946 697 1039 729 circa
1066 697 1225 741 predicta
1254 697 1403 741 prandia
1433 697 1619 738 excedant,
1647 703 1770 730 contra
1800 696 1891 729 hanc
1921 701 2079 728 nostram
2107 694 2251 727 ordina-

387 765 521 797 tionem
549 771 583 797 et
607 764 889 810 prohibitionem
912 763 1115 803 venientes,
1138 775 1203 808 per
1229 763 1498 805 cancellarium,
1526 763 1570 796 ad
1591 775 1696 808 quem
1728 769 1867 808 spectat
1895 762 1996 807 ipsos
2026 760 2251 794 bachalarios

388 843 615 876 promovere,
644 831 842 876 apostolica
870 830 1081 863 auctoritate
1107 837 1384 875 compescantur
1410 837 1444 863 et
1470 831 1712 875 reprimantur
1737 830 1781 863 de
1812 829 1965 863 consilio
1993 829 2250 874 magistrorum

385 898 576 931 facultatis.

474 966 561 998 Item
583 976 655 997 non
677 964 783 997 liceat
803 976 949 1008 quoquo
971 964 1078 996 modo
1100 963 1304 996 bachalario
1327 976 1389 997 seu
1412 963 1628 997 bachalariis
1649 963 1863 997 cursoribus
1884 962 1941 996 vel
1966 962 2128 995 formatis
2149 973 2250 994 acce-

384 1032 482 1072 dere,
502 1032 612 1064 autin
634 1031 819 1076 publicum
842 1031 988 1076 prodire
1010 1031 1054 1063 ad
1075 1043 1287 1064 communes
1309 1031 1616 1076 congregationes
1633 1030 1890 1064 Universitatis
1907 1042 1986 1063 cum
2010 1029 2129 1062 tunica
2150 1035 2248 1062 curta

383 1105 443 1131 aut
464 1099 622 1143 desuper
643 1098 839 1138 succincta,
863 1097 927 1130 sed
949 1109 1029 1130 cum
1050 1103 1151 1130 veste
1173 1097 1325 1130 honesta
1346 1104 1382 1130 et
1402 1098 1546 1131 decenti
1568 1098 1669 1131 talari
1686 1104 1719 1130 et
1741 1097 1862 1130 clausa
1879 1103 1985 1141 atque
2003 1095 2247 1135 disscincta¹‘,

383 1165 550 1198 similiter
570 1177 651 1197 cum
674 1165 822 1209 capucio
844 1164 999 1197 honesto
1021 1171 1056 1197 et
1076 1164 1220 1197 decenti
1241 1177 1280 1198 ac
1302 1164 1403 1198 brevi
1425 1172 1583 1206 corneta,
1602 1164 1739 1210 absque
1760 1164 1930 1197 sarcitura
1952 1175 2017 1196 seu
2038 1162 2247 1196 bourreleto

382 1232 426 1265 ad
456 1232 602 1265 modum
630 1232 892 1277 armigerorum
928 1231 985 1264 vel
1015 1231 1248 1273 histrionum,
1282 1244 1349 1265 nec
1378 1231 1534 1265 habeant
1565 1232 1746 1265 sotulares
1782 1237 1959 1265 rostratos
1988 1237 2049 1263 aut
2077 1230 2164 1263 alias
2193 1229 2248 1262 in-

380 1298 574 1339 honestos3
598 1305 798 1332 statuentes
819 1298 1054 1343 generaliter,
1075 1305 1114 1331 ut
1138 1298 1174 1331 in
1196 1299 1293 1331 omni
1319 1299 1481 1339 incessu,
1501 1299 1611 1340 victu,
1634 1306 1754 1344 gestu,
1776 1299 1910 1332 vestitu
1936 1297 2143 1331 omnimoda
2171 1308 2247 1330 ser—

378 1372 484 1399 vetur
514 1365 701 1406 honestas,
729 1371 764 1398 et
791 1365 981 1398 scolastica
1011 1364 1244 1410 resplendeat
1270 1365 1475 1411 disciplina,
1505 1365 1672 1399 volentes
1701 1365 1919 1399 dissolutius
1949 1376 1989 1397 se
2016 1370 2188 1409 gerentes
2210 1363 2246 1396 in

379 1432 553 1477 predictis
574 1433 734 1477 graviter
754 1431 955 1465 coherceri.

469 1501 557 1532 ltein
584 1499 776 1532 statuimus
802 1506 838 1532 et
862 1499 1125 1542 ordinavimus,
1146 1500 1382 1533 conformiter
1406 1501 1450 1533 ad
1480 1500 1692 1534 antedicta¹⁵
1724 1506 1866 1541 statuta,
1890 1499 1988 1545 quod
2018 1498 2246 1532 bachalarius

379 1571 455 1603 sive
482 1571 530 1603 sit
554 1582 696 1612 cursor,
724 1570 800 1604 sive
828 1571 1017 1612 formatus,
1040 1578 1101 1604 aut
1125 1571 1231 1604 etiam
1258 1571 1478 1613 licentiatus,
1505 1572 1535 1605 si
1560 1578 1710 1605 vocatus
1736 1571 1847 1604 fuerit
1876 1571 1919 1604 ad
1944 1570 2163 1611 facultatem,
2186 1575 2246 1603 aut

379 1638 484 1670 etiam
507 1638 537 1670 si
558 1644 728 1682 presente
750 1637 917 1670 facultate
942 1638 1043 1683 loqui
1070 1645 1130 1671 aut
1151 1638 1287 1683 aliquid
1314 1639 1436 1672 dicere
1458 1651 1522 1672 seu
1545 1650 1751 1684 proponere
1773 1638 1903 1671 debeat
1927 1638 1963 1670 in
1986 1637 2243 1678 Universitate,

378 1705 524 1737 accedat
549 1717 628 1737 cum
655 1704 774 1737 hulsia
794 1704 851 1737 vel
880 1704 1116 1750 epithogio¹⁶,
1138 1705 1197 1738 vel
1222 1718 1333 1751 cappa
1359 1706 1390 1739 si
1415 1706 1524 1739 fuerit
1551 1706 1739 1748 formatus,
1767 1711 1874 1751 prout
1902 1704 2102 1750 antiquitus
2129 1704 2245 1737 extitit

380 1771 629 1813 observatum,
653 1771 740 1804 alias
762 1783 828 1816 per
847 1771 1051 1805 facultatem
1072 1772 1254 1817 puniatur.

466 1840 554 1872 Item
580 1839 673 1872 circa
705 1839 1012 1884 congregationes
1041 1840 1297 1885 magistrorum
1325 1841 1505 1874 facultatis
1536 1841 1728 1874 statuimus
1759 1846 1794 1873 et
1823 1839 2047 1881 ordinamus,
2075 1838 2172 1884 quod
2198 1838 2242 1872 de

378 1912 500 1939 cetero
527 1905 760 1939 celebrentur
785 1906 945 1951 graviter
971 1913 1006 1939 et
1030 1906 1183 1940 honeste
1209 1908 1410 1940 secundum
1437 1908 1711 1942 condecentiam
1742 1907 1941 1948 facultatis;
1964 1906 2136 1951 quodque
2157 1905 2243 1939 fiant

378 1972 661 2006 deliberationes
692 1973 948 2018 magistrorum
980 1974 1145 2007 ordinate
1175 1981 1208 2008 et
1234 1987 1315 2007 cum
1342 1976 1439 2008 omni
1464 1988 1564 2021 pace,
1593 1987 1659 2008 nec
1688 1986 1782 2008 unus
1807 1981 1930 2008 votum
1960 1973 2110 2006 alterius
2135 1973 2242 2006 inter-

376 2047 530 2085 rumpat,
548 2040 613 2073 sed
635 2052 700 2073 sue
722 2041 900 2074 sessionis
923 2041 1087 2074 ordinem
1110 2042 1266 2087 quisque
1288 2049 1452 2088 expectet
1471 2043 1515 2076 ad
1536 2042 1772 2088 loquendum.
1796 2041 1901 2084 Quod
1922 2041 1952 2074 si
1973 2040 2159 2086 contingat
2179 2039 2242 2072 ali-

377 2119 483 2151 quem
509 2107 779 2152 magistrorum,
806 2119 871 2140 sue
897 2109 1084 2153 gravitatis
1113 2109 1280 2151 oblitum,
1307 2116 1443 2143 temere
1470 2122 1708 2156 prorumpere
1737 2109 1781 2142 ad
1809 2108 1958 2142 alterius
1984 2107 2239 2141 contumeliam

375 2174 432 2207 vel
454 2174 634 2219 injuriam,
658 2175 769 2207 ceteri
791 2175 955 2219 magistri
978 2175 1082 2208 talem
1105 2176 1156 2209 sic
1178 2176 1464 2222 blasphemum¹⁷
1486 2177 1543 2210 vel
1564 2177 1795 2222 injuriantem
1823 2188 1841 2209 a
1866 2187 1933 2208 suo
1956 2174 2134 2220 repellant
2154 2186 2240 2207 con-

374 2241 500 2282 sortio,
528 2241 644 2274 donec
667 2241 884 2274 satisfecerit
910 2243 1000 2287 parti
1022 2242 1098 2275 lese
1120 2243 1163 2276 ad
1185 2243 1374 2277 arbitrium
1400 2244 1593 2286 facultatis,
1618 2256 1683 2277 nec
1708 2244 1751 2276 ad
1779 2242 2085 2288 congregationes
2112 2241 2240 2275 admit-

374 2314 478 2349 tatur,
502 2308 617 2340 donec
639 2309 805 2353 injuriam
828 2321 936 2354 passo
958 2310 1173 2343 conciliatus
1194 2311 1247 2343 illi
1269 2312 1374 2344 etiam
1398 2324 1462 2357 pro
1484 2312 1615 2357 injuria
1637 2311 1867 2344 satisfecerit.

463 2376 551 2407 Item
578 2375 770 2408 statuimus
801 2382 836 2408 et
863 2376 1125 2419 ordinavimus,
1152 2378 1298 2423 antiqua
1327 2378 1389 2411 illa
1414 2385 1545 2412 statuta
1573 2379 1803 2419 innovantes,
1829 2377 1949 2422 quoad
1979 2376 2152 2418 scolares,
2176 2376 2237 2420 qui

374 2441 514 2474 noviter
535 2442 713 2486 incipiunt
733 2442 859 2475 audire
881 2443 1114 2489 theologiam,
1138 2451 1175 2478 ut
1196 2452 1350 2490 quatuor
1371 2446 1498 2491 primis
1518 2446 1623 2479 annis
1645 2452 1791 2491 portent
1809 2444 1867 2478 vel
1888 2444 2023 2489 portari
2042 2443 2174 2476 faciant
2192 2443 2236 2476 ad

375 2507 491 2541 scolas
516 2508 642 2541 biblici
664 2508 829 2551 Bibliam,
857 2516 892 2542 et
912 2510 973 2555 qui
994 2511 1145 2544 audiunt
1167 2512 1372 2546 Sententias
1393 2512 1525 2546 librum
1555 2513 1835 2554 Sententiarum,
1858 2517 1967 2557 prout
1991 2511 2027 2543 in
2052 2510 2237 2543 Reforma-

373 2574 470 2607 tione
492 2581 527 2608 et
546 2575 582 2607 in
604 2576 746 2608 statutis
767 2577 926 2621 antiquis
947 2577 1112 2611 habetur.

462 2643 548 2673 Item
570 2641 736 2674 addendo
758 2643 802 2675 ad
823 2644 996 2687 predicta,
1021 2646 1212 2679 statuimus
1239 2653 1273 2680 et
1299 2647 1547 2681 ordinavimus
1572 2646 1784 2680 auctoritate
1810 2645 2007 2690 apostolica
2034 2656 2127 2677 circa
2153 2655 2235 2689 pre—

373 2707 488 2739 dictos
510 2707 682 2749 scolares,
702 2709 798 2753 quod
820 2710 1030 2755 priusquam
1051 2712 1286 2746 admittantur
1307 2714 1468 2747 scolares
1484 2714 1520 2746 in
1539 2713 1723 2758 theologia
1743 2713 1787 2745 ad
1808 2711 2103 2753 hachalariatum,
2125 2710 2231 2744 fidem

369 2773 498 2806 faciant
529 2774 564 2805 in
596 2774 774 2816 facultate,
806 2777 903 2820 quod
933 2789 998 2822 per
1029 2785 1171 2824 tempus
1202 2787 1371 2813 statutum
1405 2780 1716 2826 frequentaverint
1744 2779 1921 2812 lectiones
1951 2778 2168 2811 biblicorum
2199 2783 2234 2810 et

370 2838 566 2883 legentium
594 2841 813 2882 Sententias,
842 2850 877 2875 et
896 2843 963 2876 hoc
985 2857 1049 2889 per
1070 2846 1217 2879 cedulas
1239 2847 1456 2880 biblicorum
1479 2854 1513 2880 et
1533 2847 1820 2880 bachalariorum
1843 2845 1911 2879 sub
1929 2844 2062 2890 quibus
2079 2843 2229 2877 Bibliam

369 2912 403 2937 et
424 2906 626 2938 Sententias
647 2908 864 2941 audiverunt
885 2922 953 2943 una
975 2923 1054 2943 cum
1072 2913 1279 2956 juramento
1301 2921 1336 2947 et
1356 2914 1526 2956 testibus,
1549 2921 1657 2959 prout
1677 2920 1732 2946 est
1752 2913 1796 2946 de
1819 2924 1919 2945 more
1939 2911 2132 2945 facultatis.

2494 3352 2502 3418 ,mr-au
