2502 3418
223 349 319 386 1411]
566 363 612 385 ΑΒ
648 363 753 385 ANNO
789 362 1076 384 Mcchxxxxw
1110 361 1243 389 USQUE
1279 362 1327 382 AD
1362 361 1500 382 ANNUM
1535 361 1739 383 Mccccmi.
2025 353 2086 386 217

226 469 365 506 1932.
394 478 567 504 Universitas
581 478 677 504 Par-is.
695 478 774 514 apud
790 478 944 503 Iohannem
962 479 1061 503 XXIII
1072 477 1254 512 conqueritur
1272 476 1349 512 quod
1369 480 1507 511 quantum
1523 476 1563 501 ad
1586 476 1725 510 beneficia
1741 476 1797 501 sibi
1820 477 1944 503 homines
1961 478 2045 503 rudes
2062 483 2087 503 et

309 531 447 553 stratores
462 535 606 562 equorum,
623 527 800 563 pauperibus
816 526 907 553 doctis
921 526 1022 552 divites
1038 527 1201 561 ignorantes
1215 527 1431 561 praeferantur.

1415 614 1478 643 7411,
1494 613 1621 646 Septemb.
1640 614 1674 642 17,
1691 614 1804 639 Parisiis.

310 704 351 743 [A
367 703 505 736 vestra¹
519 703 764 743 sanctitate,...
778 703 998 743 beatissime]
1012 709 1126 748 pater,
1142 709 1194 735 tot
1210 709 1245 734 et
1258 708 1354 734 tanta
1366 701 1562 746 gratiarum
1576 712 1724 733 munera
1738 701 1774 732 in
1787 712 1853 732 nos
1866 705 2087 741 e1nan[arunt

223 794 391 802 ............
398 773 592 814 prop]ense
612 769 822 803 voluntatis.
845 771 930 802 Nam
950 776 989 802 ut
1009 782 1027 802 a
1048 769 1175 814 primis
1196 768 1386 801 affectibus
1411 771 1872 808 []
1889 767 1997 811 hujus
2018 768 2089 800 filie

220 842 339 868 vestre
360 835 556 881 graduatos
577 836 669 868 infra
689 842 762 869 tres
783 840 910 877 an[nos
917 860 1299 869 ..........................
1304 839 1400 875 ]cere
1417 834 1665 867 munificentie
1686 834 1794 866 finem
1813 840 1847 866 et
1866 833 2090 867 liberalitatis

220 901 288 942 cle[
292 925 643 936 ........................
648 906 719 943 ]um
741 915 780 935 ac
802 903 938 935 decens
959 909 994 935 et
1015 914 1219 947 congruum
1240 908 1361 935 vestre
1383 901 1595 933 celsitudini
1619 907 1655 933 ut
1678 900 1746 933 hoc
1768 905 1777 940 [
1780 924 2088 934 .....................

224 993 424 1002 ..............
429 969 562 1009 ]animo
583 975 793 1001 constanter
813 968 1010 1010 haberetis,
1029 968 1199 1002 voluistis
1222 975 1261 1001 ut
1285 979 1392 1000 nemo
1415 979 1482 1000 nos
1503 967 1573 999 nisi
1595 967 2091 1012 giadt]

221 1034 353 1067 deinde
374 1041 412 1067 ut
436 1035 473 1067 in
496 1035 623 1079 majori
649 1035 729 1068 data
750 1047 856 1068 nemo
880 1035 987 1068 nobis
1012 1035 1216 1081 prejudicet
1240 1035 1255 1079 [
1261 1059 1730 1068 ................................
1735 1037 1744 1074 ]
1766 1034 1909 1066 exemit.
1937 1034 2014 1076 Que
2040 1034 2090 1066 sic

221 1101 340 1134 omnia
361 1113 404 1133 ex
424 1108 574 1146 paterno
595 1102 717 1135 favore
734 1102 954 1147 profluxisse
976 1107 984 1142 [
990 1125 1532 1136 .....................................
1536 1105 1631 1141 ]mus
1653 1101 1777 1133 oscula
1798 1100 1953 1145 pedibus
1973 1102 2015 1134 V.
2040 1101 2090 1142 S„

221 1174 256 1200 et
276 1173 315 1200 ut
335 1179 436 1212 spem
460 1174 566 1212 atque
587 1168 755 1201 fiduciam
776 1176 936 1202 nostram
956 1173 1013 1214 ap[
1015 1194 1326 1203 .....................
1332 1168 1553 1207 1)θῑ111]5511110
1576 1174 1688 1212 pater,
1713 1174 1818 1212 atque
1840 1167 2092 1200 constituisset

221 1234 255 1266 S.
277 1240 410 1275 vestra,
433 1240 472 1267 ut
492 1241 617 1267 noster
641 1235 836 1268 articulus²
858 1236 997 1268 tociens
1022 1235 1227 1280 postulatus
1251 1236 1262 1279 [
1267 1260 1816 1268 .....................................
1822 1238 1831 1274 ]
1854 1241 1952 1267 esset
1978 1234 2008 1266 si
2025 1246 2092 1267 nos

210 1306 439 1344 *nostrasque
465 1301 624 1334 rationes
645 1302 858 1334 audivisset.
881 1303 1006 1347 Neque
1026 1308 1078 1335 tot
1099 1309 1134 1334 et
1156 1308 1271 1334 tantas
1294 1301 1529 1346 exceptiones
1551 1305 1560 1341 [
1567 1324 1859 1334 ....................
1865 1304 1874 1340 ]
1896 1312 1938 1333 ex
1959 1300 2092 1345 quibus

222 1365 470 1399 involutiones
491 1367 682 1400 meliorum
703 1369 991 1413 postpositiones
1011 1381 1050 1401 ac
1074 1381 1166 1413 pene
1188 1368 1328 1401 infinite
1349 1368 1466 1400 litium
1491 1367 1638 1400 materie
1664 1374 1748 1399 sunt
1772 1371 1782 1407 [
1787 1392 2091 1400 .....................

227 1459 381 1466 ...........
386 1433 507 1475 ]cium,
531 1434 760 1478 permisisset
785 1435 959 1480 sapientia
982 1442 1103 1468 vestra
1125 1442 1163 1467 ut
1183 1447 1337 1479 coquus,
1362 1434 1502 1479 dapifer
1528 1441 1587 1466 aut
1612 1446 1787 1478 equorum
1816 1440 1948 1466 strator
1973 1435 2088 1478 cujus-

224 1511 379 1544 cumque
405 1499 543 1532 domini
571 1501 712 1534 doctori
737 1502 928 1542 [facultatis
954 1502 1152 1547 theo]logie
1174 1502 1409 1547 preferretur,
1434 1507 1493 1533 aut
1521 1501 1617 1533 enim
1640 1501 1723 1544 quia
1749 1507 1850 1545 grate
1876 1500 2040 1533 serviunt
2060 1507 2092 1533 et

224 1572 308 1598 tunc
328 1566 484 1609 judicate
507 1567 538 1599 si
564 1568 685 1613 magni
706 1568 858 1601 sceleris
879 1569 980 1602 labes
1001 1573 1011 1610 [
1016 1593 1292 1602 ...................
1298 1572 1307 1608 ]
1328 1580 1408 1600 cum
1431 1579 1496 1612 pro
1518 1567 1708 1611 temporali
1731 1567 1880 1599 servitio
1903 1567 2094 1599 solvuntur

222 1632 267 1664 de
287 1632 468 1677 spirituali
489 1632 684 1676 beneficio,
710 1642 770 1668 aut
790 1636 872 1680 quia
893 1636 1092 1669 servitores
1118 1635 1179 1668 isti
1208 1635 1306 1667 0111111
1332 1634 1548 1667 sufficientia
1570 1640 1734 1678 prestant.
1754 1634 1979 1678 [suppositis]
2002 1634 2092 1674 suis,

221 1698 289 1731 hoc
311 1699 435 1732 credat
454 1699 581 1733 doctos
602 1701 700 1734 viros
722 1702 765 1734 ad
787 1703 1023 1735 sternendum
1050 1702 1280 1734 dominorum
1307 1713 1423 1745 equos
1452 1701 1503 1733 sic
1526 1712 1785 1745 procursuros.
1812 1701 1977 1732 Profecto
1999 1700 2029 1732 si
2051 1700 2093 1733 ad

222 1764 288 1814 hec
311 1766 458 1799 servitia
478 1767 676 1811 graduatos
697 1768 815 1813 aliqua
838 1769 981 1802 fortuna
1004 1769 1187 1810 detulerit,
1211 1768 1263 1800 illi
1286 1774 1371 1801 sunt
1391 1767 1542 1799 maxime
1565 1767 1626 1811 qui
1656 1767 1692 1798 in
1715 1767 1847 1799 studiis
1876 1767 1992 1799 nitere
2023 1779 2093 1799 non

221 1838 399 1876 poterant,
422 1833 480 1865 vel
498 1833 559 1877 qui
576 1834 730 1867 occultis
752 1836 870 1868 modis
887 1836 1022 1880 gradus
1039 1836 1291 1880 impetrarunt,
1311 1834 1438 1879 quales
1457 1834 1662 1866 audivimus
1684 1833 1862 1878 plurimos
1883 1833 1919 1865 in
1941 1833 2095 1866 ecclesia

223 1898 423 1931 sublimari.
453 1899 547 1932 Illud
573 1901 679 1933 etiam
705 1902 1023 1935 animadvertisset
1049 1902 1239 1935 clementia
1266 1908 1399 1942 vestra,
1428 1907 1699 1945 procuratores,
1727 1900 1867 1944 legatos
1898 1907 1957 1932 aut
1982 1901 2096 1945 scrip-

223 1971 320 1997 tores
341 1977 414 1998 non
442 1966 577 1999 debere
607 1967 714 2001 nobis
738 1969 909 2013 preferri3
937 1969 1067 2014 legatis
1096 1969 1204 2010 enim,
1233 1975 1271 2001 ut
1296 1975 1476 2009 tenemus,
1502 1967 1546 1999 de
1571 1966 1783 2000 vacantibus
1809 1967 1998 1999 beneficiis
2023 1979 2094 1999 non

222 2031 301 2064 sine
322 2044 428 2064 causa
449 2034 673 2077 providetur,
697 2047 807 2080 quare
828 2036 948 2069 minus
971 2036 1122 2081 (lignum
1149 2042 1204 2068 cst
1225 2035 1322 2080 quod
1350 2034 1547 2079 precedant
1573 2034 1609 2066 in
1631 2034 1824 2075 vacaturis,
1846 2046 1903 2075 ne,
1928 2034 2011 2066 dum
2034 2034 2092 2066 alii

222 2098 402 2139 esuriunt,
426 2099 557 2133 divites
578 2100 635 2134 bis
661 2101 833 2135 ditentur.
857 2103 1061 2147 Scriptores
1083 2115 1169 2136 vero
1192 2109 1226 2135 et
1247 2108 1516 2146 procuratores,
1539 2101 1623 2133 dum
1652 2100 1745 2132 bene
1767 2100 1931 2133 scribunt
1958 2107 1990 2133 et
2012 2113 2094 2145 pro-

222 2171 360 2206 curant,
388 2177 430 2211 ex
456 2166 532 2199 suis
563 2167 690 2201 officiis
717 2169 843 2202 vivunt
873 2176 908 2202 et
937 2170 1108 2202 ditantur.
1136 2170 1210 2201 Nos
1238 2180 1325 2202 vero
1356 2180 1474 2212 neque
1505 2167 1741 2212 predicando,
1771 2179 1889 2211 neque
1921 2167 2091 2212 legendo,

222 2242 339 2275 neque
361 2232 479 2265 modis
505 2233 585 2266 aliis
605 2235 776 2268 veritates
797 2236 1014 2269 elucidando
1036 2236 1080 2269 ad
1102 2247 1191 2269 usus
1212 2235 1442 2268 necessarios
1471 2234 1577 2266 nobis
1603 2234 1815 2266 sufficimus.
1840 2234 1958 2265 l'rimo
1985 2234 2093 2279 patri-

223 2298 341 2330 monia
374 2299 636 2342 consumimus,
671 2302 804 2335 deinde
836 2303 1007 2336 scientias
1038 2315 1102 2348 pro
1136 2303 1331 2347 capacitate
1365 2313 1602 2346 personarum
1640 2301 1841 2340 consecuti,
1878 2300 1921 2332 ad
1956 2301 2091 2344 gradus

223 2375 364 2396 summo
385 2365 578 2410 rigidoque
599 2367 719 2401 disciti
735 2371 771 2412 (?)
790 2370 923 2415 rigoris
942 2370 1104 2402 examine
1121 2381 1304 2410 vocamur,
1324 2381 1367 2401 eo
1386 2375 1470 2401 tunc
1494 2367 1609 2412 magis
1632 2378 1810 2411 pauperes
1828 2379 1898 2410 quo
1915 2367 2091 2399 fuerimus

223 2429 418 2463 doctiores.
442 2431 498 2464 Illi
525 2434 627 2477 quasi
652 2435 868 2479 quibusdam
895 2436 1115 2469 mechanicis
1143 2435 1332 2468 elevantur
1356 2447 1361 2467 :
1387 2446 1454 2466 nos
1476 2446 1556 2466 cum
1585 2433 1719 2466 divinis
1749 2432 1952 2477 disciplinis
1976 2433 2020 2465 ad
2042 2433 2090 2465 in-

222 2495 302 2529 fima
331 2497 519 2531 deicimur.
547 2500 617 2542 Qui
643 2513 715 2533 non
745 2502 953 2535 didicerunt
981 2503 1186 2536 efficiuntur
1215 2502 1451 2546 ecclesiarum
1484 2507 1659 2540 rectores,
1695 2500 1755 2543 qui
1789 2499 2004 2540 docuerunt,
2038 2500 2091 2531 di-

222 2570 353 2596 cuntur
373 2564 579 2599 inferiores.
604 2568 676 2600 Nec
698 2575 879 2602 tenentem
902 2570 1163 2614 parlamentum
1190 2569 1332 2614 regium
1359 2568 1552 2612 ex[c]ipere
1581 2566 1777 2611 opportuit.
1803 2566 1892 2598 Sunt
1916 2566 2011 2598 enim
2038 2566 2090 2598 illi

223 2629 354 2662 divites
375 2642 414 2663 ac
436 2631 480 2664 de
501 2633 577 2665 suis
599 2635 691 2678 pasti
712 2635 840 2668 officiis
860 2637 906 2668 ita
924 2637 1094 2681 pingues,
1117 2642 1156 2668 ut
1176 2642 1358 2680 parentes,
1379 2635 1409 2666 si
1434 2634 1535 2678 prius
1557 2633 1693 2665 fuerint
1714 2644 1893 2676 pauperes
1911 2639 1945 2665 et
1961 2633 2088 2677 ignoti,

223 2695 354 2729 divites
374 2697 528 2731 fecerint
547 2706 581 2732 et
601 2700 718 2734 claros
740 2702 920 2735 dominos.
944 2703 1015 2735 Sed
1036 2702 1200 2735 obiciunt
1219 2702 1331 2746 aliqui
1354 2701 1491 2733 domini
1516 2712 1522 2732 :
1546 2706 1744 2739 merentur,
1769 2706 1807 2731 ut
1828 2699 1879 2731 sic
1901 2700 1956 2731 sui
1978 2700 2092 2732 servi-

225 2767 321 2795 tores
343 2764 586 2808 preficiantur.
610 2768 774 2801 Profecto
796 2770 893 2813 quod
913 2770 1077 2814 iniquum
1100 2775 1155 2801 est
1182 2780 1255 2800 non
1279 2768 1364 2800 facit
1392 2779 1525 2811 equum
1633 2765 1800 2797 meritum
1823 2765 1992 2798 alienum.
2022 2766 2092 2798 Ini—

224 2839 332 2873 quum
351 2837 497 2864 estnon
517 2833 754 2867 sufficientem
777 2835 952 2880 preficere
974 2836 1146 2876 ecclesic;
1170 2834 1375 2879 indignum,
1398 2833 1518 2865 minus
1543 2832 1653 2876 longe
1676 2831 1914 2864 sufficientem
1940 2833 2091 2876 preferri

225 2895 486 2940 sufficientiori,
510 2911 620 2944 quare
641 2913 713 2933 non
737 2909 922 2935 merentur
944 2902 1080 2935 domini
1102 2909 1141 2934 ut
1161 2901 1267 2933 nobis
1289 2901 1527 2933 indiferenter
1551 2899 1607 2931 sui
1630 2899 1858 2943 preferantur
1879 2899 2089 2933 servitores.

346 2957 411 2974 *u*
428 2956 516 2981 Chare
549 2958 628 2982 Univ.
646 2959 742 2984 Paris.
762 2960 802 2983 tv.
1941 2958 1970 2980 2⁸
