2502 3418
330 306 426 342 1452]
667 321 712 342 ΑΒ
748 321 852 343 ANNO
889 322 1176 344 uccerxxxxw
1211 323 1341 352 USQUE
1376 325 1424 346 AD
1459 325 1596 347 ANNUM
1631 327 1836 349 uescenti.
2126 320 2190 352 733

419 395 504 426 ltem
528 395 571 428 de
593 394 848 429 interessendo
874 396 910 429 in
934 396 1056 429 habitu
1084 397 1273 442 sepulture
1298 398 1527 431 scolarium⁷⁰
1552 400 1684 433 diebus
1710 402 1850 434 festivis
1878 409 1913 434 et
1938 402 2017 435 aliis
2044 403 2186 436 diebus.

328 461 410 501 Sed,
434 461 736 506 licetjuramento
754 475 817 496 eos
834 463 1004 496 nolumus
1026 464 1192 509 astringi,
1216 470 1335 497 tamen
1356 465 1400 497 ad
1424 472 1490 498 tam
1514 466 1609 511 pium
1633 474 1668 500 et
1688 467 1882 500 humanum
1906 469 2060 502 officium
2084 470 2189 503 soda-

328 527 424 560 libus
445 528 743 573 impendendum,
759 542 823 575 per
838 531 978 564 viscera
1000 531 1144 575 pietatis
1163 531 1359 565 Salvatoris
1379 533 1494 565 nostri
1512 540 1664 567 cunctos
1682 534 1907 568 obtestamur
1926 542 1960 568 et
1975 536 2182 570 invitamus.

414 596 501 628 Item
528 596 572 629 de
597 596 755 642 legendo
782 597 995 633 Psalterium
1027 598 1063 631 in
1093 605 1208 631 morte
1234 605 1311 632 actu
1345 601 1508 645 regentis
1538 601 1703 646 magistri
1729 602 1947 635 remittimus
1976 603 2125 636 arbitrio
2155 611 2189 637 et

324 662 510 696 devotioni
531 664 768 708 superstitum
790 665 1061 710 magistrorum.

411 730 499 762 Item
516 731 762 775 juramentum
784 732 828 764 de
845 732 1054 777 incipiendo
1076 733 1112 766 in
1134 745 1244 779 cappa
1265 747 1357 768 nova
1374 747 1447 768 non
1469 735 1749 777 accommodata,
1773 747 1845 768 non
1867 737 2057 770 conducta.

412 798 499 830 Item
516 798 763 842 juramentum
786 799 830 832 de
851 799 1010 845 legendo
1032 813 1097 845 per
1118 801 1242 834 duos⁷¹
1267 814 1382 835 annos
1404 803 1589 835 continue.

411 865 497 897 Item
516 865 761 909 juramentum
784 866 828 899 de
850 866 1017 900 habendo
1039 880 1185 913 cappam
1208 869 1391 914 propriam
1413 870 1568 915 nigram.

410 932 499 964 Item
525 932 561 964 in
587 933 762 977 predictis
788 934 933 967 statutis
959 935 1096 968 nostris
1124 936 1380 980 dispensamus
1409 943 1444 969 et
1469 936 1708 979 declaramus,
1732 950 1777 970 ne
1803 937 1846 970 al)
1872 938 1994 983 aliquo
2022 938 2188 984 exigatur

315 998 561 1042 juramentum
587 1000 630 1032 de
652 1012 725 1033 non
746 1001 905 1046 legendo
929 1002 972 1034 ad
996 1014 1163 1046 pennam.
1189 1004 1304 1048 Super
1325 1003 1495 1037 omnibus
1522 1005 1782 1050 suprascriptis
1808 1017 1878 1050 que
1904 1005 2095 1039 commode
2122 1019 2186 1051 pro

320 1066 535 1099 condicione
562 1079 799 1112 personarum
829 1075 863 1101 et
888 1075 1091 1114 temporum
1118 1070 1266 1102 minime
1292 1071 1460 1104 novimus
1486 1071 1726 1114 observanda,
1749 1073 1961 1106 auctoritate
1987 1073 2187 1118 apostolica

319 1132 588 1177 dispensamus,
612 1147 678 1167 nee
699 1135 742 1168 ad
764 1135 824 1168 illa
846 1136 890 1168 de
911 1143 1033 1169 cetero
1056 1149 1120 1181 per
1135 1138 1381 1181 jurameutum
1402 1138 1572 1171 volumus
1593 1139 1749 1184 aliquem
1772 1140 2028 1184 magistrorum
2057 1141 2186 1174 artium

319 1200 440 1233 artari.

408 1268 454 1300 Ut
478 1274 595 1301 autem
622 1281 777 1313 presens
806 1270 1013 1303 reformatio
1046 1278 1080 1303 et
1108 1278 1238 1304 statuta
1272 1279 1305 1305 et
1331 1272 1582 1306 ordinationes
1611 1280 1749 1314 nostre,
1778 1286 1859 1319 ymo
1889 1274 2012 1307 verius
2040 1282 2186 1320 aposto-

318 1333 399 1375 lice,
421 1335 553 1368 futuris
574 1336 801 1381 temporibus
822 1337 865 1369 ad
887 1338 1102 1382 profectum,
1125 1339 1238 1371 decus
1260 1346 1295 1372 et
1316 1339 1491 1372 honorem
1514 1340 1693 1373 facultatis
1719 1341 1882 1385 predicte
1907 1342 2036 1374 artium
2058 1342 2186 1375 obser-

317 1408 459 1443 ventur,
482 1402 664 1443 volumus,
686 1410 722 1436 et
741 1403 778 1436 in
798 1403 930 1437 virtute
953 1412 1075 1438 sancte
1097 1404 1306 1439 obedientie
1329 1406 1563 1451 precipimus,
1587 1414 1767 1452 quatenus
1788 1407 1825 1440 in
1851 1408 2005 1441 rectoris
2031 1409 2185 1443 Univer-

317 1468 434 1501 sitatis
459 1470 622 1514 predicte
647 1471 878 1513 Parisiensis,
902 1479 936 1505 et
961 1473 997 1504 in
1024 1473 1248 1517 singularum
1277 1474 1462 1506 nationum
1489 1474 1607 1515 libris,
1630 1475 1666 1507 in
1694 1474 1827 1519 quibus
1853 1482 1982 1509 statuta
2005 1476 2184 1510 facultatis

317 1542 351 1568 et
376 1536 632 1570 Universitatis
660 1538 841 1584 descripta
867 1545 1049 1581 tenentur,
1078 1540 1122 1572 de
1147 1540 1260 1573 verbo
1286 1541 1330 1573 ad
1356 1541 1506 1574 verbum
1533 1541 1792 1583 inscribantur,
1821 1543 1945 1575 eadem
1972 1544 2183 1577 auctoritate

315 1603 514 1647 apostolica
532 1605 756 1647 mandantes,
772 1612 809 1638 ut
825 1606 861 1638 in
879 1606 1040 1651 qualibet
1055 1608 1206 1640 nacione
1223 1608 1267 1640 ad
1283 1607 1349 1640 hec
1366 1608 1575 1653 specialiter
1592 1621 1657 1654 per
1674 1616 1944 1654 procuratorem
1963 1618 2183 1656 congregata

315 1669 351 1702 in
378 1670 558 1716 principio
580 1672 810 1717 singulorum
832 1673 1108 1707 Ordinariorum
1131 1674 1276 1719 publice
1297 1675 1478 1720 legantur,
1497 1687 1541 1708 ne
1563 1676 1754 1720 quisquam
1776 1676 2015 1722 ignorantiam
2038 1685 2183 1722 preten-

315 1737 402 1770 dere
432 1738 549 1771 valeat
578 1740 837 1783 predictorum.
867 1742 940 1773 Nec
970 1741 1065 1774 enim
1096 1741 1202 1774 dccet
1228 1754 1298 1787 que
1326 1748 1420 1775 tanta
1451 1742 1715 1776 deliberatione
1737 1750 1839 1788 gesta
1865 1751 1949 1777 sunt
1969 1756 1987 1777 e
2009 1746 2181 1778 memoria

315 1803 514 1847 obliterari,
542 1806 629 1850 quin
657 1807 777 1852 potius
805 1820 870 1852 per
900 1808 1068 1853 singulos
1093 1821 1208 1841 annos
1238 1809 1281 1842 ad
1309 1816 1520 1854 perpetuam
1552 1810 1761 1843 memoriam
1791 1810 1980 1855 publicari.
2007 1813 2055 1844 Ea
2085 1812 2180 1844 enim

313 1871 457 1905 facilius
478 1874 652 1906 memorie
679 1875 993 1917 commendantur,
1015 1888 1085 1920 que
1107 1876 1231 1921 sepius
1253 1883 1481 1921 repetuntur,
1504 1883 1538 1910 et
1562 1877 1791 1922 frequentius
1813 1878 1848 1910 in
1875 1878 2059 1923 publicum
2088 1879 2181 1912 rele-

313 1944 462 1983 guntur.

403 2008 476 2040 Hec
502 2014 587 2041 sunt
612 2008 772 2042 salubria
803 2009 981 2051 instituta,
1013 2022 1083 2055 que
1111 2010 1155 2043 ad
1183 2010 1275 2043 alme
1305 2010 1562 2044 Universitatis
1590 2010 1699 2056 hujus
1721 2007 1854 2053 decus,
1886 2013 2177 2046 reformationem

313 2085 467 2116 morum,
499 2082 535 2108 et
564 2075 767 2109 studiorum
800 2077 1064 2110 incrementum
1098 2089 1230 2122 magno
1259 2077 1380 2110 studio
1414 2077 1595 2111 elaborata
1630 2090 1669 2111 ac
1703 2078 1845 2123 digesta
1877 2080 2178 2124 conscripsimus,

312 2141 572 2175 assistentibus
593 2142 701 2176 nobis
723 2144 936 2178 reverendis
959 2144 1123 2189 patribus
1145 2145 1303 2178 dominis
1325 2145 1530 2178 Guillermo
1551 2145 1749 2178 Parisiensi
1767 2152 1802 2178 et
1816 2145 1980 2179 Johanne
1997 2147 2178 2181 Meldensi

312 2208 509 2254 episcopis,
537 2216 570 2242 et
597 2210 812 2244 clarissimis
832 2212 922 2245 viris
944 2212 980 2244 in
996 2213 1080 2256 jure
1102 2212 1337 2257 peritissimis
1362 2212 1524 2244 Arnaldo
1547 2212 1591 2244 de
1612 2212 1725 2245 Marlc
1747 2213 1839 2257 regii
1862 2213 2074 2258 parlamenti
2096 2227 2178 2259 pre-

311 2275 468 2316 sidente,
497 2277 659 2323 Georgio
687 2280 817 2311 Havart
844 2279 1018 2324 magistro
1047 2285 1312 2324 requestarum,
1340 2279 1543 2312 Guillermo
1571 2280 1677 2312 Cotin
1699 2280 1735 2311 in
1761 2292 1900 2313 camera
1927 2281 2175 2325 inquestarum

311 2343 535 2387 presidente,
566 2344 702 2378 Milone
732 2346 888 2379 d‘Illiers
921 2347 1057 2379 decano
1087 2346 1303 2380 Car-notensi
1338 2353 1370 2379 et
1399 2346 1491 2391 regii
1519 2346 1734 2379 Parlamenti
1763 2347 1987 2389 consiliario,
2017 2348 2175 2382 Roberto

311 2408 449 2454 Cybele
466 2410 620 2444 ecclesie
638 2412 855 2446 Parisiensis
872 2413 1102 2454 cancellario,
1119 2425 1212 2458 mag.
1230 2413 1393 2446 Johanne
1411 2412 1569 2445 Simonis
1587 2413 1688 2457 regio
1706 2413 1892 2455 advocato,
1911 2414 2080 2447 omnibus
2098 2427 2175 2460 pre-

311 2475 417 2509 dictis
447 2489 465 2509 a
495 2477 797 2512 christianissimo
829 2486 864 2513 et
891 2480 1198 2513 excellentissimo
1229 2480 1393 2525 principe
1426 2479 1573 2512 domino
1604 2480 1735 2513 Carolo
1764 2481 1983 2514 Francorum
2013 2494 2100 2527 rege
2130 2482 2174 2515 ad

311 2543 410 2587 regia
430 2544 621 2590 privilegia
642 2546 868 2580 reformanda
885 2547 1080 2592 deputatis,
1103 2559 1256 2592 quorum
1275 2547 1311 2579 in
1329 2546 1502 2591 predictis
1524 2546 1667 2579 statutis
1689 2546 1841 2579 edendis
1858 2548 2050 2580 consilium
2073 2548 2174 2581 adhi-

309 2609 473 2653 buimus3
497 2623 610 2657 eaque
632 2620 762 2647 statuta
787 2621 893 2659 atque
916 2615 1060 2648 decreta
1082 2621 1206 2647 nostra
1227 2613 1385 2659 singulis
1406 2613 1638 2646 facultatibus
1659 2625 1824 2646 seorsum
1847 2615 1890 2647 ad
1911 2627 1978 2647 nos
1999 2616 2170 2658 evocatis,

309 2677 402 2721 ipsis
418 2679 667 2723 presentibus,
685 2681 914 2723 tradidimus,
933 2682 1200 2715 insinuavimus
1223 2688 1257 2714 et
1272 2680 1552 2726 publicavimus,
1569 2680 1769 2725 harumque
1787 2681 1882 2714 serie
1899 2681 1973 2715 illis
1990 2682 2026 2715 in
2044 2695 2172 2728 perpe-

310 2750 408 2777 tuum
435 2746 586 2780 valitura
615 2748 802 2791 tradimus,
827 2749 1070 2790 insinuamus,
1102 2755 1208 2793 atque
1236 2748 1303 2781 sub
1333 2747 1540 2780 authentico
1571 2747 1695 2792 sigillo
1721 2755 1847 2781 nostro
1878 2750 2170 2792 transmittimus,

308 2811 562 2856 decernentes,
586 2821 622 2847 ut
643 2815 747 2848 etiam
765 2828 874 2861 supra
891 2817 1153 2857 mandavimus,
1171 2816 1207 2847 in
1224 2814 1472 2848 voluminibus
1489 2821 1702 2847 statutorum
1722 2815 1946 2859 singularum
1964 2817 2169 2850 facultatum

308 2891 347 2910 ea
378 2880 495 2925 redigi
522 2881 751 2927 fideliterque
778 2883 982 2916 transcribi.
1016 2885 1142 2916 Datum
1171 2882 1331 2915 Parisius
1358 2894 1451 2914 anno
1478 2881 1741 2914 Incarnationis
1763 2882 1950 2916 Dominice
1976 2884 2170 2918 millesimo
