2502 3418
389 345 453 377 494
964 353 1282 376 CIIARTULARIUM
1318 352 1509 375 umvnns.
1547 353 1676 375 rmus,
2152 337 2251 374 [1430

477 429 584 458 Tercio,
605 437 666 455 non
685 430 834 455 invenitur
853 429 1003 455 Christum
1022 430 1092 455 tales
1113 430 1277 462 potestates,
1299 428 1404 454 scilicet
1422 429 1490 454 alias
1509 436 1524 454 a
1543 428 1649 462 papali,
1666 426 1841 461 expressisse,
1863 426 1911 452 sed
1929 427 2047 452 tantum
2068 433 2248 459 supremam.

387 479 434 504 cui
449 479 595 505 commisit
608 478 721 505 ecclesie
736 478 968 504 fundationem-².

476 528 595 560 Quarto,
612 528 852 561 quandocunque
870 528 901 553 in
918 528 1017 561 aliquo
1038 527 1164 553 Consilio
1182 527 1278 560 aliqua
1294 527 1503 556 instituuntur,
1522 528 1582 552 tota
1597 526 1753 552 auctoritas
1767 525 1839 551 dans
1858 524 1988 557 vigorem
2008 524 2122 550 statutis
2141 524 2172 549 in
2188 524 2249 550 solo

387 585 505 603 summo
520 577 626 603 residet
638 577 777 610 pontifice
784 576 804 603 ⁴.

475 626 594 658 Quinto,
609 634 642 652 ex
655 627 736 652 textu
750 625 897 659 Evangelii
911 633 971 651 non
984 626 1110 651 habetur
1121 632 1250 658 expresse
1262 624 1351 666 alicui
1363 625 1562 658 apostolorum
1575 624 1630 650 nisi
1642 625 1725 650 Petro
1738 623 1943 650 auctoritatem
1955 622 2152 656 jurisdicionis
2164 622 2250 648 fuisse

386 675 548 701 collatam³⁵.

475 724 567 753 Sexto,
587 724 681 750 dicere
696 724 869 750 inferiorum
885 724 1066 757 prelatorum
1082 725 1256 756 potestatem
1273 722 1480 755 jurisdicionis,
1497 722 1554 748 sive
1568 722 1627 748 sint
1641 722 1775 756 episcopi,
1792 722 1849 748 sive
1866 721 1925 747 sint
1943 720 2047 750 curati,
2064 728 2122 747 esse
2140 720 2248 746 imme-

384 774 460 799 diate
475 781 490 799 a
506 774 575 802 Deo,
593 773 667 799 sicut
681 774 855 806 potestatem
867 780 950 806 pape,
968 772 1082 798 veritati
1098 771 1319 805 quodammodo
1335 771 1510 805 repugnatss.

475 823 614 856 Septimo,
629 822 702 848 sicut
718 822 818 847 nullus
836 822 888 847 ssos
901 823 929 847 et
942 822 1023 847 nulla
1037 821 1193 854 pullulatio
1206 829 1259 847 nec
1271 821 1359 847 etiam
1372 828 1474 847 omnes
1489 821 1574 847 flores
1588 822 1616 847 et
1631 821 1840 854 pullulationes
1857 820 1945 846 simul
1960 820 2083 853 possunt
2095 818 2207 852 aliquid
2217 819 2248 845 in

385 872 528 900 arborem,
544 871 612 905 quia
628 872 680 897 hec
695 871 794 896 omnia
811 872 880 896 sunt
897 872 1016 903 propter
1030 870 1162 896 arborem
1176 870 1310 896 instituta
1325 871 1354 896 et
1372 870 1408 895 ab
1425 870 1527 896 arbore
1541 870 1676 897 derivata.
1694 869 1732 895 sic
1747 877 1849 895 omnes
1863 869 1917 895 alie
1935 869 2089 902 potestates
2106 867 2197 894 nichil
2212 867 2248 893 de

382 921 449 953 jure
472 922 593 954 possunt
613 922 713 945 contra
729 928 882 945 summum
898 919 1079 953 pontificem,
1095 920 1164 952 quia
1183 919 1283 945 omnia
1298 919 1350 945 hec
1365 921 1434 945 sunt
1453 920 1572 952 propter
1591 927 1745 944 summum
1767 918 1964 944 sacerdocium
1984 916 2146 943 instituta7.
2167 916 2247 950 Infra

384 970 483 995 dicitur
504 970 583 1003 quod
607 969 764 1002 spiritualis
788 970 912 1002 potestas
936 970 977 994 est
996 976 1132 994 summus
1148 968 1290 1002 pontifex,
1312 969 1347 994 ut
1366 968 1504 994 recitatur
1525 968 1681 1000 Hugonem
1702 968 1738 994 de
1761 967 1865 993 Sancto
1888 967 2002 992 Victore
2022 966 2134 995 dixisse,
2151 964 2245 1000 [libro]

383 1019 510 1044 secundo
523 1020 561 1044 De
577 1018 770 1047 Suet-amentis,
788 1026 821 1043 ex
837 1025 896 1050 quo
912 1019 1005 1051 potest
1020 1018 1120 1047 videri,
1134 1018 1215 1051 quod
1230 1018 1278 1043 hic
1291 1025 1342 1051 per
1356 1025 1510 1043 summum
1525 1017 1712 1050 pontificium
1728 1024 1862 1042 summus
1876 1016 2008 1049 pontifex
2018 1015 2208 1048 intelligatur.

472 1067 587 1096 Octavo,
604 1075 739 1092 summus
752 1067 884 1099 pontifex
897 1067 1068 1093 canonicam
1083 1067 1247 1100 symoniam
1263 1067 1354 1100 ajure
1368 1066 1490 1100 positivo
1505 1066 1685 1100 prohibitam
1701 1073 1761 1092 non
1775 1066 1869 1098 potest
1883 1065 2066 1092 committere
2073 1063 2094 1089 8.

470 1156 547 1198 Que
569 1155 840 1199 propositiones
861 1166 926 1187 seu
948 1155 1041 1187 dicta
1063 1154 1201 1199 pluries
1223 1167 1288 1199 per
1308 1155 1500 1200 deputatos
1523 1154 1687 1199 ejusdem
1708 1153 1887 1187 facultatis
1904 1153 2104 1198 diligenter
2119 1152 2246 1185 exami-

381 1228 473 1263 nata„
490 1221 748 1266 judicabantur
769 1233 850 1254 esse
873 1221 1084 1267 reparanda,
1107 1222 1299 1266 presertim
1322 1234 1401 1254 cum
1424 1222 1594 1254 dominus
1615 1227 1735 1254 rector
1756 1227 1791 1253 et
1812 1220 1913 1254 multi
1936 1220 1980 1252 de
2002 1219 2246 1253 Universitate

382 1289 485 1321 talem
510 1289 770 1333 reparationem
801 1289 1057 1333 requisissent,
1084 1288 1121 1320 in
1150 1288 1332 1333 presentia
1357 1289 1451 1321 dicte
1476 1288 1669 1321 facultatis.
1698 1287 1858 1320 Tandem
1887 1288 2047 1332 prefatus
2076 1286 2247 1319 dominus

379 1356 537 1388 decanus
559 1368 601 1388 ex
622 1362 758 1388 matura
780 1362 815 1388 et
834 1355 1002 1401 diligenti
1023 1368 1061 1388 ac
1083 1356 1255 1388 concordi
1277 1355 1540 1388 deliberatione
1562 1355 1818 1400 magistrorum
1847 1354 1941 1386 dicte
1966 1353 2146 1386 facultatis
2173 1360 2243 1386 tam

376 1423 578 1467 regentium
601 1435 704 1467 quam
727 1435 799 1455 non
822 1422 1040 1467 regentium⁷
1063 1429 1098 1455 et
1115 1429 1182 1455 tam
1201 1422 1419 1455 secularium
1437 1434 1542 1467 quam
1561 1422 1833 1467 religiosorum,
1850 1420 2243 1465 prehabitaconclusit,

373 1490 470 1534 quod
491 1490 676 1534 predictus
696 1490 806 1522 frater
826 1489 1010 1522 Johannes
1033 1482 1210 1530 Sarrasin,
1234 1489 1320 1522 Ord.
1345 1489 1424 1522 frat.
1449 1489 1640 1530 Predicat.,
1663 1488 1724 1533 qui
1746 1494 1887 1526 111110,οἰ
1906 1487 1994 1520 alias
2012 1487 2157 1520 auditus
2175 1487 2245 1520 suit

376 1556 420 1595 ad
441 1556 590 1601 longum
613 1563 648 1589 et
668 1557 772 1601 cujus
793 1556 947 1589 intentio
970 1556 1057 1589 scita
1077 1556 1156 1591 suit.
1180 1562 1215 1588 et
1235 1556 1296 1600 qui
1319 1556 1423 1589 etiam
1447 1567 1485 1588 se
1507 1555 1727 1589 submiserat
1747 1555 1842 1587 dicte
1863 1554 2023 1587 facultati
2043 1553 2245 1599 theologie,

377 1624 515 1656 diceret
536 1624 572 1655 in
594 1623 688 1656 dicta
710 1623 998 1668 congregatione
1022 1629 1057 1655 et
1077 1623 1210 1655 deinde
1232 1623 1268 1655 in
1290 1623 1369 1655 aula
1390 1623 1512 1656 sratris
1533 1622 1679 1656 Girardi
1706 1622 1750 1655 de
1780 1621 1947 1662 Salinis⁹,
1978 1621 2066 1655 Ord.
2095 1607 2242 1653 fratrum

376 1691 478 1730 Min„
502 1697 585 1735 post
605 1691 754 1735 primam
778 1690 1007 1734 questionem
1029 1690 1307 1735 expectatoriam
1330 1689 1399 1723 sub
1419 1689 1484 1722 hac
1506 1690 1641 1722 forma:

465 1771 481 1788 «
505 1759 555 1789 Ex
575 1757 755 1802 vesperiis
777 1757 867 1789 meis
889 1757 1033 1801 quidam
1055 1757 1202 1789 suerunt
1223 1756 1468 1798 scandalisati,
1492 1756 1585 1789 510111
1605 1756 1714 1789 11110111
1736 1755 1980 1801 significatum
2007 1761 2063 1787 est
2087 1766 2152 1799 per
2172 1766 2245 1787 ma-

375 1831 464 1857 trem
487 1836 599 1857 meam
623 1824 827 1857 facultatem
848 1823 1049 1869 theologie,
1071 1830 1239 1869 tanquam
1261 1823 1511 1856 intellexerint
1531 1823 1628 1868 quod
1649 1823 1826 1857 voluerim
1849 1822 1945 1855 inter
1964 1821 2032 1854 alia
2053 1821 2243 1854 detrahere

373 1892 542 1936 potestati
573 1891 728 1924 ecclesie
755 1898 790 1924 et
819 1891 1040 1936 prelatorum
1067 1891 1222 1924 aliorum
1254 1903 1271 1924 a
1305 1902 1446 1924 summo
1476 1890 1648 1936 pontifice
1654 1916 1719 1923 .....
1752 1896 1786 1922 01
1817 1889 2024 1934 specialiter
2051 1888 2242 1921 occasione

376 1959 597 2003 quarundam
620 1959 911 2003 propositionum
936 1970 1000 2002 per
1020 1970 1076 1990 me
1104 1958 1141 1990 in
1169 1958 1308 1990 eisdem
1337 1958 1517 2003 vesperiis
1546 1958 1637 1990 meis
1665 1957 1855 1990 dictarum.
1884 1956 2022 1990 Volens
2051 1962 2242 2000 propterea

375 2026 601 2071 quantumin
623 2038 678 2058 1ηο
700 2032 756 2058 051
775 2025 904 2058 tollere
925 2037 1032 2058 omne
1059 2025 1268 2058 scandalum
1295 2032 1331 2058 01
1357 2037 1439 2058 0550
1467 2024 1565 2057 filius
1592 2024 1801 2057 obedientie
1829 2030 1865 2056 et
1891 2023 1990 2068 pacis
2020 2029 2053 2055 et
2081 2028 2244 2055 assertor

375 2094 550 2134 veritatis,
573 2093 654 2125 dico
681 2105 776 2125 nunc
803 2105 846 2125 ex
872 2092 1102 2125 ordinatione
1128 2093 1294 2137 ejusdem
1322 2092 1446 2125 matris
1476 2104 1555 2125 mee
1582 2091 1762 2125 facultatis
1792 2090 1990 2135 theologie,
2013 2090 2118 2134 cujus
2144 2089 2242 2122 ordi-

375 2161 525 2202 nationi,
548 2160 782 2205 dispositioni
804 2166 839 2192 et
859 2159 1066 2192 omnimode
1086 2159 1381 2192 determinationi
1397 2171 1454 2192 me
1471 2159 1626 2192 submisi
1643 2165 1679 2191 et
1695 2158 1883 2200 submitto,
1900 2170 1939 2190 ac
1954 2157 2059 2190 etiam
2078 2156 2242 2201 ultronea

374 2227 560 2260 voluntate
580 2227 752 2260 veritates
773 2239 843 2272 que
865 2233 1056 2271 sequntur.
1074 2227 1203 2268 Prima⁷
1227 2232 1290 2260 etc.
1308 2228 1370 2269 [ut
1387 2226 1486 2268 infra
1504 2226 1539 2260 in
1556 2226 1684 2269 notiss.

466 2309 481 2325 «
505 2294 669 2339 Denique
692 2294 722 2327 si
743 2294 861 2338 aliqua
890 2293 1102 2338 protulerim
1123 2293 1181 2327 vel
1212 2294 1435 2338 scripserim,
1466 2305 1535 2338 que
1562 2292 1754 2327 videantur
1781 2292 1955 2338 predictis
1985 2291 2163 2324 contraria
2183 2290 2241 2324 vel

377 2373 445 2406 que
467 2362 570 2394 aliter
591 2361 724 2406 scripta
750 2368 847 2401 511111,
869 2360 954 2393 11010
981 2361 1018 2393 111
1044 2361 1098 2394 eis
1120 2367 1228 2402 stare7
1251 2361 1316 2393 sed
1337 2360 1420 2394 volo
1446 2367 1482 2393 et
1509 2360 1675 2405 supplico
1704 2359 1830 2392 haberi
1859 2371 1923 2404 pro
1950 2371 2023 2392 non
2051 2358 2158 2391 dictis
2182 2357 2240 2391 vel

377 2429 522 2473 scriptis
544 2435 579 2461 et
599 2428 664 2461 alia
687 2440 915 2473 quecunque,
940 2439 1009 2472 que
1029 2427 1241 2461 viderentur
1262 2427 1416 2472 prebere
1438 2427 1666 2460 occasionem
1688 2426 1848 2460 scandali
1868 2426 1926 2459 vel
1947 2426 2095 2459 erroris.
2115 2438 2131 2456 ))

465 2496 683 2540 Quiquidem
705 2496 748 2528 sr.
771 2495 851 2528 Joh.
876 2495 1040 2528 Sar-rasin
1066 2495 1174 2527 modo
1196 2501 1231 2527 et
1254 2495 1368 2527 forma
1393 2494 1569 2540 predictis
1595 2495 1714 2527 omnia
1740 2501 1776 2527 et
1800 2493 1945 2539 singula
1970 2493 2067 2534 fecit,
2090 2492 2180 2525 dixit
2205 2498 2241 2525 et

377 2562 537 2606 protulit7
561 2563 676 2607 primo
693 2562 865 2595 videlieet
884 2562 921 2594 in
942 2562 1035 2595 dicta
1057 2562 1341 2607 congregatione
1364 2562 1401 2594 in
1422 2561 1579 2606 capitulo
1602 2562 1721 2594 Sancti
1744 2560 1941 2594 Mathurini
1963 2559 2180 2593 Parisiensis
2201 2565 2240 2592 ut

376 2630 555 2674 prefertur
571 2629 762 2670 celebrata,
781 2629 1014 2674 presentibus
1036 2629 1171 2661 ibidem
1188 2628 1460 2662 venerabilibus
1478 2635 1511 2661 et
1532 2628 1808 2673 circumspectis
1825 2628 1912 2661 viris
1932 2627 2079 2660 domino
2101 2626 2238 2659 decano

376 2696 638 2740 prenominato,
662 2703 696 2728 01
716 2696 900 2741 magistris
920 2696 1083 2729 Johanne
1109 2696 1152 2728 de
1178 2696 1316 2737 Trecis,
1340 2695 1537 2729 Guillelmo
1559 2695 1603 2728 de
1625 2695 1813 2737 Buvilla¹⁰‚
1837 2694 2035 2730 Guillelmo
2059 2693 2104 2726 de
2128 2692 2235 2734 Sella,

378 2763 541 2795 Emerico
572 2763 616 2795 (10
647 2764 862 2804 Brusseriis7
895 2763 1084 2796 Roulando
1116 2763 1333 2808 Barguenel,
1361 2762 1559 2796 Guillelmo
1588 2763 1762 2802 Boutitot7
1789 2761 1952 2795 Johanne
1979 2761 2022 2793 de
2052 2762 2235 2800 Vernone,

379 2830 562 2861 Remondo
580 2830 622 2861 de
634 2830 844 2874 Altopontc7
858 2830 1023 2874 Philippo
1041 2830 1205 2874 Bajuli¹¹‚
1219 2830 1393 2875 Dyonisio
1408 2830 1451 2862 de
1467 2829 1681 2874 Sabrevoys,
1695 2829 1857 2862 Johanne
1872 2828 1905 2861 le
1921 2828 2067 2872 Galoys‚
2082 2826 2236 2861 Girardo

379 2896 535 2937 Coi-ron,
554 2896 706 2928 Martino
730 2896 898 2941 Bilory¹²7
915 2897 1078 2930 Johanne
1096 2896 1369 2942 Pulchripatris,
1387 2896 1549 2933 Johanne
1567 2897 1611 2929 de
1628 2896 1884 2937 Gondivillier‚
1903 2895 2038 2930 Thoina
2055 2893 2236 2936 Monachi,

2494 3205 2502 3227 a>
2484 2912 2502 3193 „suffla-*mum
2491 2816 2502 2852 1-
