2502 3418
255 341 352 377 1418]
594 352 639 374 AB
674 353 779 375 Auno
813 351 1105 374 Mccctxxxxlv
1139 352 1271 380 usQuE
1306 353 1354 374 An
1390 353 1529 374 ANNUM
1565 354 1771 377 MCGCCLH.
2048 347 2110 379 341

249 464 393 501 2101.
420 473 538 499 Carolus
559 474 601 507 VI,
619 477 735 498 matura
750 472 958 498 deliberatione
979 472 1081 498 hahita
1101 482 1161 498 cum
1179 472 1324 508 praelatis
1340 477 1367 498 et
1382 473 1451 498 aliis
1466 473 1599 508 pluribus
1620 474 1819 500 Universitatis
1838 476 1932 502 Paris.
1957 478 2111 511 magistris,

337 522 518 548 collationem
536 522 736 556 beneficiorum
752 521 792 547 ad
807 530 934 547 normam
951 521 1038 547 edicti
1051 522 1121 547 anni
1134 522 1213 555 1407,
1230 521 1311 548 Febr.
1329 523 1371 556 18,
1390 521 1511 548 reducit.

1423 611 1493 640 7478,
1509 611 1595 637 Martii
1607 612 1699 641 27-37,
1716 612 1830 638 Parisiis.

335 698 505 739 Karolus,
525 699 592 733 Dei
608 698 723 744 gratia
740 699 960 731 Francorum
980 710 1054 739 rex,
1073 698 1116 730 ad
1136 704 1346 743 perpetuam
1366 698 1418 731 rei
1434 699 1656 731 memoriam.
1677 700 1775 731 Inter
1791 700 1895 744 regni
1912 700 2114 734 laudabiles

246 777 432 810 operas...
455 766 546 799 Cum
568 766 687 809 itaque
705 764 844 798 crebris
862 764 1036 809 querelis,
1054 764 1297 809 clamosisque
1318 764 1517 797 insultibus
1534 765 1638 810 regni
1659 777 1698 798 ac
1720 765 1958 810 Delphinatus
1975 774 2114 800 nostro-

246 844 338 873 rum,
356 832 454 865 clero
481 838 516 864 et
539 831 682 865 dilectis
710 831 930 864 Parisiensis
952 831 1063 864 studii
1089 831 1332 864 Universitate
1361 831 1433 864 filia
1461 838 1495 864 et
1523 831 1686 876 generali
1714 839 1947 876 procuratore
1978 835 2113 867 nostris

244 910 311 931 nos
337 898 572 931 incitantibus
600 910 639 931 ac
667 910 754 943 sepe
783 904 818 930 et
848 897 999 930 multum
1022 898 1158 930 dudum
1185 897 1470 939 stimulantibus,
1497 910 1563 930 nec
1585 910 1657 930 non
1685 898 1769 931 fidei
1798 899 2056 944 obligationem
2079 908 2113 933 et

238 965 479 1010 jurisjurandi
500 965 716 1009 religionem
820 964 1076 1009 ingerentibus
1097 964 1204 997 nobis
1226 971 1261 997 et
1281 965 1388 997 modo
1409 965 1562 1009 quodam
1585 965 1851 998 obtestantibus
1878 966 2112 1011 singulariori

244 1032 287 1064 de
304 1031 459 1065 consilio
480 1031 684 1076 principum
708 1043 751 1063 ex
772 1038 895 1064 nostra
918 1031 1031 1076 regali
1053 1031 1278 1076 proditorum
1301 1031 1428 1076 stirpe,
1446 1043 1651 1076 procerum,
1668 1032 1902 1077 prelatorum,
1921 1033 2110 1075 baronum,

242 1097 496 1143 collegiorum,
523 1097 778 1142 capitulorum,
804 1105 1049 1130 conventuum
1077 1109 1116 1130 ac
1143 1098 1427 1131 Universitatum
1450 1098 1647 1130 eorundem
1677 1099 1781 1143 regni
1808 1106 1843 1132 et
1872 1099 2110 1144 Delphinatus

242 1171 464 1205 nostrorum,
487 1164 703 1197 execrabilis
725 1164 886 1209 predicte
909 1171 1031 1197 sancte
1054 1164 1176 1197 matris
1199 1164 1362 1197 Ecclesie
1382 1165 1562 1197 scismatis
1578 1165 1724 1209 vigente
1746 1172 1971 1210 tempestate,
1990 1173 2025 1199 et
2045 1178 2109 1211 pro

243 1231 405 1275 ejusdem
435 1231 571 1263 unione
599 1231 644 1263 ad
675 1231 879 1263 mandatum
908 1237 1072 1263 nostrum
1104 1231 1265 1263 Parisius
1293 1238 1611 1276 congregatorum,
1635 1232 1830 1276 previaque
1860 1233 1896 1264 in
1927 1233 2109 1277 presentia

242 1298 356 1330 nostri
384 1297 576 1342 multiplici
605 1310 643 1330 ac
673 1297 799 1330 sedula
821 1298 1052 1330 discussione
1081 1304 1115 1330 et
1142 1297 1407 1330 deliberatione
1435 1298 1681 1343 propensiori,
1709 1305 1824 1331 certas
1852 1299 2109 1333 conclusiones

239 1376 304 1409 per
326 1376 390 1397 eos
412 1363 545 1397 electas
567 1371 602 1397 et
630 1364 771 1397 tandem
803 1364 911 1397 nobis
941 1364 984 1396 ab
1015 1364 1153 1397 eisdem
1184 1376 1249 1409 per
1275 1365 1422 1397 modum
1453 1365 1597 1397 consilii
1628 1365 1770 1406 relatas,
1801 1366 2105 1410 suscepissemus,

238 1430 545 1476 approbassemus
575 1437 609 1463 et
636 1442 696 1463 eas
727 1430 845 1463 solide
871 1431 1048 1463 tenendas
1074 1443 1112 1463 ac
1139 1431 1399 1464 inviolabiliter
1424 1431 1670 1464 observandas
1697 1432 1962 1473 statuissemus,
1993 1433 2105 1477 ipsam

239 1497 437 1530 Ecclesiam
460 1509 711 1542 personasque
733 1497 1000 1530 ecclesiasticas
1022 1498 1200 1530 dictorum
1223 1498 1327 1543 regni
1349 1510 1387 1530 ac
1409 1497 1648 1542 Delphinatus
1665 1499 1765 1542 juxta
1790 1498 2014 1543 generalium
2037 1506 2107 1532 sta-

238 1570 309 1596 tuta
332 1563 580 1597 Conciliorum
607 1570 642 1596 et
663 1570 870 1596 sanctorum
892 1571 1033 1608 patrum
1055 1564 1199 1596 decreta
1224 1564 1267 1596 ad
1294 1576 1394 1597 suam
1416 1565 1595 1609 antiquam
1618 1564 1819 1597 libertatem
1842 1565 2049 1598 reducendo
2072 1573 2104 1598 et

236 1642 296 1663 eas
325 1631 362 1662 in
384 1630 508 1663 eadem
530 1630 697 1663 libertate
720 1631 972 1663 conservando
999 1637 1033 1663 et
1058 1631 1340 1672 manutenendo,
1367 1643 1404 1663 ac
1427 1642 1538 1675 super
1558 1630 1614 1663 his
1637 1631 1885 1664 ordinationes
1910 1632 2104 1665 nonnullas

236 1697 398 1737 edendo3
429 1709 579 1741 quarum
611 1697 756 1742 quidem
789 1697 1056 1730 ordinationum
1089 1698 1338 1730 executionem
1367 1697 1410 1729 de
1439 1698 1599 1741 predicta
1630 1698 1763 1730 unione
1790 1704 1824 1730 et
1853 1710 1963 1742 super
1990 1705 2103 1732 status

235 1763 473 1796 ecclesiastici
490 1763 747 1796 reformatione
764 1775 802 1796 ac
824 1764 861 1795 in
883 1764 1059 1797 Conciliis
1081 1763 1316 1808 generalibus
1333 1764 1468 1796 dudum
1487 1764 1580 1796 Pisis
1603 1771 1637 1796 et
1657 1764 1865 1808 nuperrime
1883 1765 2101 1798 Constancie

234 1829 427 1863 celebratis
458 1830 709 1863 melioratione
739 1837 927 1875 sperantes
950 1837 984 1863 et
1005 1830 1183 1875 prolixius
1206 1830 1328 1863 debito
1350 1830 1605 1875 prestolantes,
1631 1830 1922 1871 distulissemus,
1947 1832 2041 1864 unde
2063 1844 2102 1864 ac

233 1897 338 1930 etiam
366 1903 532 1942 pretextu
561 1897 849 1930 reservationum
880 1897 1137 1930 nonnullarum
1168 1909 1232 1942 per
1263 1909 1423 1930 summos
1454 1897 1657 1942 pontifices,
1686 1897 1746 1941 qui
1773 1905 2041 1939 successerunt,
2065 1905 2103 1931 ut

233 1962 432 2003 dicebatur,
455 1963 640 2004 factarum,
664 1970 724 1996 aut
744 1963 845 2003 alias,
865 1963 1032 1996 nonnulli
1052 1963 1329 2008 archiepiscopi,
1354 1963 1530 2008 episcopi,
1554 1963 1687 2008 aliique
1710 1963 1753 1996 de
1774 1964 1964 2008 premissis
1986 1976 2100 2009 regno

232 2041 270 2062 ac
292 2028 524 2074 Delphinatu,
548 2029 683 2074 quibus
705 2029 966 2062 beneficiorum
988 2030 1188 2063 vacantium
1215 2031 1262 2072 (et
1283 2029 1416 2074 quibus
1438 2042 1501 2074 per
1523 2029 1721 2062 electiones
1743 2030 1864 2062 debite
1885 2031 1995 2063 factas
2018 2043 2100 2075 pro-

230 2096 348 2129 visum
385 2096 559 2139 extiterat)
593 2096 818 2129 confirmatio
847 2103 882 2129 et
912 2097 1073 2141 provisio
1095 2096 1311 2141 pertinebat,
1335 2096 1441 2129 veriti
1471 2096 1625 2137 fuerant,
1651 2097 2013 2141 contradixerantque
2035 2109 2099 2130 seu

232 2162 464 2204 distulerant,
480 2162 712 2203 verebantur,
730 2163 1038 2204 contradicebant,
1058 2162 1319 2195 diffcrebantve
1341 2163 1383 2195 ad
1406 2163 1599 2195 earundem
1623 2162 1839 2195 electionum
1857 2163 2099 2196 confirmatio-

231 2241 311 2261 nem
335 2235 370 2261 et
394 2228 655 2262 beneficiorum
679 2230 926 2274 provisionem
949 2230 1148 2274 procedere
1171 2241 1178 2262 τ
1207 2230 1409 2274 horumque
1435 2236 1469 2262 et
1494 2229 1750 2261 nonnullarum
1777 2230 1967 2262 occasione
1992 2230 2098 2262 sacta-

230 2307 309 2328 rum
341 2295 612 2340 promotionum
644 2295 858 2340 perhorrida
888 2297 1093 2342 symoniace
1129 2296 1280 2341 perfidie
1310 2296 1410 2329 tabes
1441 2295 1615 2328 ecclesias
1646 2307 1894 2340 personasque
1925 2296 2097 2329 ecclesia-

230 2362 338 2395 sticas
364 2362 647 2407 quamplurimas
678 2363 841 2407 ipsorum
868 2364 973 2408 regni
1000 2376 1039 2396 ac
1068 2363 1320 2408 Delphinatus,
1348 2375 1471 2396 verum
1504 2374 1595 2407 pene
1624 2369 1720 2394 totos
1750 2362 1849 2406 ipsos
1878 2374 2029 2407 regnum
2058 2375 2096 2396 ac

230 2428 485 2474 Delphinatum
508 2435 655 2461 nostros
679 2429 809 2462 acriter
832 2437 1051 2474 pervaserat,
1070 2430 1225 2462 letaliter
1247 2430 1457 2474 obrepserat
1480 2436 1511 2461 et
1538 2429 1774 2461 fascinaverat
1794 2440 1832 2460 ac
1854 2435 2097 2473 prostraverat

231 2495 521 2540 dampnabiliter.

317 2562 486 2595 Ceterum
508 2562 725 2594 immensum
747 2574 887 2603 aurum,
912 2570 1100 2607 argentum
1127 2563 1307 2595 infinitum
1334 2563 1597 2606 innumereque
1625 2562 1777 2594 financie
1804 2562 1847 2594 de
1877 2562 2094 2606 supradictis

228 2639 342 2674 regno
364 2640 402 2661 ac
424 2628 645 2673 Delphinatu
673 2629 809 2661 nostris
825 2629 964 2674 jugiter
989 2629 1265 2674 asportabantur
1291 2630 1327 2661 in
1353 2629 1527 2661 dictarum
1555 2628 1875 2672 prevaricationem
1897 2628 2094 2661 ordinatio-

227 2706 326 2735 num,
344 2694 618 2739 eorundemque
645 2695 749 2739 regni
771 2707 809 2727 ac
831 2695 1069 2740 Delphinatus
1090 2695 1385 2735 exinanitionem,
1404 2695 1513 2727 totius
1535 2693 1735 2738 reipublice
1752 2694 1927 2738 jacturam
1949 2701 1983 2727 et
2003 2695 2094 2727 irre-

226 2760 421 2806 parabilem
449 2760 641 2801 lesionem,
669 2761 734 2793 sed
765 2768 800 2794 et
829 2762 1065 2794 ecclesiarum
1087 2768 1156 2794 tam
1183 2762 1283 2806 regie
1310 2773 1414 2805 quam
1443 2761 1530 2793 alias
1556 2760 1613 2805 pie
1643 2760 1865 2793 fundationis
1891 2760 2091 2794 luctuosam

227 2827 506 2869 desolationem,
524 2839 635 2872 super
652 2839 722 2871 quo
744 2828 943 2860 immensos
964 2827 1288 2872 intolerabilesque
1310 2827 1474 2872 planctus
1497 2827 1735 2871 plurimorum
1757 2833 1791 2859 et
1811 2827 2001 2871 presertim
2017 2829 2090 2872 jam

226 2893 313 2927 dicti
334 2894 580 2939 procuratoris
602 2894 717 2926 nostri
739 2894 922 2938 generalis
944 2901 979 2927 et
1000 2894 1215 2927 dilectorum
1238 2900 1446 2926 nostrorum
1468 2893 1644 2938 prepositi
1665 2899 1903 2926 mercatorum
1926 2900 1961 2926 et
1980 2894 2090 2927 scabi-
