<?xml version="1.0" encoding="UTF-8"?>
<!DOCTYPE html PUBLIC "-//W3C//DTD XHTML 1.0 Transitional//EN"
    "http://www.w3.org/TR/xhtml1/DTD/xhtml1-transitional.dtd">
<html xmlns="http://www.w3.org/1999/xhtml" xml:lang="en" lang="en">
 <head>
  <title>
</title>
<meta http-equiv="Content-Type" content="text/html;charset=utf-8" />
  <meta name='ocr-system' content='tesseract 3.04.00' />
  <meta name='ocr-capabilities' content='ocr_page ocr_carea ocr_par ocr_line ocrx_word'/>
</head>
<body>
  <div class='ocr_page' id='page_1' title='image "./chartulariumuniv04univuoft_0048.png"; bbox 0 0 2502 3418; ppageno 0'>
   <div class='ocr_carea' id='block_1_1' title="bbox 436 314 2294 350">
    <p class='ocr_par' dir='ltr' id='par_1_1' title="bbox 436 314 2294 350">
     <span class='ocr_line' id='line_1_1' title="bbox 436 314 2294 350; baseline 0.002 -4"><span class='ocrx_word' id='word_1_1' title='bbox 436 315 456 345; x_wconf 82' lang='lat'>4</span> <span class='ocrx_word' id='word_1_2' title='bbox 1018 326 1334 348; x_wconf 74' lang='lat' dir='ltr'>CHARTULARIUM</span> <span class='ocrx_word' id='word_1_3' title='bbox 1368 326 1556 348; x_wconf 67' lang='lat' dir='ltr'>Uvassns.</span> <span class='ocrx_word' id='word_1_4' title='bbox 1593 326 1721 348; x_wconf 75' lang='lat' dir='ltr'>PARis.</span> <span class='ocrx_word' id='word_1_5' title='bbox 2194 314 2294 350; x_wconf 86' lang='lat'>[1394</span> 
     </span>
    </p>
   </div>
   <div class='ocr_carea' id='block_1_2' title="bbox 427 399 2292 1664">
    <p class='ocr_par' dir='ltr' id='par_1_2' title="bbox 435 399 2292 475">
     <span class='ocr_line' id='line_1_2' title="bbox 523 399 2292 434; baseline 0.001 -9"><span class='ocrx_word' id='word_1_6' title='bbox 523 399 701 426; x_wconf 89' lang='lat' dir='ltr'>Ghiselberto</span> <span class='ocrx_word' id='word_1_7' title='bbox 716 400 799 433; x_wconf 83' lang='lat' dir='ltr'>Lupi,</span> <span class='ocrx_word' id='word_1_8' title='bbox 811 408 874 426; x_wconf 89' lang='lat' dir='ltr'>can.</span> <span class='ocrx_word' id='word_1_9' title='bbox 885 408 1013 434; x_wconf 77' lang='lat' dir='ltr'>expresse</span> <span class='ocrx_word' id='word_1_10' title='bbox 1025 401 1150 434; x_wconf 80' lang='lat' dir='ltr'>professo</span> <span class='ocrx_word' id='word_1_11' title='bbox 1165 401 1331 427; x_wconf 87' lang='lat' dir='ltr'>monasterii</span> <span class='ocrx_word' id='word_1_12' title='bbox 1345 401 1376 426; x_wconf 91' lang='lat' dir='ltr'>B.</span> <span class='ocrx_word' id='word_1_13' title='bbox 1392 401 1477 427; x_wconf 87' lang='lat' dir='ltr'>Marie</span> <span class='ocrx_word' id='word_1_14' title='bbox 1491 401 1614 427; x_wconf 83' lang='lat' dir='ltr'>Jeccens.</span> <span class='ocrx_word' id='word_1_15' title='bbox 1629 401 1697 427; x_wconf 90' lang='lat' dir='ltr'>Ord.</span> <span class='ocrx_word' id='word_1_16' title='bbox 1712 402 1983 431; x_wconf 68' lang='lat' dir='ltr'>Premonstratens„</span> <span class='ocrx_word' id='word_1_17' title='bbox 1995 401 2192 427; x_wconf 86' lang='lat' dir='ltr'>Cameracens.</span> <span class='ocrx_word' id='word_1_18' title='bbox 2205 401 2292 432; x_wconf 83' lang='lat' dir='ltr'>dioc.,</span> 
     </span>
     <span class='ocr_line' id='line_1_3' title="bbox 435 447 795 475; baseline 0.006 -3"><span class='ocrx_word' id='word_1_19' title='bbox 435 447 512 473; x_wconf 84' lang='lat' dir='ltr'>stud.</span> <span class='ocrx_word' id='word_1_20' title='bbox 529 448 651 474; x_wconf 85' lang='lat' dir='ltr'>Parisius</span> <span class='ocrx_word' id='word_1_21' title='bbox 663 448 693 474; x_wconf 92' lang='lat' dir='ltr'>in</span> <span class='ocrx_word' id='word_1_22' title='bbox 706 449 795 475; x_wconf 89' lang='lat' dir='ltr'>theol.</span> 
     </span>
    </p>

    <p class='ocr_par' dir='ltr' id='par_1_3' title="bbox 435 496 2290 580">
     <span class='ocr_line' id='line_1_4' title="bbox 524 496 2290 532; baseline 0.002 -10"><span class='ocrx_word' id='word_1_23' title='bbox 524 496 615 522; x_wconf 84' lang='lat' dir='ltr'>Fratri</span> <span class='ocrx_word' id='word_1_24' title='bbox 628 497 751 524; x_wconf 89' lang='lat' dir='ltr'>Oliverio</span> <span class='ocrx_word' id='word_1_25' title='bbox 767 498 916 531; x_wconf 77' lang='lat' dir='ltr'>Guigonis,</span> <span class='ocrx_word' id='word_1_26' title='bbox 937 506 999 524; x_wconf 90' lang='lat' dir='ltr'>can.</span> <span class='ocrx_word' id='word_1_27' title='bbox 1017 506 1076 531; x_wconf 86' lang='lat' dir='ltr'>reg.</span> <span class='ocrx_word' id='word_1_28' title='bbox 1098 506 1226 531; x_wconf 86' lang='lat' dir='ltr'>expresse</span> <span class='ocrx_word' id='word_1_29' title='bbox 1249 498 1375 531; x_wconf 84' lang='lat' dir='ltr'>professo</span> <span class='ocrx_word' id='word_1_30' title='bbox 1394 499 1562 525; x_wconf 87' lang='lat' dir='ltr'>monasterii</span> <span class='ocrx_word' id='word_1_31' title='bbox 1584 499 1614 524; x_wconf 90' lang='lat' dir='ltr'>B.</span> <span class='ocrx_word' id='word_1_32' title='bbox 1632 499 1717 525; x_wconf 84' lang='lat' dir='ltr'>Marie</span> <span class='ocrx_word' id='word_1_33' title='bbox 1739 499 1913 532; x_wconf 89' lang='lat' dir='ltr'>Belliportus</span> <span class='ocrx_word' id='word_1_34' title='bbox 1928 499 1996 525; x_wconf 92' lang='lat' dir='ltr'>Ord.</span> <span class='ocrx_word' id='word_1_35' title='bbox 2019 500 2290 529; x_wconf 81' lang='lat' dir='ltr'>Premonstratens..</span> 
     </span>
     <span class='ocr_line' id='line_1_5' title="bbox 435 545 1693 580; baseline 0.002 -10"><span class='ocrx_word' id='word_1_36' title='bbox 435 545 576 571; x_wconf 80' lang='lat' dir='ltr'>Briocens.</span> <span class='ocrx_word' id='word_1_37' title='bbox 591 546 677 576; x_wconf 88' lang='lat' dir='ltr'>dioc.,</span> <span class='ocrx_word' id='word_1_38' title='bbox 693 547 769 572; x_wconf 86' lang='lat' dir='ltr'>stud.</span> <span class='ocrx_word' id='word_1_39' title='bbox 788 547 909 572; x_wconf 86' lang='lat' dir='ltr'>Parisius</span> <span class='ocrx_word' id='word_1_40' title='bbox 923 547 953 572; x_wconf 91' lang='lat' dir='ltr'>in</span> <span class='ocrx_word' id='word_1_41' title='bbox 965 548 1032 580; x_wconf 87' lang='lat' dir='ltr'>jure</span> <span class='ocrx_word' id='word_1_42' title='bbox 1046 555 1108 573; x_wconf 85' lang='lat' dir='ltr'>can.</span> <span class='ocrx_word' id='word_1_43' title='bbox 1123 547 1153 572; x_wconf 94' lang='lat' dir='ltr'>in</span> <span class='ocrx_word' id='word_1_44' title='bbox 1166 548 1271 580; x_wconf 91' lang='lat' dir='ltr'>quinto</span> <span class='ocrx_word' id='word_1_45' title='bbox 1286 556 1336 573; x_wconf 88' lang='lat' dir='ltr'>sue</span> <span class='ocrx_word' id='word_1_46' title='bbox 1350 547 1443 573; x_wconf 85' lang='lat' dir='ltr'>audie.</span> <span class='ocrx_word' id='word_1_47' title='bbox 1461 556 1538 573; x_wconf 91' lang='lat' dir='ltr'>anno</span> <span class='ocrx_word' id='word_1_48' title='bbox 1553 548 1693 573; x_wconf 71' lang='lat' dir='ltr'>existenti.</span> 
     </span>
    </p>

    <p class='ocr_par' dir='ltr' id='par_1_4' title="bbox 524 595 2209 630">
     <span class='ocr_line' id='line_1_6' title="bbox 524 595 2209 630; baseline 0.002 -10"><span class='ocrx_word' id='word_1_49' title='bbox 524 595 672 628; x_wconf 84' lang='lat' dir='ltr'>Menguito</span> <span class='ocrx_word' id='word_1_50' title='bbox 687 596 818 624; x_wconf 82' lang='lat' dir='ltr'>Frezour.</span> <span class='ocrx_word' id='word_1_51' title='bbox 835 596 927 629; x_wconf 87' lang='lat' dir='ltr'>presb.</span> <span class='ocrx_word' id='word_1_52' title='bbox 945 596 1085 622; x_wconf 86' lang='lat' dir='ltr'>Briocens.</span> <span class='ocrx_word' id='word_1_53' title='bbox 1100 596 1186 624; x_wconf 76' lang='lat' dir='ltr'>dioc.v</span> <span class='ocrx_word' id='word_1_54' title='bbox 1201 596 1276 621; x_wconf 87' lang='lat' dir='ltr'>stud.</span> <span class='ocrx_word' id='word_1_55' title='bbox 1295 596 1416 622; x_wconf 87' lang='lat' dir='ltr'>Parisius</span> <span class='ocrx_word' id='word_1_56' title='bbox 1431 596 1461 621; x_wconf 89' lang='lat' dir='ltr'>in</span> <span class='ocrx_word' id='word_1_57' title='bbox 1474 597 1539 630; x_wconf 87' lang='lat' dir='ltr'>jure</span> <span class='ocrx_word' id='word_1_58' title='bbox 1554 604 1617 622; x_wconf 89' lang='lat' dir='ltr'>can.</span> <span class='ocrx_word' id='word_1_59' title='bbox 1632 597 1662 622; x_wconf 93' lang='lat' dir='ltr'>in</span> <span class='ocrx_word' id='word_1_60' title='bbox 1678 597 1783 630; x_wconf 89' lang='lat' dir='ltr'>quinto</span> <span class='ocrx_word' id='word_1_61' title='bbox 1798 605 1876 623; x_wconf 88' lang='lat' dir='ltr'>anno</span> <span class='ocrx_word' id='word_1_62' title='bbox 1891 605 1941 623; x_wconf 87' lang='lat' dir='ltr'>sue</span> <span class='ocrx_word' id='word_1_63' title='bbox 1955 597 2049 623; x_wconf 83' lang='lat' dir='ltr'>audie.</span> <span class='ocrx_word' id='word_1_64' title='bbox 2066 597 2209 623; x_wconf 80' lang='lat' dir='ltr'>existenti.</span> 
     </span>
    </p>

    <p class='ocr_par' dir='ltr' id='par_1_5' title="bbox 434 642 2291 727">
     <span class='ocr_line' id='line_1_7' title="bbox 523 642 2291 678; baseline 0.002 -9"><span class='ocrx_word' id='word_1_65' title='bbox 523 643 665 669; x_wconf 86' lang='lat' dir='ltr'>Richardo</span> <span class='ocrx_word' id='word_1_66' title='bbox 680 642 761 673; x_wconf 68' lang='lat' dir='ltr'>Arne,</span> <span class='ocrx_word' id='word_1_67' title='bbox 779 645 871 677; x_wconf 91' lang='lat' dir='ltr'>presb.</span> <span class='ocrx_word' id='word_1_68' title='bbox 889 645 1033 677; x_wconf 88' lang='lat' dir='ltr'>Bajocens.</span> <span class='ocrx_word' id='word_1_69' title='bbox 1048 645 1134 674; x_wconf 74' lang='lat' dir='ltr'>dioc.,</span> <span class='ocrx_word' id='word_1_70' title='bbox 1151 645 1254 670; x_wconf 83' lang='lat' dir='ltr'>rectori</span> <span class='ocrx_word' id='word_1_71' title='bbox 1269 645 1402 678; x_wconf 87' lang='lat' dir='ltr'>parroch.</span> <span class='ocrx_word' id='word_1_72' title='bbox 1417 646 1484 671; x_wconf 85' lang='lat' dir='ltr'>eccl.</span> <span class='ocrx_word' id='word_1_73' title='bbox 1501 645 1526 671; x_wconf 90' lang='lat' dir='ltr'>S.</span> <span class='ocrx_word' id='word_1_74' title='bbox 1543 645 1691 671; x_wconf 83' lang='lat' dir='ltr'>Scolastiee</span> <span class='ocrx_word' id='word_1_75' title='bbox 1704 646 1829 678; x_wconf 84' lang='lat' dir='ltr'>Sagiens.</span> <span class='ocrx_word' id='word_1_76' title='bbox 1844 646 1930 675; x_wconf 82' lang='lat' dir='ltr'>dioc.,</span> <span class='ocrx_word' id='word_1_77' title='bbox 1946 648 2013 672; x_wconf 81' lang='lat' dir='ltr'>actu</span> <span class='ocrx_word' id='word_1_78' title='bbox 2028 646 2105 671; x_wconf 86' lang='lat' dir='ltr'>stud.</span> <span class='ocrx_word' id='word_1_79' title='bbox 2123 646 2246 672; x_wconf 89' lang='lat' dir='ltr'>Parisius</span> <span class='ocrx_word' id='word_1_80' title='bbox 2259 646 2291 672; x_wconf 88' lang='lat' dir='ltr'>in</span> 
     </span>
     <span class='ocr_line' id='line_1_8' title="bbox 434 691 1646 727; baseline 0.002 -10"><span class='ocrx_word' id='word_1_81' title='bbox 434 691 487 717; x_wconf 83' lang='lat' dir='ltr'>sac.</span> <span class='ocrx_word' id='word_1_82' title='bbox 504 691 698 721; x_wconf 86' lang='lat' dir='ltr'>decretorum,</span> <span class='ocrx_word' id='word_1_83' title='bbox 714 693 749 718; x_wconf 91' lang='lat' dir='ltr'>de</span> <span class='ocrx_word' id='word_1_84' title='bbox 764 700 826 718; x_wconf 90' lang='lat' dir='ltr'>can.</span> <span class='ocrx_word' id='word_1_85' title='bbox 839 693 906 719; x_wconf 89' lang='lat' dir='ltr'>eccl.</span> <span class='ocrx_word' id='word_1_86' title='bbox 923 693 1070 726; x_wconf 84' lang='lat' dir='ltr'>collegiate</span> <span class='ocrx_word' id='word_1_87' title='bbox 1084 693 1110 719; x_wconf 92' lang='lat' dir='ltr'>S.</span> <span class='ocrx_word' id='word_1_88' title='bbox 1128 693 1278 727; x_wconf 91' lang='lat' dir='ltr'>Sepulchri</span> <span class='ocrx_word' id='word_1_89' title='bbox 1292 694 1328 719; x_wconf 90' lang='lat' dir='ltr'>de</span> <span class='ocrx_word' id='word_1_90' title='bbox 1341 694 1469 720; x_wconf 84' lang='lat' dir='ltr'>Cadomo</span> <span class='ocrx_word' id='word_1_91' title='bbox 1484 694 1559 720; x_wconf 86' lang='lat' dir='ltr'>dicte</span> <span class='ocrx_word' id='word_1_92' title='bbox 1573 694 1646 720; x_wconf 90' lang='lat' dir='ltr'>dioc.</span> 
     </span>
    </p>

    <p class='ocr_par' dir='ltr' id='par_1_6' title="bbox 525 740 1714 776">
     <span class='ocr_line' id='line_1_9' title="bbox 525 740 1714 776; baseline 0.003 -10"><span class='ocrx_word' id='word_1_93' title='bbox 525 740 635 766; x_wconf 86' lang='lat' dir='ltr'>Simoni</span> <span class='ocrx_word' id='word_1_94' title='bbox 648 741 683 767; x_wconf 89' lang='lat' dir='ltr'>de</span> <span class='ocrx_word' id='word_1_95' title='bbox 698 742 786 771; x_wconf 84' lang='lat' dir='ltr'>Kech,</span> <span class='ocrx_word' id='word_1_96' title='bbox 800 742 893 775; x_wconf 89' lang='lat' dir='ltr'>presb.</span> <span class='ocrx_word' id='word_1_97' title='bbox 909 742 935 767; x_wconf 89' lang='lat' dir='ltr'>S.</span> <span class='ocrx_word' id='word_1_98' title='bbox 952 742 1065 768; x_wconf 87' lang='lat' dir='ltr'>Andree</span> <span class='ocrx_word' id='word_1_99' title='bbox 1080 742 1165 771; x_wconf 78' lang='lat' dir='ltr'>dioc.,</span> <span class='ocrx_word' id='word_1_100' title='bbox 1179 742 1278 768; x_wconf 88' lang='lat' dir='ltr'>scolari</span> <span class='ocrx_word' id='word_1_101' title='bbox 1292 743 1323 768; x_wconf 93' lang='lat' dir='ltr'>in</span> <span class='ocrx_word' id='word_1_102' title='bbox 1335 743 1402 776; x_wconf 86' lang='lat' dir='ltr'>jure</span> <span class='ocrx_word' id='word_1_103' title='bbox 1415 750 1478 769; x_wconf 88' lang='lat' dir='ltr'>can.</span> <span class='ocrx_word' id='word_1_104' title='bbox 1495 745 1561 769; x_wconf 89' lang='lat' dir='ltr'>actu</span> <span class='ocrx_word' id='word_1_105' title='bbox 1576 743 1714 770; x_wconf 86' lang='lat' dir='ltr'>studenti.</span> 
     </span>
    </p>

    <p class='ocr_par' dir='ltr' id='par_1_7' title="bbox 526 790 1930 825">
     <span class='ocr_line' id='line_1_10' title="bbox 526 790 1930 825; baseline 0.002 -10"><span class='ocrx_word' id='word_1_106' title='bbox 526 790 683 823; x_wconf 84' lang='lat' dir='ltr'>Reginaldo</span> <span class='ocrx_word' id='word_1_107' title='bbox 696 790 833 820; x_wconf 88' lang='lat' dir='ltr'>Couches‚</span> <span class='ocrx_word' id='word_1_108' title='bbox 848 791 914 817; x_wconf 87' lang='lat' dir='ltr'>cler.</span> <span class='ocrx_word' id='word_1_109' title='bbox 928 791 1042 817; x_wconf 85' lang='lat' dir='ltr'>Dolens.</span> <span class='ocrx_word' id='word_1_110' title='bbox 1058 791 1144 820; x_wconf 89' lang='lat' dir='ltr'>dioc.,</span> <span class='ocrx_word' id='word_1_111' title='bbox 1158 791 1225 817; x_wconf 90' lang='lat' dir='ltr'>scol.</span> <span class='ocrx_word' id='word_1_112' title='bbox 1242 791 1362 817; x_wconf 83' lang='lat' dir='ltr'>Parisius</span> <span class='ocrx_word' id='word_1_113' title='bbox 1377 792 1408 817; x_wconf 93' lang='lat' dir='ltr'>in</span> <span class='ocrx_word' id='word_1_114' title='bbox 1422 792 1498 818; x_wconf 89' lang='lat' dir='ltr'>decr.</span> <span class='ocrx_word' id='word_1_115' title='bbox 1514 792 1544 817; x_wconf 94' lang='lat' dir='ltr'>in</span> <span class='ocrx_word' id='word_1_116' title='bbox 1560 792 1665 825; x_wconf 88' lang='lat' dir='ltr'>quinto</span> <span class='ocrx_word' id='word_1_117' title='bbox 1679 800 1757 818; x_wconf 91' lang='lat' dir='ltr'>anno</span> <span class='ocrx_word' id='word_1_118' title='bbox 1772 800 1822 819; x_wconf 89' lang='lat' dir='ltr'>sue</span> <span class='ocrx_word' id='word_1_119' title='bbox 1836 793 1930 819; x_wconf 85' lang='lat' dir='ltr'>audie.</span> 
     </span>
    </p>

    <p class='ocr_par' dir='ltr' id='par_1_8' title="bbox 521 839 2027 875">
     <span class='ocr_line' id='line_1_11' title="bbox 521 839 2027 875; baseline 0.002 -11"><span class='ocrx_word' id='word_1_120' title='bbox 521 839 634 865; x_wconf 88' lang='lat' dir='ltr'>Nicolao</span> <span class='ocrx_word' id='word_1_121' title='bbox 650 839 796 872; x_wconf 79' lang='lat' dir='ltr'>Moyssins,</span> <span class='ocrx_word' id='word_1_122' title='bbox 812 839 880 865; x_wconf 86' lang='lat' dir='ltr'>alias</span> <span class='ocrx_word' id='word_1_123' title='bbox 894 840 1041 870; x_wconf 76' lang='lat' dir='ltr'>Almanni,</span> <span class='ocrx_word' id='word_1_124' title='bbox 1058 840 1200 866; x_wconf 88' lang='lat' dir='ltr'>Briocens.</span> <span class='ocrx_word' id='word_1_125' title='bbox 1217 840 1302 870; x_wconf 84' lang='lat' dir='ltr'>dioc..</span> <span class='ocrx_word' id='word_1_126' title='bbox 1319 841 1370 874; x_wconf 90' lang='lat' dir='ltr'>qui</span> <span class='ocrx_word' id='word_1_127' title='bbox 1386 841 1507 867; x_wconf 90' lang='lat' dir='ltr'>Parisius</span> <span class='ocrx_word' id='word_1_128' title='bbox 1521 841 1552 866; x_wconf 92' lang='lat' dir='ltr'>in</span> <span class='ocrx_word' id='word_1_129' title='bbox 1567 841 1655 867; x_wconf 88' lang='lat' dir='ltr'>theol.</span> <span class='ocrx_word' id='word_1_130' title='bbox 1673 849 1724 875; x_wconf 91' lang='lat' dir='ltr'>per</span> <span class='ocrx_word' id='word_1_131' title='bbox 1738 849 1785 867; x_wconf 85' lang='lat' dir='ltr'>sex</span> <span class='ocrx_word' id='word_1_132' title='bbox 1799 849 1891 868; x_wconf 88' lang='lat' dir='ltr'>annos</span> <span class='ocrx_word' id='word_1_133' title='bbox 1905 842 2027 867; x_wconf 89' lang='lat' dir='ltr'>studuit.</span> 
     </span>
    </p>

    <p class='ocr_par' dir='ltr' id='par_1_9' title="bbox 521 888 2287 924">
     <span class='ocr_line' id='line_1_12' title="bbox 521 888 2287 924; baseline 0.002 -11"><span class='ocrx_word' id='word_1_134' title='bbox 521 888 647 914; x_wconf 88' lang='lat' dir='ltr'>Johanni</span> <span class='ocrx_word' id='word_1_135' title='bbox 661 888 814 917; x_wconf 87' lang='lat' dir='ltr'>Gualerue‚</span> <span class='ocrx_word' id='word_1_136' title='bbox 826 889 892 914; x_wconf 87' lang='lat' dir='ltr'>cler.</span> <span class='ocrx_word' id='word_1_137' title='bbox 905 889 1066 915; x_wconf 87' lang='lat' dir='ltr'>Trecorens.</span> <span class='ocrx_word' id='word_1_138' title='bbox 1080 889 1166 918; x_wconf 84' lang='lat' dir='ltr'>dioc.,</span> <span class='ocrx_word' id='word_1_139' title='bbox 1181 889 1232 922; x_wconf 92' lang='lat' dir='ltr'>qui</span> <span class='ocrx_word' id='word_1_140' title='bbox 1248 897 1298 922; x_wconf 91' lang='lat' dir='ltr'>per</span> <span class='ocrx_word' id='word_1_141' title='bbox 1310 889 1444 923; x_wconf 91' lang='lat' dir='ltr'>quinque</span> <span class='ocrx_word' id='word_1_142' title='bbox 1455 897 1547 916; x_wconf 91' lang='lat' dir='ltr'>annos</span> <span class='ocrx_word' id='word_1_143' title='bbox 1560 890 1681 916; x_wconf 87' lang='lat' dir='ltr'>Parisius</span> <span class='ocrx_word' id='word_1_144' title='bbox 1693 891 1724 916; x_wconf 89' lang='lat' dir='ltr'>in</span> <span class='ocrx_word' id='word_1_145' title='bbox 1736 891 1803 924; x_wconf 86' lang='lat' dir='ltr'>jure</span> <span class='ocrx_word' id='word_1_146' title='bbox 1814 898 1876 917; x_wconf 87' lang='lat' dir='ltr'>can.</span> <span class='ocrx_word' id='word_1_147' title='bbox 1889 891 2012 920; x_wconf 84' lang='lat' dir='ltr'>studuit,</span> <span class='ocrx_word' id='word_1_148' title='bbox 2027 892 2055 917; x_wconf 85' lang='lat' dir='ltr'>et</span> <span class='ocrx_word' id='word_1_149' title='bbox 2069 891 2166 917; x_wconf 80' lang='lat' dir='ltr'>adhuc</span> <span class='ocrx_word' id='word_1_150' title='bbox 2180 891 2287 918; x_wconf 85' lang='lat' dir='ltr'>studet.</span> 
     </span>
    </p>

    <p class='ocr_par' dir='ltr' id='par_1_10' title="bbox 432 936 2290 1022">
     <span class='ocr_line' id='line_1_13' title="bbox 521 936 2290 974; baseline 0.003 -13"><span class='ocrx_word' id='word_1_151' title='bbox 521 936 647 962; x_wconf 87' lang='lat' dir='ltr'>Johanni</span> <span class='ocrx_word' id='word_1_152' title='bbox 668 937 768 966; x_wconf 86' lang='lat' dir='ltr'>David,</span> <span class='ocrx_word' id='word_1_153' title='bbox 791 937 856 963; x_wconf 85' lang='lat' dir='ltr'>cler.</span> <span class='ocrx_word' id='word_1_154' title='bbox 875 937 1047 971; x_wconf 84' lang='lat' dir='ltr'>[Trecorens.</span> <span class='ocrx_word' id='word_1_155' title='bbox 1064 937 1149 971; x_wconf 86' lang='lat' dir='ltr'>dioc.]</span> <span class='ocrx_word' id='word_1_156' title='bbox 1174 938 1321 971; x_wconf 89' lang='lat' dir='ltr'>capellano</span> <span class='ocrx_word' id='word_1_157' title='bbox 1345 940 1487 971; x_wconf 88' lang='lat' dir='ltr'>perpetuo</span> <span class='ocrx_word' id='word_1_158' title='bbox 1509 939 1535 964; x_wconf 89' lang='lat' dir='ltr'>S.</span> <span class='ocrx_word' id='word_1_159' title='bbox 1558 939 1691 965; x_wconf 87' lang='lat' dir='ltr'>Katerine</span> <span class='ocrx_word' id='word_1_160' title='bbox 1715 939 1745 965; x_wconf 95' lang='lat' dir='ltr'>in</span> <span class='ocrx_word' id='word_1_161' title='bbox 1767 940 1887 972; x_wconf 85' lang='lat' dir='ltr'>collegio</span> <span class='ocrx_word' id='word_1_162' title='bbox 1908 940 2029 965; x_wconf 90' lang='lat' dir='ltr'>Navarre</span> <span class='ocrx_word' id='word_1_163' title='bbox 2052 940 2182 970; x_wconf 81' lang='lat' dir='ltr'>Parisius,</span> <span class='ocrx_word' id='word_1_164' title='bbox 2205 940 2290 974; x_wconf 89' lang='lat' dir='ltr'>cujus</span> 
     </span>
     <span class='ocr_line' id='line_1_14' title="bbox 432 984 2250 1022; baseline 0.003 -13"><span class='ocrx_word' id='word_1_165' title='bbox 432 984 553 1014; x_wconf 80' lang='lat' dir='ltr'>fructus,</span> <span class='ocrx_word' id='word_1_166' title='bbox 565 987 630 1015; x_wconf 83' lang='lat' dir='ltr'>etc.‚</span> <span class='ocrx_word' id='word_1_167' title='bbox 646 986 729 1019; x_wconf 87' lang='lat' dir='ltr'>xxviij</span> <span class='ocrx_word' id='word_1_168' title='bbox 746 986 811 1011; x_wconf 87' lang='lat' dir='ltr'>libr.</span> <span class='ocrx_word' id='word_1_169' title='bbox 825 987 979 1012; x_wconf 84' lang='lat' dir='ltr'>annuatim</span> <span class='ocrx_word' id='word_1_170' title='bbox 994 994 1055 1012; x_wconf 90' lang='lat' dir='ltr'>non</span> <span class='ocrx_word' id='word_1_171' title='bbox 1070 986 1223 1016; x_wconf 85' lang='lat' dir='ltr'>excedunt,</span> <span class='ocrx_word' id='word_1_172' title='bbox 1240 987 1316 1012; x_wconf 91' lang='lat' dir='ltr'>stud.</span> <span class='ocrx_word' id='word_1_173' title='bbox 1334 987 1363 1012; x_wconf 92' lang='lat' dir='ltr'>in</span> <span class='ocrx_word' id='word_1_174' title='bbox 1379 988 1466 1016; x_wconf 62' lang='lat' dir='ltr'>decu,</span> <span class='ocrx_word' id='word_1_175' title='bbox 1479 989 1508 1013; x_wconf 85' lang='lat' dir='ltr'>et</span> <span class='ocrx_word' id='word_1_176' title='bbox 1522 988 1573 1021; x_wconf 81' lang='lat' dir='ltr'>qui</span> <span class='ocrx_word' id='word_1_177' title='bbox 1588 988 1619 1013; x_wconf 94' lang='lat' dir='ltr'>in</span> <span class='ocrx_word' id='word_1_178' title='bbox 1634 989 1710 1014; x_wconf 88' lang='lat' dir='ltr'>dicta</span> <span class='ocrx_word' id='word_1_179' title='bbox 1724 989 1775 1015; x_wconf 85' lang='lat' dir='ltr'>sac.</span> <span class='ocrx_word' id='word_1_180' title='bbox 1793 996 1844 1021; x_wconf 88' lang='lat' dir='ltr'>per</span> <span class='ocrx_word' id='word_1_181' title='bbox 1858 996 1966 1022; x_wconf 86' lang='lat' dir='ltr'>magna</span> <span class='ocrx_word' id='word_1_182' title='bbox 1980 990 2113 1022; x_wconf 80' lang='lat' dir='ltr'>tempora</span> <span class='ocrx_word' id='word_1_183' title='bbox 2127 989 2250 1015; x_wconf 89' lang='lat' dir='ltr'>studuit.</span> 
     </span>
    </p>

    <p class='ocr_par' dir='ltr' id='par_1_11' title="bbox 519 1034 1490 1064">
     <span class='ocr_line' id='line_1_15' title="bbox 519 1034 1490 1064; baseline 0.003 -5"><span class='ocrx_word' id='word_1_184' title='bbox 519 1034 610 1059; x_wconf 90' lang='lat' dir='ltr'>Yvoni</span> <span class='ocrx_word' id='word_1_185' title='bbox 624 1034 768 1064; x_wconf 82' lang='lat' dir='ltr'>Richardi,</span> <span class='ocrx_word' id='word_1_186' title='bbox 782 1035 848 1060; x_wconf 90' lang='lat' dir='ltr'>cler.</span> <span class='ocrx_word' id='word_1_187' title='bbox 863 1035 1025 1061; x_wconf 87' lang='lat' dir='ltr'>Trecorens.</span> <span class='ocrx_word' id='word_1_188' title='bbox 1042 1036 1128 1063; x_wconf 86' lang='lat' dir='ltr'>dioc..</span> <span class='ocrx_word' id='word_1_189' title='bbox 1142 1036 1218 1061; x_wconf 88' lang='lat' dir='ltr'>stud.</span> <span class='ocrx_word' id='word_1_190' title='bbox 1234 1036 1356 1062; x_wconf 87' lang='lat' dir='ltr'>Parisius</span> <span class='ocrx_word' id='word_1_191' title='bbox 1370 1037 1401 1062; x_wconf 90' lang='lat' dir='ltr'>in</span> <span class='ocrx_word' id='word_1_192' title='bbox 1415 1037 1490 1063; x_wconf 89' lang='lat' dir='ltr'>decr.</span> 
     </span>
    </p>

    <p class='ocr_par' dir='ltr' id='par_1_12' title="bbox 517 1082 1864 1118">
     <span class='ocr_line' id='line_1_16' title="bbox 517 1082 1864 1118; baseline 0.004 -10"><span class='ocrx_word' id='word_1_193' title='bbox 517 1082 608 1108; x_wconf 88' lang='lat' dir='ltr'>Yvoni</span> <span class='ocrx_word' id='word_1_194' title='bbox 623 1083 658 1109; x_wconf 90' lang='lat' dir='ltr'>de</span> <span class='ocrx_word' id='word_1_195' title='bbox 672 1083 757 1112; x_wconf 78' lang='lat' dir='ltr'>Mota,</span> <span class='ocrx_word' id='word_1_196' title='bbox 772 1084 837 1109; x_wconf 90' lang='lat' dir='ltr'>cler.</span> <span class='ocrx_word' id='word_1_197' title='bbox 850 1084 1025 1113; x_wconf 82' lang='lat' dir='ltr'>Trecorens..</span> <span class='ocrx_word' id='word_1_198' title='bbox 1042 1084 1118 1110; x_wconf 85' lang='lat' dir='ltr'>stud.</span> <span class='ocrx_word' id='word_1_199' title='bbox 1136 1085 1258 1110; x_wconf 89' lang='lat' dir='ltr'>Parisius</span> <span class='ocrx_word' id='word_1_200' title='bbox 1273 1085 1303 1110; x_wconf 91' lang='lat' dir='ltr'>in</span> <span class='ocrx_word' id='word_1_201' title='bbox 1315 1086 1382 1118; x_wconf 88' lang='lat' dir='ltr'>jure</span> <span class='ocrx_word' id='word_1_202' title='bbox 1395 1093 1457 1111; x_wconf 85' lang='lat' dir='ltr'>can.</span> <span class='ocrx_word' id='word_1_203' title='bbox 1473 1086 1504 1111; x_wconf 91' lang='lat' dir='ltr'>in</span> <span class='ocrx_word' id='word_1_204' title='bbox 1519 1087 1597 1112; x_wconf 80' lang='lat' dir='ltr'>sexto</span> <span class='ocrx_word' id='word_1_205' title='bbox 1612 1094 1690 1112; x_wconf 83' lang='lat' dir='ltr'>anno</span> <span class='ocrx_word' id='word_1_206' title='bbox 1705 1094 1755 1113; x_wconf 91' lang='lat' dir='ltr'>sue</span> <span class='ocrx_word' id='word_1_207' title='bbox 1769 1087 1864 1113; x_wconf 81' lang='lat' dir='ltr'>audie.</span> 
     </span>
    </p>

    <p class='ocr_par' dir='ltr' id='par_1_13' title="bbox 427 1131 2287 1209">
     <span class='ocr_line' id='line_1_17' title="bbox 516 1131 2287 1170; baseline 0.004 -14"><span class='ocrx_word' id='word_1_208' title='bbox 516 1131 657 1157; x_wconf 88' lang='lat' dir='ltr'>Rollando</span> <span class='ocrx_word' id='word_1_209' title='bbox 672 1132 764 1161; x_wconf 88' lang='lat' dir='ltr'>Fabri,</span> <span class='ocrx_word' id='word_1_210' title='bbox 781 1133 884 1158; x_wconf 82' lang='lat' dir='ltr'>rectori</span> <span class='ocrx_word' id='word_1_211' title='bbox 898 1133 1031 1166; x_wconf 90' lang='lat' dir='ltr'>parroch.</span> <span class='ocrx_word' id='word_1_212' title='bbox 1048 1133 1115 1159; x_wconf 89' lang='lat' dir='ltr'>eccl.</span> <span class='ocrx_word' id='word_1_213' title='bbox 1129 1133 1165 1160; x_wconf 90' lang='lat' dir='ltr'>de</span> <span class='ocrx_word' id='word_1_214' title='bbox 1180 1134 1283 1159; x_wconf 87' lang='lat' dir='ltr'>Castris</span> <span class='ocrx_word' id='word_1_215' title='bbox 1298 1134 1399 1160; x_wconf 89' lang='lat' dir='ltr'>subtus</span> <span class='ocrx_word' id='word_1_216' title='bbox 1414 1135 1543 1161; x_wconf 87' lang='lat' dir='ltr'>Montem</span> <span class='ocrx_word' id='word_1_217' title='bbox 1560 1135 1743 1161; x_wconf 87' lang='lat' dir='ltr'>Lethericum</span> <span class='ocrx_word' id='word_1_218' title='bbox 1760 1136 1845 1161; x_wconf 85' lang='lat' dir='ltr'>Paris.</span> <span class='ocrx_word' id='word_1_219' title='bbox 1859 1136 1946 1166; x_wconf 80' lang='lat' dir='ltr'>dioc.,</span> <span class='ocrx_word' id='word_1_220' title='bbox 1961 1136 2151 1170; x_wconf 86' lang='lat' dir='ltr'>studentique</span> <span class='ocrx_word' id='word_1_221' title='bbox 2164 1136 2287 1163; x_wconf 76' lang='lat' dir='ltr'>Parisius</span> 
     </span>
     <span class='ocr_line' id='line_1_18' title="bbox 427 1179 964 1209; baseline 0.006 -5"><span class='ocrx_word' id='word_1_222' title='bbox 427 1179 458 1204; x_wconf 92' lang='lat' dir='ltr'>in</span> <span class='ocrx_word' id='word_1_223' title='bbox 473 1179 561 1209; x_wconf 89' lang='lat' dir='ltr'>decr.,</span> <span class='ocrx_word' id='word_1_224' title='bbox 575 1180 610 1206; x_wconf 91' lang='lat' dir='ltr'>de</span> <span class='ocrx_word' id='word_1_225' title='bbox 625 1188 687 1206; x_wconf 84' lang='lat' dir='ltr'>can.</span> <span class='ocrx_word' id='word_1_226' title='bbox 701 1181 768 1207; x_wconf 90' lang='lat' dir='ltr'>eccl.</span> <span class='ocrx_word' id='word_1_227' title='bbox 785 1181 964 1208; x_wconf 83' lang='lat' dir='ltr'>Noviomens.</span> 
     </span>
    </p>

    <p class='ocr_par' dir='ltr' id='par_1_14' title="bbox 515 1228 1716 1266">
     <span class='ocr_line' id='line_1_19' title="bbox 515 1228 1716 1266; baseline 0.004 -12"><span class='ocrx_word' id='word_1_228' title='bbox 515 1228 642 1254; x_wconf 88' lang='lat' dir='ltr'>Johanni</span> <span class='ocrx_word' id='word_1_229' title='bbox 657 1229 728 1255; x_wconf 89' lang='lat' dir='ltr'>Ville</span> <span class='ocrx_word' id='word_1_230' title='bbox 743 1230 880 1258; x_wconf 90' lang='lat' dir='ltr'>Mauricii.</span> <span class='ocrx_word' id='word_1_231' title='bbox 895 1231 961 1257; x_wconf 89' lang='lat' dir='ltr'>cler.</span> <span class='ocrx_word' id='word_1_232' title='bbox 976 1231 1139 1257; x_wconf 88' lang='lat' dir='ltr'>Trecorcns.</span> <span class='ocrx_word' id='word_1_233' title='bbox 1155 1232 1241 1261; x_wconf 88' lang='lat' dir='ltr'>dioc.,</span> <span class='ocrx_word' id='word_1_234' title='bbox 1258 1232 1446 1266; x_wconf 87' lang='lat' dir='ltr'>studentique</span> <span class='ocrx_word' id='word_1_235' title='bbox 1459 1233 1580 1258; x_wconf 85' lang='lat' dir='ltr'>Parisius</span> <span class='ocrx_word' id='word_1_236' title='bbox 1595 1233 1625 1259; x_wconf 92' lang='lat' dir='ltr'>in</span> <span class='ocrx_word' id='word_1_237' title='bbox 1640 1234 1716 1260; x_wconf 88' lang='lat' dir='ltr'>decr.</span> 
     </span>
    </p>

    <p class='ocr_par' dir='ltr' id='par_1_15' title="bbox 514 1278 1653 1315">
     <span class='ocr_line' id='line_1_20' title="bbox 514 1278 1653 1315; baseline 0.004 -12"><span class='ocrx_word' id='word_1_238' title='bbox 514 1278 655 1304; x_wconf 86' lang='lat' dir='ltr'>Rollando</span> <span class='ocrx_word' id='word_1_239' title='bbox 669 1278 755 1311; x_wconf 81' lang='lat' dir='ltr'>Nigri,</span> <span class='ocrx_word' id='word_1_240' title='bbox 770 1279 835 1305; x_wconf 85' lang='lat' dir='ltr'>cler.</span> <span class='ocrx_word' id='word_1_241' title='bbox 851 1279 1013 1306; x_wconf 86' lang='lat' dir='ltr'>Trecorens.</span> <span class='ocrx_word' id='word_1_242' title='bbox 1030 1280 1116 1310; x_wconf 74' lang='lat' dir='ltr'>dioc.,</span> <span class='ocrx_word' id='word_1_243' title='bbox 1130 1281 1319 1314; x_wconf 87' lang='lat' dir='ltr'>studentique</span> <span class='ocrx_word' id='word_1_244' title='bbox 1332 1282 1453 1307; x_wconf 86' lang='lat' dir='ltr'>Parisius</span> <span class='ocrx_word' id='word_1_245' title='bbox 1467 1282 1498 1307; x_wconf 90' lang='lat' dir='ltr'>in</span> <span class='ocrx_word' id='word_1_246' title='bbox 1510 1282 1577 1315; x_wconf 91' lang='lat' dir='ltr'>jure</span> <span class='ocrx_word' id='word_1_247' title='bbox 1591 1290 1653 1308; x_wconf 91' lang='lat' dir='ltr'>can.</span> 
     </span>
    </p>

    <p class='ocr_par' dir='ltr' id='par_1_16' title="bbox 514 1326 1468 1361">
     <span class='ocr_line' id='line_1_21' title="bbox 514 1326 1468 1361; baseline 0.005 -10"><span class='ocrx_word' id='word_1_248' title='bbox 514 1326 656 1352; x_wconf 82' lang='lat' dir='ltr'>Clementi</span> <span class='ocrx_word' id='word_1_249' title='bbox 671 1327 793 1360; x_wconf 85' lang='lat' dir='ltr'>Anglici‚</span> <span class='ocrx_word' id='word_1_250' title='bbox 810 1328 903 1361; x_wconf 87' lang='lat' dir='ltr'>presb.</span> <span class='ocrx_word' id='word_1_251' title='bbox 920 1328 1096 1359; x_wconf 70' lang='lat' dir='ltr'>Nivernens..</span> <span class='ocrx_word' id='word_1_252' title='bbox 1113 1330 1190 1355; x_wconf 89' lang='lat' dir='ltr'>stud.</span> <span class='ocrx_word' id='word_1_253' title='bbox 1208 1330 1331 1356; x_wconf 87' lang='lat' dir='ltr'>Parisius</span> <span class='ocrx_word' id='word_1_254' title='bbox 1346 1330 1377 1356; x_wconf 93' lang='lat' dir='ltr'>in</span> <span class='ocrx_word' id='word_1_255' title='bbox 1392 1330 1468 1356; x_wconf 91' lang='lat' dir='ltr'>decr.</span> 
     </span>
    </p>

    <p class='ocr_par' dir='ltr' id='par_1_17' title="bbox 514 1375 1552 1413">
     <span class='ocr_line' id='line_1_22' title="bbox 514 1375 1552 1413; baseline 0.006 -13"><span class='ocrx_word' id='word_1_256' title='bbox 514 1375 596 1401; x_wconf 88' lang='lat' dir='ltr'>Petro</span> <span class='ocrx_word' id='word_1_257' title='bbox 611 1376 754 1406; x_wconf 87' lang='lat' dir='ltr'>Judicelli,</span> <span class='ocrx_word' id='word_1_258' title='bbox 768 1377 861 1410; x_wconf 88' lang='lat' dir='ltr'>presb.</span> <span class='ocrx_word' id='word_1_259' title='bbox 879 1377 1021 1404; x_wconf 84' lang='lat' dir='ltr'>Briocens.</span> <span class='ocrx_word' id='word_1_260' title='bbox 1035 1378 1120 1408; x_wconf 85' lang='lat' dir='ltr'>dioc.,</span> <span class='ocrx_word' id='word_1_261' title='bbox 1136 1378 1212 1404; x_wconf 89' lang='lat' dir='ltr'>stud.</span> <span class='ocrx_word' id='word_1_262' title='bbox 1231 1379 1353 1405; x_wconf 86' lang='lat' dir='ltr'>Parisius</span> <span class='ocrx_word' id='word_1_263' title='bbox 1368 1379 1398 1405; x_wconf 90' lang='lat' dir='ltr'>in</span> <span class='ocrx_word' id='word_1_264' title='bbox 1408 1380 1474 1413; x_wconf 88' lang='lat' dir='ltr'>jure</span> <span class='ocrx_word' id='word_1_265' title='bbox 1489 1388 1552 1406; x_wconf 87' lang='lat' dir='ltr'>can.</span> 
     </span>
    </p>

    <p class='ocr_par' dir='ltr' id='par_1_18' title="bbox 511 1424 1582 1458">
     <span class='ocr_line' id='line_1_23' title="bbox 511 1424 1582 1458; baseline 0.005 -9"><span class='ocrx_word' id='word_1_266' title='bbox 511 1424 638 1450; x_wconf 89' lang='lat' dir='ltr'>Johanni</span> <span class='ocrx_word' id='word_1_267' title='bbox 653 1424 817 1455; x_wconf 79' lang='lat' dir='ltr'>Christiani,</span> <span class='ocrx_word' id='word_1_268' title='bbox 833 1426 927 1458; x_wconf 88' lang='lat' dir='ltr'>presb.</span> <span class='ocrx_word' id='word_1_269' title='bbox 945 1426 1021 1452; x_wconf 88' lang='lat' dir='ltr'>stud.</span> <span class='ocrx_word' id='word_1_270' title='bbox 1039 1427 1160 1453; x_wconf 90' lang='lat' dir='ltr'>Parisius</span> <span class='ocrx_word' id='word_1_271' title='bbox 1174 1427 1205 1452; x_wconf 90' lang='lat' dir='ltr'>in</span> <span class='ocrx_word' id='word_1_272' title='bbox 1220 1427 1308 1457; x_wconf 88' lang='lat' dir='ltr'>decr.‚</span> <span class='ocrx_word' id='word_1_273' title='bbox 1325 1428 1492 1454; x_wconf 85' lang='lat' dir='ltr'>Carnotens.</span> <span class='ocrx_word' id='word_1_274' title='bbox 1509 1429 1582 1455; x_wconf 91' lang='lat' dir='ltr'>dioc.</span> 
     </span>
    </p>

    <p class='ocr_par' dir='ltr' id='par_1_19' title="bbox 511 1472 1533 1510">
     <span class='ocr_line' id='line_1_24' title="bbox 511 1472 1533 1510; baseline 0.006 -13"><span class='ocrx_word' id='word_1_275' title='bbox 511 1472 602 1498; x_wconf 84' lang='lat' dir='ltr'>Alano</span> <span class='ocrx_word' id='word_1_276' title='bbox 616 1473 760 1503; x_wconf 82' lang='lat' dir='ltr'>Bollandi,</span> <span class='ocrx_word' id='word_1_277' title='bbox 774 1474 840 1500; x_wconf 89' lang='lat' dir='ltr'>cler.</span> <span class='ocrx_word' id='word_1_278' title='bbox 858 1474 1000 1501; x_wconf 88' lang='lat' dir='ltr'>Briocens.</span> <span class='ocrx_word' id='word_1_279' title='bbox 1016 1475 1101 1505; x_wconf 82' lang='lat' dir='ltr'>dioc.,</span> <span class='ocrx_word' id='word_1_280' title='bbox 1116 1476 1192 1502; x_wconf 88' lang='lat' dir='ltr'>stud.</span> <span class='ocrx_word' id='word_1_281' title='bbox 1211 1476 1332 1502; x_wconf 86' lang='lat' dir='ltr'>Parisius</span> <span class='ocrx_word' id='word_1_282' title='bbox 1346 1477 1378 1502; x_wconf 93' lang='lat' dir='ltr'>in</span> <span class='ocrx_word' id='word_1_283' title='bbox 1389 1477 1456 1510; x_wconf 90' lang='lat' dir='ltr'>jure</span> <span class='ocrx_word' id='word_1_284' title='bbox 1470 1485 1533 1503; x_wconf 85' lang='lat' dir='ltr'>can.</span> 
     </span>
    </p>

    <p class='ocr_par' dir='ltr' id='par_1_20' title="bbox 510 1521 1746 1558">
     <span class='ocr_line' id='line_1_25' title="bbox 510 1521 1746 1558; baseline 0.006 -12"><span class='ocrx_word' id='word_1_285' title='bbox 510 1521 622 1547; x_wconf 89' lang='lat' dir='ltr'>Nicolao</span> <span class='ocrx_word' id='word_1_286' title='bbox 637 1522 784 1552; x_wconf 80' lang='lat' dir='ltr'>Bourdon,</span> <span class='ocrx_word' id='word_1_287' title='bbox 798 1523 891 1556; x_wconf 89' lang='lat' dir='ltr'>presb.</span> <span class='ocrx_word' id='word_1_288' title='bbox 908 1524 1133 1558; x_wconf 86' lang='lat' dir='ltr'>Rothomagens.</span> <span class='ocrx_word' id='word_1_289' title='bbox 1149 1525 1235 1555; x_wconf 88' lang='lat' dir='ltr'>dioc.,</span> <span class='ocrx_word' id='word_1_290' title='bbox 1251 1526 1318 1551; x_wconf 85' lang='lat' dir='ltr'>actu</span> <span class='ocrx_word' id='word_1_291' title='bbox 1331 1526 1408 1551; x_wconf 89' lang='lat' dir='ltr'>stud.</span> <span class='ocrx_word' id='word_1_292' title='bbox 1423 1526 1544 1552; x_wconf 88' lang='lat' dir='ltr'>Parisius</span> <span class='ocrx_word' id='word_1_293' title='bbox 1558 1527 1589 1552; x_wconf 90' lang='lat' dir='ltr'>in</span> <span class='ocrx_word' id='word_1_294' title='bbox 1605 1527 1656 1553; x_wconf 86' lang='lat' dir='ltr'>fac.</span> <span class='ocrx_word' id='word_1_295' title='bbox 1671 1527 1746 1553; x_wconf 87' lang='lat' dir='ltr'>decr.</span> 
     </span>
    </p>

    <p class='ocr_par' dir='ltr' id='par_1_21' title="bbox 510 1570 1594 1605">
     <span class='ocr_line' id='line_1_26' title="bbox 510 1570 1594 1605; baseline 0.006 -10"><span class='ocrx_word' id='word_1_296' title='bbox 510 1570 637 1596; x_wconf 86' lang='lat' dir='ltr'>Johanni</span> <span class='ocrx_word' id='word_1_297' title='bbox 651 1571 744 1601; x_wconf 83' lang='lat' dir='ltr'>Barat,</span> <span class='ocrx_word' id='word_1_298' title='bbox 759 1572 851 1605; x_wconf 87' lang='lat' dir='ltr'>presb.</span> <span class='ocrx_word' id='word_1_299' title='bbox 868 1572 1045 1599; x_wconf 81' lang='lat' dir='ltr'>Atrebatens.</span> <span class='ocrx_word' id='word_1_300' title='bbox 1060 1573 1146 1604; x_wconf 87' lang='lat' dir='ltr'>dioc.,</span> <span class='ocrx_word' id='word_1_301' title='bbox 1162 1574 1239 1600; x_wconf 91' lang='lat' dir='ltr'>stud.</span> <span class='ocrx_word' id='word_1_302' title='bbox 1256 1575 1378 1601; x_wconf 87' lang='lat' dir='ltr'>Parisius</span> <span class='ocrx_word' id='word_1_303' title='bbox 1392 1575 1423 1600; x_wconf 91' lang='lat' dir='ltr'>in</span> <span class='ocrx_word' id='word_1_304' title='bbox 1438 1576 1489 1602; x_wconf 84' lang='lat' dir='ltr'>sac.</span> <span class='ocrx_word' id='word_1_305' title='bbox 1505 1576 1594 1602; x_wconf 88' lang='lat' dir='ltr'>theol.</span> 
     </span>
    </p>

    <p class='ocr_par' dir='ltr' id='par_1_22' title="bbox 510 1619 2154 1664">
     <span class='ocr_line' id='line_1_27' title="bbox 510 1619 2154 1664; baseline 0.005 -19"><span class='ocrx_word' id='word_1_306' title='bbox 510 1619 625 1646; x_wconf 91' lang='lat' dir='ltr'>Menoto</span> <span class='ocrx_word' id='word_1_307' title='bbox 637 1619 743 1648; x_wconf 86' lang='lat' dir='ltr'>Bosset.</span> <span class='ocrx_word' id='word_1_308' title='bbox 760 1621 826 1647; x_wconf 90' lang='lat' dir='ltr'>cler.</span> <span class='ocrx_word' id='word_1_309' title='bbox 840 1621 1002 1648; x_wconf 89' lang='lat' dir='ltr'>Trecorens.</span> <span class='ocrx_word' id='word_1_310' title='bbox 1017 1622 1103 1653; x_wconf 81' lang='lat' dir='ltr'>dioc.,</span> <span class='ocrx_word' id='word_1_311' title='bbox 1119 1623 1196 1649; x_wconf 91' lang='lat' dir='ltr'>stud.</span> <span class='ocrx_word' id='word_1_312' title='bbox 1213 1623 1244 1649; x_wconf 90' lang='lat' dir='ltr'>in</span> <span class='ocrx_word' id='word_1_313' title='bbox 1258 1624 1311 1650; x_wconf 84' lang='lat' dir='ltr'>sac.</span> <span class='ocrx_word' id='word_1_314' title='bbox 1327 1624 1401 1650; x_wconf 89' lang='lat' dir='ltr'>decr.</span> <span class='ocrx_word' id='word_1_315' title='bbox 1420 1624 1551 1654; x_wconf 87' lang='lat' dir='ltr'>Parisius,</span> <span class='ocrx_word' id='word_1_316' title='bbox 1565 1625 1601 1651; x_wconf 87' lang='lat' dir='ltr'>de</span> <span class='ocrx_word' id='word_1_317' title='bbox 1615 1633 1677 1652; x_wconf 87' lang='lat' dir='ltr'>can.</span> <span class='ocrx_word' id='word_1_318' title='bbox 1694 1626 1762 1652; x_wconf 88' lang='lat' dir='ltr'>eccl.</span> <span class='ocrx_word' id='word_1_319' title='bbox 1777 1627 1940 1653; x_wconf 83' lang='lat' dir='ltr'>Treoorens.</span> <span class='ocrx_word' id='word_1_320' title='bbox 2100 1627 2154 1664; x_wconf 86' lang='lat'>[85]</span> 
     </span>
    </p>
   </div>
   <div class='ocr_carea' id='block_1_3' title="bbox 509 1708 2048 1759">
    <p class='ocr_par' dir='ltr' id='par_1_23' title="bbox 509 1708 2048 1759">
     <span class='ocr_line' id='line_1_28' title="bbox 509 1708 2048 1759; baseline 0.006 -20"><span class='ocrx_word' id='word_1_321' title='bbox 509 1708 587 1740; x_wconf 85' lang='lat' dir='ltr'>Dat.</span> <span class='ocrx_word' id='word_1_322' title='bbox 609 1708 789 1741; x_wconf 87' lang='lat' dir='ltr'>Avinione</span> <span class='ocrx_word' id='word_1_323' title='bbox 810 1716 936 1754; x_wconf 86' lang='lat' dir='ltr'>quarto</span> <span class='ocrx_word' id='word_1_324' title='bbox 958 1710 1026 1743; x_wconf 80' lang='lat' dir='ltr'>kal.</span> <span class='ocrx_word' id='word_1_325' title='bbox 1049 1711 1278 1753; x_wconf 62' lang='lat' dir='ltr'>Novembris,</span> <span class='ocrx_word' id='word_1_326' title='bbox 1300 1724 1393 1745; x_wconf 91' lang='lat' dir='ltr'>anno</span> <span class='ocrx_word' id='word_1_327' title='bbox 1414 1713 1544 1757; x_wconf 90' lang='lat' dir='ltr'>primo.</span> <span class='ocrx_word' id='word_1_328' title='bbox 1560 1733 1604 1738; x_wconf 82' lang='lat'><em>-</em></span> <span class='ocrx_word' id='word_1_329' title='bbox 1620 1713 1696 1747; x_wconf 84' lang='lat' dir='ltr'>Fiat</span> <span class='ocrx_word' id='word_1_330' title='bbox 1716 1725 1780 1759; x_wconf 89' lang='lat' dir='ltr'>pro</span> <span class='ocrx_word' id='word_1_331' title='bbox 1802 1714 1985 1748; x_wconf 88' lang='lat' dir='ltr'>omnibus.</span> <span class='ocrx_word' id='word_1_332' title='bbox 2009 1717 2048 1749; x_wconf 93' lang='lat' dir='ltr'>L.</span> 
     </span>
    </p>
   </div>
   <div class='ocr_carea' id='block_1_4' title="bbox 417 1805 2277 1887">
    <p class='ocr_par' dir='ltr' id='par_1_24' title="bbox 417 1805 2277 1887">
     <span class='ocr_line' id='line_1_29' title="bbox 511 1805 2277 1845; baseline 0.006 -17"><span class='ocrx_word' id='word_1_333' title='bbox 511 1805 574 1836; x_wconf 82' lang='lat' dir='ltr'>Reg.</span> <span class='ocrx_word' id='word_1_334' title='bbox 589 1806 646 1830; x_wconf 79' lang='lat' dir='ltr'>Vat.</span> <span class='ocrx_word' id='word_1_335' title='bbox 663 1806 755 1837; x_wconf 87' lang='lat' dir='ltr'>Suppl.</span> <span class='ocrx_word' id='word_1_336' title='bbox 771 1807 903 1830; x_wconf 85' lang='lat' dir='ltr'>Benedicti</span> <span class='ocrx_word' id='word_1_337' title='bbox 918 1808 985 1837; x_wconf 89' lang='lat' dir='ltr'>XIII,</span> <span class='ocrx_word' id='word_1_338' title='bbox 1001 1812 1030 1831; x_wconf 89' lang='lat' dir='ltr'>n⁰</span> <span class='ocrx_word' id='word_1_339' title='bbox 1045 1809 1081 1837; x_wconf 82' lang='lat'>79,</span> <span class='ocrx_word' id='word_1_340' title='bbox 1100 1809 1145 1832; x_wconf 80' lang='lat' dir='ltr'>fol.</span> <span class='ocrx_word' id='word_1_341' title='bbox 1160 1810 1198 1833; x_wconf 81' lang='lat'>89.</span> <span class='ocrx_word' id='word_1_342' title='bbox 1219 1811 1256 1833; x_wconf 82' lang='lat' dir='ltr'>Ex</span> <span class='ocrx_word' id='word_1_343' title='bbox 1270 1810 1320 1833; x_wconf 83' lang='lat' dir='ltr'>isto</span> <span class='ocrx_word' id='word_1_344' title='bbox 1338 1811 1424 1835; x_wconf 83' lang='lat' dir='ltr'>rotulo</span> <span class='ocrx_word' id='word_1_345' title='bbox 1439 1819 1482 1835; x_wconf 89' lang='lat' dir='ltr'>eos</span> <span class='ocrx_word' id='word_1_346' title='bbox 1505 1812 1590 1835; x_wconf 87' lang='lat' dir='ltr'>solum</span> <span class='ocrx_word' id='word_1_347' title='bbox 1605 1813 1812 1844; x_wconf 76' lang='lat' dir='ltr'>desumpsimus,</span> <span class='ocrx_word' id='word_1_348' title='bbox 1828 1813 1873 1845; x_wconf 88' lang='lat' dir='ltr'>qui</span> <span class='ocrx_word' id='word_1_349' title='bbox 1891 1814 2000 1837; x_wconf 74' lang='lat' dir='ltr'>Parisiis</span> <span class='ocrx_word' id='word_1_350' title='bbox 2016 1814 2168 1839; x_wconf 77' lang='lat' dir='ltr'>studebant.</span> <span class='ocrx_word' id='word_1_351' title='bbox 2185 1815 2277 1839; x_wconf 71' lang='lat' dir='ltr'>plure-</span> 
     </span>
     <span class='ocr_line' id='line_1_30' title="bbox 417 1849 1748 1887; baseline 0.007 -15"><span class='ocrx_word' id='word_1_352' title='bbox 417 1857 507 1873; x_wconf 85' lang='lat' dir='ltr'>eorum</span> <span class='ocrx_word' id='word_1_353' title='bbox 522 1849 618 1873; x_wconf 83' lang='lat' dir='ltr'>iterum</span> <span class='ocrx_word' id='word_1_354' title='bbox 632 1850 659 1873; x_wconf 88' lang='lat' dir='ltr'>in</span> <span class='ocrx_word' id='word_1_355' title='bbox 674 1859 769 1882; x_wconf 76' lang='lat' dir='ltr'>magno</span> <span class='ocrx_word' id='word_1_356' title='bbox 784 1852 870 1875; x_wconf 87' lang='lat' dir='ltr'>rotulo</span> <span class='ocrx_word' id='word_1_357' title='bbox 885 1860 927 1876; x_wconf 75' lang='lat' dir='ltr'>an.</span> <span class='ocrx_word' id='word_1_358' title='bbox 942 1853 1002 1876; x_wconf 83' lang='lat'><strong>1403</strong></span> <span class='ocrx_word' id='word_1_359' title='bbox 1016 1857 1165 1883; x_wconf 82' lang='lat' dir='ltr'>occurrunt,</span> <span class='ocrx_word' id='word_1_360' title='bbox 1181 1854 1227 1878; x_wconf 83' lang='lat' dir='ltr'>ubi</span> <span class='ocrx_word' id='word_1_361' title='bbox 1239 1855 1318 1878; x_wconf 78' lang='lat' dir='ltr'>etiam</span> <span class='ocrx_word' id='word_1_362' title='bbox 1333 1856 1461 1887; x_wconf 81' lang='lat' dir='ltr'>quosdam</span> <span class='ocrx_word' id='word_1_363' title='bbox 1476 1860 1552 1880; x_wconf 81' lang='lat' dir='ltr'>notae</span> <span class='ocrx_word' id='word_1_364' title='bbox 1567 1857 1748 1881; x_wconf 77' lang='lat' dir='ltr'>illustrabunt.</span> 
     </span>
    </p>
   </div>
   <div class='ocr_carea' id='block_1_5' title="bbox 418 1938 2274 2015">
    <p class='ocr_par' dir='ltr' id='par_1_25' title="bbox 418 1938 2274 2015">
     <span class='ocr_line' id='line_1_31' title="bbox 509 1938 2274 1980; baseline 0.007 -17"><span class='ocrx_word' id='word_1_365' title='bbox 509 1938 533 1963; x_wconf 83' lang='grc'>1.</span> <span class='ocrx_word' id='word_1_366' title='bbox 551 1939 635 1962; x_wconf 84' lang='lat' dir='ltr'>Eliam</span> <span class='ocrx_word' id='word_1_367' title='bbox 650 1940 682 1963; x_wconf 89' lang='lat' dir='ltr'>de</span> <span class='ocrx_word' id='word_1_368' title='bbox 694 1940 846 1972; x_wconf 82' lang='lat' dir='ltr'>Lestrange.</span> <span class='ocrx_word' id='word_1_369' title='bbox 859 1955 890 1959; x_wconf 89' lang='lat'><strong>—</strong></span> <span class='ocrx_word' id='word_1_370' title='bbox 904 1940 928 1966; x_wconf 85' lang='lat'>2.</span> <span class='ocrx_word' id='word_1_371' title='bbox 946 1942 981 1965; x_wconf 94' lang='lat' dir='ltr'>De</span> <span class='ocrx_word' id='word_1_372' title='bbox 996 1942 1064 1974; x_wconf 81' lang='lat' dir='ltr'>ipso,</span> <span class='ocrx_word' id='word_1_373' title='bbox 1078 1946 1171 1974; x_wconf 77' lang='lat' dir='ltr'>postea</span> <span class='ocrx_word' id='word_1_374' title='bbox 1185 1944 1298 1973; x_wconf 84' lang='lat' dir='ltr'>doctore,</span> <span class='ocrx_word' id='word_1_375' title='bbox 1312 1945 1368 1976; x_wconf 79' lang='lat' dir='ltr'>jam</span> <span class='ocrx_word' id='word_1_376' title='bbox 1385 1945 1411 1968; x_wconf 93' lang='lat' dir='ltr'>in</span> <span class='ocrx_word' id='word_1_377' title='bbox 1427 1949 1445 1969; x_wconf 91' lang='lat' dir='ltr'>t.</span> <span class='ocrx_word' id='word_1_378' title='bbox 1464 1946 1510 1970; x_wconf 88' lang='lat'>111.</span> <span class='ocrx_word' id='word_1_379' title='bbox 1526 1947 1598 1970; x_wconf 89' lang='lat' dir='ltr'>Nunc</span> <span class='ocrx_word' id='word_1_380' title='bbox 1614 1947 1721 1977; x_wconf 78' lang='lat' dir='ltr'>scimus,</span> <span class='ocrx_word' id='word_1_381' title='bbox 1738 1956 1779 1971; x_wconf 85' lang='lat' dir='ltr'>an.</span> <span class='ocrx_word' id='word_1_382' title='bbox 1797 1948 1857 1971; x_wconf 72' lang='lat'>1394</span> <span class='ocrx_word' id='word_1_383' title='bbox 1870 1949 1926 1980; x_wconf 80' lang='lat' dir='ltr'>jam</span> <span class='ocrx_word' id='word_1_384' title='bbox 1942 1949 2024 1972; x_wconf 79' lang='lat' dir='ltr'>fuisse</span> <span class='ocrx_word' id='word_1_385' title='bbox 2039 1949 2129 1974; x_wconf 79' lang='lat' dir='ltr'>licent.</span> <span class='ocrx_word' id='word_1_386' title='bbox 2141 1963 2171 1968; x_wconf 90' lang='lat'>-—</span> <span class='ocrx_word' id='word_1_387' title='bbox 2183 1949 2206 1975; x_wconf 80' lang='grc'>3.</span> <span class='ocrx_word' id='word_1_388' title='bbox 2223 1950 2274 1975; x_wconf 78' lang='lat' dir='ltr'>Seu</span> 
     </span>
     <span class='ocr_line' id='line_1_32' title="bbox 418 1983 824 2015; baseline 0.005 -9"><span class='ocrx_word' id='word_1_389' title='bbox 418 1990 428 2006; x_wconf 69' lang='grc' dir='ltr'>ι</span> <span class='ocrx_word' id='word_1_390' title='bbox 446 1983 582 2006; x_wconf 84' lang='lat' dir='ltr'>Baudouiu</span> <span class='ocrx_word' id='word_1_391' title='bbox 598 1992 619 2012; x_wconf 84' lang='lat'>»,</span> <span class='ocrx_word' id='word_1_392' title='bbox 634 1984 666 2007; x_wconf 90' lang='lat' dir='ltr'>de</span> <span class='ocrx_word' id='word_1_393' title='bbox 681 1993 731 2015; x_wconf 90' lang='lat' dir='ltr'>quo</span> <span class='ocrx_word' id='word_1_394' title='bbox 746 1984 824 2008; x_wconf 77' lang='lat' dir='ltr'>infra.</span> 
     </span>
    </p>
   </div>
   <div class='ocr_carea' id='block_1_6' title="bbox 419 2105 1902 2157">
    <p class='ocr_par' dir='ltr' id='par_1_26' title="bbox 419 2105 1902 2157">
     <span class='ocr_line' id='line_1_33' title="bbox 419 2105 1902 2157; baseline 0.006 -15"><span class='ocrx_word' id='word_1_395' title='bbox 419 2105 558 2142; x_wconf 79' lang='grc'><strong>1716.</strong></span> <span class='ocrx_word' id='word_1_396' title='bbox 582 2124 597 2141; x_wconf 64' lang='grc' dir='ltr'>(ς</span> <span class='ocrx_word' id='word_1_397' title='bbox 612 2115 732 2141; x_wconf 77' lang='lat' dir='ltr'>Botulus</span> <span class='ocrx_word' id='word_1_398' title='bbox 745 2125 797 2152; x_wconf 81' lang='lat' dir='ltr'>per·</span> <span class='ocrx_word' id='word_1_399' title='bbox 811 2125 884 2151; x_wconf 81' lang='lat' dir='ltr'>mag.</span> <span class='ocrx_word' id='word_1_400' title='bbox 902 2118 1016 2143; x_wconf 81' lang='lat' dir='ltr'>Petrum</span> <span class='ocrx_word' id='word_1_401' title='bbox 1031 2118 1065 2144; x_wconf 78' lang='lat' dir='ltr'>de</span> <span class='ocrx_word' id='word_1_402' title='bbox 1081 2119 1210 2155; x_wconf 84' lang='lat' dir='ltr'>Aillyaco</span> <span class='ocrx_word' id='word_1_403' title='bbox 1225 2121 1396 2157; x_wconf 83' lang='lat' dir='ltr'>compositus</span> <span class='ocrx_word' id='word_1_404' title='bbox 1411 2131 1435 2157; x_wconf 66' lang='lat' dir='ltr'>iv,</span> <span class='ocrx_word' id='word_1_405' title='bbox 1451 2123 1492 2148; x_wconf 85' lang='lat' dir='ltr'>ad</span> <span class='ocrx_word' id='word_1_406' title='bbox 1505 2123 1689 2150; x_wconf 82' lang='lat' dir='ltr'>Benedictum</span> <span class='ocrx_word' id='word_1_407' title='bbox 1703 2126 1777 2151; x_wconf 88' lang='lat' dir='ltr'>XIII</span> <span class='ocrx_word' id='word_1_408' title='bbox 1788 2125 1902 2152; x_wconf 78' lang='lat' dir='ltr'>missus.</span> 
     </span>
    </p>
   </div>
   <div class='ocr_carea' id='block_1_7' title="bbox 501 2208 1985 2266">
    <p class='ocr_par' dir='ltr' id='par_1_27' title="bbox 501 2208 1985 2266">
     <span class='ocr_line' id='line_1_34' title="bbox 1584 2208 1985 2238; baseline 0.007 -5"><span class='ocrx_word' id='word_1_409' title='bbox 1584 2208 1655 2235; x_wconf 75' lang='lat'>1394.</span> <span class='ocrx_word' id='word_1_410' title='bbox 1671 2208 1784 2234; x_wconf 77' lang='lat' dir='ltr'>oecomb.</span> <span class='ocrx_word' id='word_1_411' title='bbox 1803 2209 1838 2238; x_wconf 75' lang='lat'>13,</span> <span class='ocrx_word' id='word_1_412' title='bbox 1854 2209 1985 2236; x_wconf 71' lang='lat' dir='ltr'>Avenione.</span> 
     </span>
     <span class='ocr_line' id='line_1_35' title="bbox 501 2233 1333 2266; baseline 0.007 -7"><span class='ocrx_word' id='word_1_413' title='bbox 501 2233 640 2260; x_wconf 87' lang='lat' dir='ltr'>Guiberto</span> <span class='ocrx_word' id='word_1_414' title='bbox 655 2234 751 2264; x_wconf 75' lang='lat' dir='ltr'>Meret.</span> <span class='ocrx_word' id='word_1_415' title='bbox 765 2235 831 2261; x_wconf 89' lang='lat' dir='ltr'>cler.</span> <span class='ocrx_word' id='word_1_416' title='bbox 849 2236 980 2266; x_wconf 77' lang='lat' dir='ltr'>Parisius.</span> <span class='ocrx_word' id='word_1_417' title='bbox 997 2237 1073 2263; x_wconf 88' lang='lat' dir='ltr'>stud.</span> <span class='ocrx_word' id='word_1_418' title='bbox 1090 2237 1199 2264; x_wconf 89' lang='lat' dir='ltr'>ibidem</span> <span class='ocrx_word' id='word_1_419' title='bbox 1214 2239 1245 2264; x_wconf 92' lang='lat' dir='ltr'>in</span> <span class='ocrx_word' id='word_1_420' title='bbox 1257 2239 1333 2266; x_wconf 87' lang='lat' dir='ltr'>decr.</span> 
     </span>
    </p>
   </div>
   <div class='ocr_carea' id='block_1_8' title="bbox 402 2282 2264 2869">
    <p class='ocr_par' dir='ltr' id='par_1_28' title="bbox 499 2282 1805 2323">
     <span class='ocr_line' id='line_1_36' title="bbox 499 2282 1805 2323; baseline 0.008 -15"><span class='ocrx_word' id='word_1_421' title='bbox 499 2282 625 2308; x_wconf 90' lang='lat' dir='ltr'>Johanni</span> <span class='ocrx_word' id='word_1_422' title='bbox 640 2283 771 2314; x_wconf 84' lang='lat' dir='ltr'>Vinchet,</span> <span class='ocrx_word' id='word_1_423' title='bbox 785 2284 853 2310; x_wconf 83' lang='lat' dir='ltr'>alias</span> <span class='ocrx_word' id='word_1_424' title='bbox 865 2285 947 2315; x_wconf 84' lang='lat' dir='ltr'>Fioti,</span> <span class='ocrx_word' id='word_1_425' title='bbox 964 2286 1029 2312; x_wconf 89' lang='lat' dir='ltr'>cler.</span> <span class='ocrx_word' id='word_1_426' title='bbox 1047 2286 1228 2314; x_wconf 86' lang='lat' dir='ltr'>Cabilonens.</span> <span class='ocrx_word' id='word_1_427' title='bbox 1243 2288 1330 2319; x_wconf 68' lang='lat' dir='ltr'>dioc.,</span> <span class='ocrx_word' id='word_1_428' title='bbox 1343 2297 1419 2323; x_wconf 86' lang='lat' dir='ltr'>mag.</span> <span class='ocrx_word' id='word_1_429' title='bbox 1436 2290 1467 2316; x_wconf 93' lang='lat' dir='ltr'>in</span> <span class='ocrx_word' id='word_1_430' title='bbox 1482 2293 1535 2316; x_wconf 87' lang='lat' dir='ltr'>art.</span> <span class='ocrx_word' id='word_1_431' title='bbox 1550 2293 1579 2317; x_wconf 92' lang='lat' dir='ltr'>et</span> <span class='ocrx_word' id='word_1_432' title='bbox 1594 2292 1653 2318; x_wconf 83' lang='lat' dir='ltr'>bac.</span> <span class='ocrx_word' id='word_1_433' title='bbox 1671 2293 1701 2318; x_wconf 92' lang='lat' dir='ltr'>in</span> <span class='ocrx_word' id='word_1_434' title='bbox 1717 2294 1805 2320; x_wconf 89' lang='lat' dir='ltr'>theol.</span> 
     </span>
    </p>

    <p class='ocr_par' dir='ltr' id='par_1_29' title="bbox 500 2331 1201 2366">
     <span class='ocr_line' id='line_1_37' title="bbox 500 2331 1201 2366; baseline 0.009 -10"><span class='ocrx_word' id='word_1_435' title='bbox 500 2331 622 2358; x_wconf 89' lang='lat' dir='ltr'>Henrico</span> <span class='ocrx_word' id='word_1_436' title='bbox 634 2332 669 2358; x_wconf 93' lang='lat' dir='ltr'>de</span> <span class='ocrx_word' id='word_1_437' title='bbox 683 2332 819 2366; x_wconf 61' lang='lat' dir='ltr'>Aillyacm</span> <span class='ocrx_word' id='word_1_438' title='bbox 833 2333 900 2359; x_wconf 93' lang='lat' dir='ltr'>cler.</span> <span class='ocrx_word' id='word_1_439' title='bbox 918 2334 1111 2361; x_wconf 87' lang='lat' dir='ltr'>Suessionens.</span> <span class='ocrx_word' id='word_1_440' title='bbox 1128 2336 1201 2362; x_wconf 85' lang='lat' dir='ltr'>dioc.</span> 
     </span>
    </p>

    <p class='ocr_par' dir='ltr' id='par_1_30' title="bbox 500 2380 986 2411">
     <span class='ocr_line' id='line_1_38' title="bbox 500 2380 986 2411; baseline 0.008 -5"><span class='ocrx_word' id='word_1_441' title='bbox 500 2380 603 2406; x_wconf 85' lang='lat' dir='ltr'>Jacobo</span> <span class='ocrx_word' id='word_1_442' title='bbox 619 2381 709 2411; x_wconf 79' lang='lat' dir='ltr'>Parvi,</span> <span class='ocrx_word' id='word_1_443' title='bbox 726 2382 794 2408; x_wconf 91' lang='lat' dir='ltr'>cler.</span> <span class='ocrx_word' id='word_1_444' title='bbox 811 2383 896 2409; x_wconf 91' lang='lat' dir='ltr'>Paris.</span> <span class='ocrx_word' id='word_1_445' title='bbox 913 2383 986 2410; x_wconf 90' lang='lat' dir='ltr'>dioc.</span> 
     </span>
    </p>

    <p class='ocr_par' dir='ltr' id='par_1_31' title="bbox 499 2429 1187 2461">
     <span class='ocr_line' id='line_1_39' title="bbox 499 2429 1187 2461; baseline 0.009 -6"><span class='ocrx_word' id='word_1_446' title='bbox 499 2429 625 2456; x_wconf 88' lang='lat' dir='ltr'>Johanni</span> <span class='ocrx_word' id='word_1_447' title='bbox 640 2430 807 2461; x_wconf 86' lang='lat' dir='ltr'>Guichardi‚</span> <span class='ocrx_word' id='word_1_448' title='bbox 821 2432 888 2458; x_wconf 89' lang='lat' dir='ltr'>cler.</span> <span class='ocrx_word' id='word_1_449' title='bbox 904 2432 1097 2460; x_wconf 79' lang='lat' dir='ltr'>Suessionens.</span> <span class='ocrx_word' id='word_1_450' title='bbox 1114 2435 1187 2461; x_wconf 89' lang='lat' dir='ltr'>dioc.</span> 
     </span>
    </p>

    <p class='ocr_par' dir='ltr' id='par_1_32' title="bbox 498 2479 1308 2513">
     <span class='ocr_line' id='line_1_40' title="bbox 498 2479 1308 2513; baseline 0.01 -10"><span class='ocrx_word' id='word_1_451' title='bbox 498 2479 631 2512; x_wconf 85' lang='lat' dir='ltr'>Philippo</span> <span class='ocrx_word' id='word_1_452' title='bbox 646 2480 768 2513; x_wconf 87' lang='lat' dir='ltr'>Majoris,</span> <span class='ocrx_word' id='word_1_453' title='bbox 784 2481 851 2507; x_wconf 90' lang='lat' dir='ltr'>cler.</span> <span class='ocrx_word' id='word_1_454' title='bbox 867 2481 1065 2512; x_wconf 77' lang='lat' dir='ltr'>Ambianens.,</span> <span class='ocrx_word' id='word_1_455' title='bbox 1082 2484 1158 2509; x_wconf 90' lang='lat' dir='ltr'>stud.</span> <span class='ocrx_word' id='word_1_456' title='bbox 1177 2485 1308 2511; x_wconf 84' lang='lat' dir='ltr'>Parisius.</span> 
     </span>
    </p>

    <p class='ocr_par' dir='ltr' id='par_1_33' title="bbox 497 2528 747 2555">
     <span class='ocr_line' id='line_1_41' title="bbox 497 2528 747 2555; baseline 0.008 -2"><span class='ocrx_word' id='word_1_457' title='bbox 497 2528 624 2553; x_wconf 87' lang='lat' dir='ltr'>Johanni</span> <span class='ocrx_word' id='word_1_458' title='bbox 639 2528 747 2555; x_wconf 84' lang='lat' dir='ltr'>Guioti.</span> 
     </span>
    </p>

    <p class='ocr_par' dir='ltr' id='par_1_34' title="bbox 497 2577 1087 2608">
     <span class='ocr_line' id='line_1_42' title="bbox 497 2577 1087 2608; baseline 0.008 -6"><span class='ocrx_word' id='word_1_459' title='bbox 497 2577 580 2603; x_wconf 88' lang='lat' dir='ltr'>Petro</span> <span class='ocrx_word' id='word_1_460' title='bbox 593 2577 773 2608; x_wconf 87' lang='lat' dir='ltr'>Sansonneti,</span> <span class='ocrx_word' id='word_1_461' title='bbox 788 2579 854 2605; x_wconf 88' lang='lat' dir='ltr'>cler.</span> <span class='ocrx_word' id='word_1_462' title='bbox 869 2579 996 2606; x_wconf 90' lang='lat' dir='ltr'>Trecens.</span> <span class='ocrx_word' id='word_1_463' title='bbox 1013 2581 1087 2607; x_wconf 91' lang='lat' dir='ltr'>dioc.</span> 
     </span>
    </p>

    <p class='ocr_par' dir='ltr' id='par_1_35' title="bbox 496 2626 1411 2662">
     <span class='ocr_line' id='line_1_43' title="bbox 496 2626 1411 2662; baseline 0.011 -12"><span class='ocrx_word' id='word_1_464' title='bbox 496 2626 618 2652; x_wconf 86' lang='lat' dir='ltr'>Henrico</span> <span class='ocrx_word' id='word_1_465' title='bbox 633 2626 714 2657; x_wconf 80' lang='lat' dir='ltr'>Fioti,</span> <span class='ocrx_word' id='word_1_466' title='bbox 731 2628 797 2654; x_wconf 88' lang='lat' dir='ltr'>cler.</span> <span class='ocrx_word' id='word_1_467' title='bbox 814 2628 1017 2662; x_wconf 87' lang='lat' dir='ltr'>Corisopitens.</span> <span class='ocrx_word' id='word_1_468' title='bbox 1033 2630 1119 2661; x_wconf 73' lang='lat' dir='ltr'>dioc.,</span> <span class='ocrx_word' id='word_1_469' title='bbox 1133 2631 1256 2658; x_wconf 85' lang='lat' dir='ltr'>Parisius</span> <span class='ocrx_word' id='word_1_470' title='bbox 1272 2634 1411 2660; x_wconf 89' lang='lat' dir='ltr'>studenti.</span> 
     </span>
    </p>

    <p class='ocr_par' dir='ltr' id='par_1_36' title="bbox 494 2674 1401 2711">
     <span class='ocr_line' id='line_1_44' title="bbox 494 2674 1401 2711; baseline 0.012 -12"><span class='ocrx_word' id='word_1_471' title='bbox 494 2674 650 2701; x_wconf 91' lang='lat' dir='ltr'>Guillelmo</span> <span class='ocrx_word' id='word_1_472' title='bbox 664 2676 789 2706; x_wconf 81' lang='lat' dir='ltr'>Arboris,</span> <span class='ocrx_word' id='word_1_473' title='bbox 803 2677 870 2703; x_wconf 88' lang='lat' dir='ltr'>cler.</span> <span class='ocrx_word' id='word_1_474' title='bbox 886 2678 1060 2711; x_wconf 87' lang='lat' dir='ltr'>Lingonens.</span> <span class='ocrx_word' id='word_1_475' title='bbox 1075 2680 1160 2711; x_wconf 85' lang='lat' dir='ltr'>dioc.,</span> <span class='ocrx_word' id='word_1_476' title='bbox 1177 2682 1254 2707; x_wconf 87' lang='lat' dir='ltr'>stud.</span> <span class='ocrx_word' id='word_1_477' title='bbox 1269 2683 1401 2710; x_wconf 88' lang='lat' dir='ltr'>Parisius.</span> 
     </span>
    </p>

    <p class='ocr_par' dir='ltr' id='par_1_37' title="bbox 493 2723 2262 2772">
     <span class='ocr_line' id='line_1_45' title="bbox 493 2723 2262 2772; baseline 0.01 -24"><span class='ocrx_word' id='word_1_478' title='bbox 493 2723 645 2750; x_wconf 92' lang='lat' dir='ltr'>Dominico</span> <span class='ocrx_word' id='word_1_479' title='bbox 660 2725 778 2754; x_wconf 84' lang='lat' dir='ltr'>Baillivi,</span> <span class='ocrx_word' id='word_1_480' title='bbox 793 2726 858 2752; x_wconf 88' lang='lat' dir='ltr'>cler.</span> <span class='ocrx_word' id='word_1_481' title='bbox 873 2727 1002 2758; x_wconf 88' lang='lat' dir='ltr'>Metens.‚</span> <span class='ocrx_word' id='word_1_482' title='bbox 1016 2736 1093 2761; x_wconf 84' lang='lat' dir='ltr'>mag.</span> <span class='ocrx_word' id='word_1_483' title='bbox 1110 2729 1141 2755; x_wconf 92' lang='lat' dir='ltr'>in</span> <span class='ocrx_word' id='word_1_484' title='bbox 1153 2731 1206 2756; x_wconf 91' lang='lat' dir='ltr'>art.</span> <span class='ocrx_word' id='word_1_485' title='bbox 1222 2732 1250 2757; x_wconf 88' lang='lat' dir='ltr'>et</span> <span class='ocrx_word' id='word_1_486' title='bbox 1265 2731 1325 2757; x_wconf 83' lang='lat' dir='ltr'>bac.</span> <span class='ocrx_word' id='word_1_487' title='bbox 1340 2733 1370 2758; x_wconf 89' lang='lat' dir='ltr'>iu</span> <span class='ocrx_word' id='word_1_488' title='bbox 1383 2733 1459 2759; x_wconf 91' lang='lat' dir='ltr'>decr.</span> <span class='ocrx_word' id='word_1_489' title='bbox 1471 2734 1502 2759; x_wconf 91' lang='lat' dir='ltr'>in</span> <span class='ocrx_word' id='word_1_490' title='bbox 1515 2736 1619 2768; x_wconf 88' lang='lat' dir='ltr'>quarto</span> <span class='ocrx_word' id='word_1_491' title='bbox 1632 2743 1709 2762; x_wconf 86' lang='lat' dir='ltr'>anno</span> <span class='ocrx_word' id='word_1_492' title='bbox 1724 2737 1832 2764; x_wconf 86' lang='lat' dir='ltr'>lecture</span> <span class='ocrx_word' id='word_1_493' title='bbox 1844 2745 1904 2767; x_wconf 81' lang='lat' dir='ltr'>sue,</span> <span class='ocrx_word' id='word_1_494' title='bbox 1918 2737 2041 2764; x_wconf 87' lang='lat' dir='ltr'>Parisius</span> <span class='ocrx_word' id='word_1_495' title='bbox 2057 2739 2125 2765; x_wconf 87' lang='lat' dir='ltr'>actu</span> <span class='ocrx_word' id='word_1_496' title='bbox 2141 2738 2262 2772; x_wconf 85' lang='lat' dir='ltr'>legenti.</span> 
     </span>
    </p>

    <p class='ocr_par' dir='ltr' id='par_1_38' title="bbox 402 2772 2264 2869">
     <span class='ocr_line' id='line_1_46' title="bbox 490 2772 2262 2817; baseline 0.01 -20"><span class='ocrx_word' id='word_1_497' title='bbox 490 2772 603 2798; x_wconf 89' lang='lat' dir='ltr'>Nicolao</span> <span class='ocrx_word' id='word_1_498' title='bbox 618 2773 803 2800; x_wconf 89' lang='lat' dir='ltr'>Poillevillain</span> <span class='ocrx_word' id='word_1_499' title='bbox 815 2775 850 2801; x_wconf 89' lang='lat' dir='ltr'>de</span> <span class='ocrx_word' id='word_1_500' title='bbox 864 2775 1064 2810; x_wconf 79' lang='lat' dir='ltr'>Clamengiis⁴‚</span> <span class='ocrx_word' id='word_1_501' title='bbox 1078 2778 1144 2804; x_wconf 88' lang='lat' dir='ltr'>cler.</span> <span class='ocrx_word' id='word_1_502' title='bbox 1158 2779 1358 2807; x_wconf 80' lang='lat' dir='ltr'>Cathalanens.</span> <span class='ocrx_word' id='word_1_503' title='bbox 1376 2782 1461 2811; x_wconf 84' lang='lat' dir='ltr'>dioc..</span> <span class='ocrx_word' id='word_1_504' title='bbox 1478 2791 1555 2817; x_wconf 84' lang='lat' dir='ltr'>mag.</span> <span class='ocrx_word' id='word_1_505' title='bbox 1572 2784 1603 2810; x_wconf 91' lang='lat' dir='ltr'>in</span> <span class='ocrx_word' id='word_1_506' title='bbox 1624 2787 1677 2811; x_wconf 85' lang='lat' dir='ltr'>art.</span> <span class='ocrx_word' id='word_1_507' title='bbox 1699 2787 1727 2811; x_wconf 84' lang='lat' dir='ltr'>et</span> <span class='ocrx_word' id='word_1_508' title='bbox 1750 2786 1810 2812; x_wconf 89' lang='lat' dir='ltr'>bac.</span> <span class='ocrx_word' id='word_1_509' title='bbox 1828 2787 1858 2812; x_wconf 88' lang='lat' dir='ltr'>in</span> <span class='ocrx_word' id='word_1_510' title='bbox 1878 2787 1979 2817; x_wconf 63' lang='lat' dir='ltr'>theol„</span> <span class='ocrx_word' id='word_1_511' title='bbox 1997 2787 2032 2813; x_wconf 90' lang='lat' dir='ltr'>de</span> <span class='ocrx_word' id='word_1_512' title='bbox 2051 2795 2116 2813; x_wconf 91' lang='lat' dir='ltr'>can.</span> <span class='ocrx_word' id='word_1_513' title='bbox 2138 2787 2169 2813; x_wconf 92' lang='lat' dir='ltr'>in</span> <span class='ocrx_word' id='word_1_514' title='bbox 2192 2787 2262 2814; x_wconf 87' lang='lat' dir='ltr'>eccl.</span> 
     </span>
     <span class='ocr_line' id='line_1_47' title="bbox 402 2820 2264 2869; baseline 0.01 -24"><span class='ocrx_word' id='word_1_515' title='bbox 402 2820 563 2851; x_wconf 85' lang='lat' dir='ltr'>Cathalan.‚</span> <span class='ocrx_word' id='word_1_516' title='bbox 589 2829 648 2848; x_wconf 91' lang='lat' dir='ltr'>non</span> <span class='ocrx_word' id='word_1_517' title='bbox 669 2822 800 2849; x_wconf 87' lang='lat' dir='ltr'>obstante</span> <span class='ocrx_word' id='word_1_518' title='bbox 819 2824 899 2857; x_wconf 88' lang='lat' dir='ltr'>quod</span> <span class='ocrx_word' id='word_1_519' title='bbox 918 2825 1039 2851; x_wconf 87' lang='lat' dir='ltr'>alteram</span> <span class='ocrx_word' id='word_1_520' title='bbox 1061 2827 1286 2860; x_wconf 84' lang='lat' dir='ltr'>capellaniarum</span> <span class='ocrx_word' id='word_1_521' title='bbox 1306 2830 1502 2858; x_wconf 87' lang='lat' dir='ltr'>Universitatis</span> <span class='ocrx_word' id='word_1_522' title='bbox 1523 2833 1694 2864; x_wconf 70' lang='lat' dir='ltr'>Parisiensisv</span> <span class='ocrx_word' id='word_1_523' title='bbox 1716 2835 1821 2861; x_wconf 84' lang='lat' dir='ltr'>valent.</span> <span class='ocrx_word' id='word_1_524' title='bbox 1838 2836 1894 2869; x_wconf 83' lang='lat' dir='ltr'>xvj,</span> <span class='ocrx_word' id='word_1_525' title='bbox 1916 2837 1944 2862; x_wconf 86' lang='lat' dir='ltr'>et</span> <span class='ocrx_word' id='word_1_526' title='bbox 1965 2836 2087 2863; x_wconf 85' lang='lat' dir='ltr'>alteram</span> <span class='ocrx_word' id='word_1_527' title='bbox 2112 2836 2149 2862; x_wconf 88' lang='lat' dir='ltr'>ad</span> <span class='ocrx_word' id='word_1_528' title='bbox 2172 2836 2264 2863; x_wconf 81' lang='lat' dir='ltr'>altare</span> 
     </span>
    </p>
   </div>
   <div class='ocr_carea' id='block_1_9' title="bbox 402 2869 2024 2915">
    <p class='ocr_par' dir='ltr' id='par_1_39' title="bbox 402 2869 2024 2915">
     <span class='ocr_line' id='line_1_48' title="bbox 402 2869 2024 2915; baseline 0.011 -21"><span class='ocrx_word' id='word_1_529' title='bbox 402 2869 495 2902; x_wconf 89' lang='lat' dir='ltr'>majus</span> <span class='ocrx_word' id='word_1_530' title='bbox 510 2870 593 2896; x_wconf 87' lang='lat' dir='ltr'>Beate</span> <span class='ocrx_word' id='word_1_531' title='bbox 608 2871 694 2897; x_wconf 86' lang='lat' dir='ltr'>Marie</span> <span class='ocrx_word' id='word_1_532' title='bbox 707 2871 738 2897; x_wconf 90' lang='lat' dir='ltr'>in</span> <span class='ocrx_word' id='word_1_533' title='bbox 754 2879 828 2898; x_wconf 86' lang='lat' dir='ltr'>novo</span> <span class='ocrx_word' id='word_1_534' title='bbox 843 2881 928 2906; x_wconf 89' lang='lat' dir='ltr'>opere</span> <span class='ocrx_word' id='word_1_535' title='bbox 942 2874 1016 2901; x_wconf 90' lang='lat' dir='ltr'>dicte</span> <span class='ocrx_word' id='word_1_536' title='bbox 1031 2876 1098 2902; x_wconf 83' lang='lat' dir='ltr'>ecel.</span> <span class='ocrx_word' id='word_1_537' title='bbox 1113 2876 1326 2909; x_wconf 83' lang='lat' dir='ltr'>Cathalanens.‚</span> <span class='ocrx_word' id='word_1_538' title='bbox 1339 2887 1396 2914; x_wconf 69' lang='lat' dir='ltr'>xm]</span> <span class='ocrx_word' id='word_1_539' title='bbox 1413 2880 1478 2907; x_wconf 92' lang='lat' dir='ltr'>libr.</span> <span class='ocrx_word' id='word_1_540' title='bbox 1494 2882 1578 2915; x_wconf 87' lang='lat' dir='ltr'>paris.</span> <span class='ocrx_word' id='word_1_541' title='bbox 1593 2883 1711 2913; x_wconf 85' lang='lat' dir='ltr'>valent.,</span> <span class='ocrx_word' id='word_1_542' title='bbox 1730 2886 1866 2911; x_wconf 88' lang='lat' dir='ltr'>noscatur</span> <span class='ocrx_word' id='word_1_543' title='bbox 1880 2884 2024 2912; x_wconf 85' lang='lat' dir='ltr'>obtinere.</span> 
     </span>
    </p>
   </div>
   <div class='ocr_carea' id='block_1_10' title="bbox 2469 706 2502 2557">
    <p class='ocr_par' dir='ltr' id='par_1_40' title="bbox 2469 706 2502 2557">
     <span class='ocr_line' id='line_1_49' title="bbox 2469 706 2502 2557; baseline 0 0"><span class='ocrx_word' id='word_1_544' title='bbox 2469 706 2502 2557; x_wconf 95' lang='lat' dir='ltr'> </span> 
     </span>
    </p>
   </div>
  </div>
 </body>
</html>
