2502 3418
386 337 449 369 542
961 346 1284 369 annTULAntUM
1320 346 1513 368 UNlVERs.
1551 348 1682 370 rmus.
2155 336 2254 373 [1432

385 451 530 487 2412.
553 459 731 485 Facultatem
745 459 906 494 theologiae
919 459 1015 484 Paris.
1033 458 1183 484 consulunt
1204 458 1355 494 episcopus
1377 459 1561 485 Ebroicensis
1577 463 1604 485 et
1623 460 1746 485 vicarius
1769 460 1951 495 inquisitoris
1972 460 2007 486 de
2028 460 2155 496 quadam
2176 461 2254 486 mala

475 509 635 534 assertione
650 508 730 534 dicta
744 509 772 534 in
787 508 915 534 dioecesi
929 508 1108 534 Ebroicensi.

1635 545 1708 575 1432,
1721 546 1783 571 Mali
1798 545 1834 574 76,
1850 546 1964 571 Parisiis.

431 633 537 665 Anno
555 632 700 665 Domini
723 632 918 664 millezimo
941 632 1304 676 quadringentesimo
1323 632 1509 665 tricesimo
1532 633 1708 673 secundo,
1727 633 1929 666 indictione
1944 633 2096 674 decima,
2116 634 2255 666 mensis

387 711 474 732 vero
496 699 580 731 Maii
602 699 817 731 duodecima
842 705 954 735 sexta,
979 698 1211 743 pontificatus
1233 698 1370 731 domini
1397 699 1529 741 nostri,
1551 699 1688 732 domini
1717 700 1873 745 Eugenii
1902 712 1992 745 pape
2021 700 2138 745 quarti
2161 713 2255 733 anno

389 766 566 806 secundo,
599 766 723 810 plures
751 765 888 797 domini
923 771 956 797 et
986 765 1151 810 magistri
1184 777 1285 798 sacre
1316 765 1502 811 theologie
1528 767 1759 811 professores
1792 767 1941 799 fuerunt
1971 779 2036 812 per
2068 767 2254 800 dominum

387 833 562 865 decanum
576 832 782 865 venerande
799 832 992 864 falcultatis
1014 831 1201 877 theologie
1222 832 1259 864 in
1283 832 1528 866 Universitate
1550 833 1750 866 Parisiensi
1771 834 1808 866 in
1824 846 1957 878 magno
1978 841 2014 866 et
2033 835 2254 879 competenti

387 912 427 932 ac
454 899 648 932 sufficienti
671 910 822 931 numero
850 899 1039 931 convocati
1065 905 1100 931 et
1125 899 1341 944 congregati
1370 899 1407 931 in
1433 899 1589 932 ecclesia
1618 900 1739 933 Sancti
1769 901 1940 933 Maturini
1969 901 2188 933 Parisiensis
2219 907 2254 933 ut

390 967 502 999 moris
515 973 601 1007 erat,
615 973 782 1010 tanquam
795 972 1090 1010 representantes
1105 972 1141 998 et
1155 966 1330 999 facientes
1345 966 1474 999 dictam
1488 967 1692 1000 facultatem
1708 967 1907 1012 theologie.
1920 967 1963 1000 ad
1980 967 2256 1000 deliberandum

388 1045 501 1078 super
532 1033 683 1077 quadam
715 1032 919 1065 assertione
949 1039 1118 1065 contenta
1148 1033 1185 1065 in
1215 1032 1434 1077 quibusdam
1462 1033 1596 1066 litteris
1627 1034 1744 1066 eidem
1772 1034 1932 1067 facultati
1962 1034 2190 1068 transmissis
2216 1046 2258 1067 ex

390 1107 489 1145 parte
510 1099 702 1132 reverendi
723 1099 834 1144 patris
857 1099 995 1132 domini
1016 1100 1182 1144 magistri
1199 1099 1436 1133 Ebroicensis
1457 1101 1640 1145 episcopi¹
1663 1113 1702 1134 ac
1718 1101 1941 1134 venerabilis
1953 1109 1985 1134 et
2003 1101 2170 1146 religiosi
2189 1101 2257 1134 viri

388 1167 510 1200 fratris
531 1167 626 1199 Petri
648 1166 692 1199 de
714 1166 848 1199 Itinere
876 1166 1025 1199 Ordinis
1051 1167 1199 1199 fratrum
1223 1167 1507 1208 Predicatorum,
1531 1170 1565 1200 in
1587 1168 1726 1200 diocesi
1748 1167 1964 1201 Ebroicensi
1986 1168 2112 1201 vicarii
2139 1167 2259 1213 inqui-

388 1234 514 1267 sitoris
535 1233 696 1266 heretice
718 1233 919 1278 pravitatis,
943 1233 1011 1266 sul)
1033 1233 1168 1279 sigillis
1190 1241 1223 1267 et
1241 1234 1397 1279 signetis
1415 1234 1644 1267 manualibus
1666 1235 1821 1280 signatis
1843 1241 1877 1267 et
1898 1235 2084 1280 sigillatis,
2103 1235 2155 1268 sic
2174 1235 2260 1268 inci-

391 1301 578 1346 pientibus
599 1301 635 1332 in
661 1300 842 1345 principio
866 1312 872 1333 z
900 1300 1003 1334 Alme
1014 1300 1196 1346 facultati
1215 1301 1402 1346 theologie,
1433 1308 1499 1334 etc.
1531 1302 1741 1346 Suppositis
1767 1301 2096 1346 protestationibus
2122 1302 2158 1334 iu
2185 1314 2256 1335 ma-

391 1368 479 1401 teria
506 1367 591 1400 fidei
613 1374 647 1400 et
669 1379 807 1400 morum
831 1367 910 1400 sieri
937 1368 1126 1400 consuetis
1147 1380 1186 1400 ac
1215 1368 1322 1400 etiam
1345 1367 1402 1401 his
1426 1380 1496 1413 que
1519 1368 1663 1413 dejure
1685 1368 1861 1413 requisita
1887 1375 1972 1401 sunt
1997 1369 2040 1401 ad
2066 1369 2259 1402 canonicas

391 1435 625 1474 monitiones,
656 1441 793 1467 attento
824 1434 928 1467 etiam
961 1441 1088 1467 tenore
1114 1434 1317 1467 litterarum
1348 1435 1673 1480 infrascriptarum,
1705 1435 1804 1480 quod
1831 1435 1987 1468 assertio
2018 1436 2055 1468 in
2082 1420 2259 1481 predictis

391 1502 523 1534 litteris
540 1508 708 1534 contenta
730 1513 800 1546 que
821 1501 903 1534 talis
925 1508 980 1534 est
1001 1512 1008 1533 t
1034 1515 1050 1532 «
1069 1501 1290 1534 monitiones
1311 1508 1432 1534 vestre
1450 1513 1523 1534 non
1540 1508 1623 1534 sunt
1641 1502 1712 1534 nisi
1732 1501 1977 1542 abusiones»,
2000 1501 2182 1534 censenda
2205 1507 2259 1534 est

390 1569 579 1613 injuriosa,
610 1574 903 1614 presumptuosa,
931 1568 1136 1609 temeraria,
1159 1568 1373 1601 scandalosa
1402 1575 1436 1601 et
1457 1569 1500 1601 ad
1522 1569 1741 1601 seditionem
1764 1575 1799 1601 et
1826 1568 2067 1601 rebellionem
2096 1568 2260 1601 subdito—

392 1648 469 1668 rum
498 1636 542 1668 ad
569 1635 728 1680 prelatos
750 1635 947 1675 inductiva,
978 1634 1157 1667 bonorum
1185 1647 1324 1668 morum
1354 1642 1389 1668 et
1412 1647 1567 1668 censure
1596 1635 1846 1668 ecclesiastice
1872 1636 2079 1668 enervativa
2109 1642 2215 1680 atque
2243 1646 2260 1667 a

389 1703 555 1735 doctrina
576 1702 712 1736 Christi
741 1709 775 1735 et
795 1702 1043 1747 apostolorum
1075 1702 1170 1735 Petri
1193 1708 1227 1735 ct
1252 1702 1352 1735 Pauli
1374 1702 1577 1743 abductiva,
1602 1709 1637 1735 et
1657 1703 1782 1735 favens
1804 1702 1987 1747 aliquibus
2014 1701 2202 1735 erroribus
2223 1702 2260 1734 in

392 1782 494 1802 sacro
515 1769 679 1803 Consilio
701 1770 975 1803 Constantiensi
1003 1769 1268 1808 condemnatis,
1292 1776 1327 1802 et
1353 1776 1515 1802 assertor
1539 1769 1639 1802 illius
1665 1769 1765 1802 venit
1790 1769 2032 1815 corrigendus
2059 1769 2259 1802 secundum

390 1837 716 1869 determinationes
741 1837 955 1881 juristarum
987 1843 1022 1869 ct
1043 1836 1222 1881 judicum.
1252 1837 1330 1879 Que
1361 1836 1507 1881 quidem
1537 1836 1727 1869 conclusio
1756 1836 1792 1868 in
1815 1836 1973 1881 plurium
2003 1836 2259 1881 magistrorum

392 1904 536 1948 meique
557 1904 743 1936 Laurentii
764 1903 940 1936 Poutrelli
961 1903 1179 1948 presbyteri,
1212 1903 1411 1936 subbidelli
1439 1903 1534 1936 dicte
1566 1903 1746 1936 facultatis
1780 1903 1980 1948 theologie,
2010 1902 2147 1948 publici
2172 1914 2259 1947 apo-

392 1970 519 2003 stolica
537 1977 571 2003 et
586 1970 767 2015 imperiali
783 1969 1060 2003 auctoritatibus
1081 1970 1226 2011 notarii,
1249 1982 1288 2003 ac
1305 1970 1452 2002 testium
1475 1969 1767 2015 subscriptorum
1789 1970 1987 2015 presentia,
2008 1970 2076 2002 suit
2097 1969 2206 2002 relata
2228 1975 2262 2002 et

394 2037 574 2082 publicata
601 2049 640 2070 ac
675 2037 912 2082 pronunciata
940 2049 1005 2082 per
1029 2037 1160 2069 dictam
1190 2037 1394 2069 facultatem
1427 2036 1627 2082 theologie.
1656 2038 1743 2070 Acta
1769 2037 1917 2069 suerunt,
1941 2036 2008 2069 hec
2036 2037 2073 2069 in
2101 2036 2260 2069 claustro

394 2105 513 2137 Sancti
535 2104 706 2137 Maturini
728 2104 902 2145 Parisius,
925 2103 1161 2148 presentibus
1182 2103 1318 2136 ibidem
1340 2103 1614 2137 venerabilibus
1630 2104 1719 2137 viris
1741 2104 1888 2136 domino
1907 2103 2097 2137 Gouberto
2119 2103 2262 2137 Gasioti

394 2173 621 2216 presbytero,
644 2178 677 2204 et
702 2171 869 2205 Johanne
890 2170 1082 2205 Vachereti
1104 2170 1296 2215 principali
1322 2170 1460 2203 bidello
1483 2171 1578 2203 dicte
1601 2170 1781 2204 facultatis
1798 2170 1997 2216 theologie,
2017 2170 2209 2203 Remcnsis
2230 2176 2264 2203 et

397 2238 577 2271 Eduensis
599 2238 800 2275 diocesum,
824 2237 979 2270 testibus
1001 2238 1044 2270 ad
1065 2237 1132 2270 hec
1154 2238 1290 2270 vocatis
1312 2244 1344 2270 et
1363 2237 1512 2282 rogatis.
1535 2238 1585 2270 Ita
1603 2244 1669 2270 est.
1694 2238 1731 2269 L.
1756 2239 1967 2270 Pou'rnELLl.

488 2323 557 2346 Bibl.
578 2323 635 2348 vat.
656 2323 729 2354 Reg.y
750 2331 799 2346 mS.
821 2324 875 2350 870,
894 2323 938 2346 sol.
953 2323 991 2351 27,
1013 2322 1062 2345 sub
1083 2322 1189 2345 rubrica
1206 2330 1210 2345 :
1229 2331 1240 2345 <t
1258 2323 1333 2346 Nota.
1353 2323 1559 2345 Instrumentum
1579 2322 1713 2345 continens
1736 2322 1953 2345 deliberationem
1973 2325 1997 2345 et
2019 2321 2263 2345 determinationem

396 2368 527 2391 facultatis
543 2368 674 2398 theologie
690 2368 721 2390 de
736 2371 761 2390 ct
779 2376 858 2398 super
878 2367 992 2398 quadam
1013 2368 1083 2390 mala
1102 2367 1247 2390 assertione
1267 2367 1337 2390 dicta
1357 2372 1382 2390 et
1404 2367 1581 2398 dogmatisata
1604 2367 1629 2389 in
1651 2367 1749 2390 diocesi
1769 2366 1932 2394 Ebroicensi,
1952 2374 1999 2398 per
2019 2366 2218 2397 rescriptionem
2240 2369 2264 2389 et

395 2412 593 2443 requisitionem
608 2412 725 2443 episcopi
742 2412 908 2435 Ebroiceusis
924 2415 949 2435 et
961 2412 1127 2443 inquisitoris
1143 2411 1255 2435 heretice
1271 2411 1421 2443 pravitatis.
1439 2420 1449 2434 n
1469 2425 1498 2428 —
1517 2411 1701 2440 D'ARGENTffli,
1718 2412 1784 2435 Coll.
1795 2412 1870 2443 jud„
1888 2412 1920 2440 1²,
1936 2420 1963 2442 p.
1980 2412 2034 2435 230.

489 2483 514 2508 1.
530 2483 658 2506 Martialis
675 2483 802 2512 Formier,
819 2483 937 2514 episcopi
955 2483 988 2506 ab
1003 2491 1046 2506 an.
1063 2484 1132 2512 1427,
1151 2483 1223 2506 ,lunii
1240 2483 1278 2512 16,
1294 2491 1353 2505 cum
1369 2482 1515 2514 essetjuris
1528 2486 1579 2505 utr.
1593 2483 1684 2505 doctor
1695 2483 1766 2514 (ch.
1785 2483 1838 2506 Lat.
1851 2483 1928 2506 Mart.
1940 2483 1969 2512 V,
1984 2487 2012 2505 n⁰
2023 2483 2132 2511 267,s01.
2148 2482 2213 2511 192).

399 2636 542 2672 2413.
564 2645 686 2670 Jacolms
703 2647 852 2681 Campora,
872 2645 938 2671 ord.
956 2645 1073 2680 Praed.,
1091 2645 1258 2681 quijurarit
1273 2654 1327 2671 non
1343 2645 1416 2671 alibi
1432 2654 1517 2681 quam
1532 2645 1560 2670 in
1581 2646 1770 2671 Universitate
1783 2645 1879 2671 Paris.
1897 2648 1980 2670 actus
1993 2644 2182 2670 scholasticos
2195 2652 2261 2680 per-

486 2697 579 2728 ficere,
601 2694 749 2730 supplicat
768 2695 896 2729 Eugenio
920 2696 966 2728 JV,
991 2698 1021 2720 ut
1041 2695 1069 2720 in
1097 2695 1286 2720 Universitale
1306 2694 1398 2720 stadii
1416 2694 1587 2720 offiniensis
1607 2695 1750 2730 inceptam
1772 2696 1894 2729 formam
1912 2703 1965 2730 pro
1987 2693 2081 2728 gradu
2104 2693 2264 2727 magisterii

487 2743 626 2778 complere
637 2744 738 2778 possit,
758 2752 818 2768 cum
834 2744 965 2769 Parisios
977 2748 1095 2779 propter
1108 2752 1123 2769 4.
1137 2744 1279 2769 instantes
1293 2752 1415 2778 guerras
1430 2747 1457 2769 et
1473 2743 1563 2768 multa
1582 2743 1644 2769 alia
1661 2743 1864 2779 impedimenta
1881 2752 1896 2768 ›
1912 2742 2048 2768 accedere
2069 2750 2123 2767 non
2142 2741 2260 2767 audeat.

487 2792 671 2818 Concessum.
689 2793 718 2818 B.
737 2792 880 2818 Gmmzxs.
896 2808 928 2811 —
946 2793 1010 2818 Dat.
1028 2793 1119 2819 Rome
1130 2793 1208 2826 apud
1225 2793 1251 2819 S.
1269 2793 1388 2819 Petrum
1402 2792 1449 2826 viij
1466 2793 1522 2818 kal.
1535 2792 1667 2826 Augusti,
1686 2800 1733 2819 an.
1751 2793 1887 2819 secundo.

1646 2873 1723 2903 7432,
1739 2874 1799 2899 dum
1812 2875 1856 2902 25,
1874 2874 1975 2899 Romae.

494 2907 555 2936 ch.
573 2907 664 2937 Suppl.
681 2908 780 2938 Eugen.
797 2908 838 2936 IV,
855 2912 883 2930 n0
898 2908 952 2936 272,
971 2908 1014 2931 tol.
1033 2908 1070 2931 16.
