2502 3418
277 341 373 377 1442]
619 355 664 376 AB
699 354 803 376 ANNO
840 354 1126 376 MCCCLxxxxw
1164 355 1293 382 USQUE
1329 356 1376 376 :m
1410 355 1548 376 ANNUM
1584 356 1787 377 mccccmi.
2069 348 2132 380 627

274 428 425 471 quiratis
451 428 549 461 viros
569 429 745 473 ydoneos,
773 429 942 461 instando
967 435 1184 473 opportune7
1212 429 1432 473 importune,
1463 436 1499 461 ut
1531 430 1573 461 ad
1605 442 1696 474 opus
1724 431 1897 474 prefatum
1926 431 2062 463 lecture
2093 444 2131 464 se

274 502 479 539 preparent,
502 502 537 528 et
557 507 611 528 me
634 502 838 528 revertente
853 496 953 539 juxta
976 495 1167 528 consilium
1191 502 1351 528 vestrum
1374 496 1587 528 ministrabo
1611 503 1745 540 partem
1769 504 1976 541 sumptuum
2004 510 2130 531 ncces-

273 562 464 594 sariorum.

364 673 432 696 Bibl.
449 677 502 698 nat.
516 673 611 701 Paris„
628 682 677 696 ms.
695 674 740 697 lat.
758 675 829 703 8577,
846 674 891 697 sol.
907 675 945 697 38.
958 674 1107 701 Lumoxus,
1122 675 1189 705 Rey.
1203 674 1351 698 Navarrae
1364 675 1507 705 §ymnasii
1522 675 1599 703 hist„
1614 684 1639 706 p.
1657 676 1711 698 545.
1724 689 1752 692 —
1769 676 1803 698 De
1817 675 1906 698 eodem
1923 675 2015 698 scribit
2031 675 2130 698 Simoni

270 717 402 746 Germani,
420 718 573 741 baccalareo
585 719 697 741 formato
713 718 809 748 (ibim).
826 718 938 742 Roberto
955 719 1064 741 Ciboule
1079 719 1174 742 iteruin
1191 719 1283 742 scribit
1298 723 1327 742 ut
1339 719 1463 742 sollicitet
1475 719 1643 742 baccalnreos
1660 720 1809 742 saeculares
1823 720 1856 742 ad
1869 719 2049 750 arripiendum
2066 728 2131 742 onus

269 762 384 786 lectur-ae
401 763 593 786 Sententiarum
609 763 665 791 (fol.
681 763 742 792 40¹7.
759 764 850 793 Immo,
869 763 1023 795 episcopum
1039 764 1161 787 Treccns.
1178 764 1342 793 (Oudnrdum
1363 765 1526 795 llcnncquin)
1540 765 1617 787 etiam
1633 765 1755 788 admonet
1772 765 1803 787 (le
1822 765 1932 796 penuria
1949 764 2132 794 theologorum

270 807 326 835 (sol.
341 807 403 838 421³),
418 807 493 839 eique
508 808 593 830 adhuc
606 816 649 831 an.
666 808 725 831 1444
740 808 906 832 commendat
921 808 1168 839 multiplicationem
1184 809 1367 840 theologorum
1383 809 1439 840 (sol.
1454 809 1514 839 56¹¹).

268 1001 413 1038 2564.
436 1011 590 1037 Licentiati
605 1011 633 1036 in
645 1010 788 1045 facultate
804 1011 989 1038 decretorum.
1009 1012 1111 1038 Modus
1127 1012 1263 1038 tradendi
1278 1013 1400 1038 rotulum
1417 1012 1592 1038 cancellario
1608 1013 1703 1039 Paris.

1352 1110 1427 1140 7442,
1445 1111 1530 1136 Marta
1540 1111 1681 1143 23-Apm'lt's
1698 1111 1720 1140 7„
1737 1111 1850 1137 Parisiis,

357 1205 520 1238 Facultas
542 1205 794 1250 sollempniter
810 1213 1031 1251 congregata
1048 1207 1299 1251 xxiij2111e11sis
1321 1208 1453 1249 Martii,
1468 1208 1648 1241 conclusit
1669 1220 1741 1240 non
1762 1208 1855 1240 velle
1877 1209 1997 1242 vocari
2020 1221 2130 1253 super

266 1271 503 1304 collocatione
525 1283 589 1304 seu
616 1272 810 1305 situatione
832 1272 1115 1306 baccalariorum
1144 1273 1475 1316 [licentiandorum]
1502 1286 1619 1319 usque
1647 1275 1689 1307 ad
1712 1275 1806 1307 diem
1836 1275 1996 1316 licentie,
2023 1282 2058 1308 et
2083 1276 2129 1308 ita

264 1338 394 1371 sactum
421 1345 488 1371 est.
516 1339 728 1384 Exemplum
756 1339 850 1372 enim
878 1340 962 1372 dedi
996 1340 1144 1373 decanis
1175 1341 1306 1373 suturis
1340 1348 1377 1373 ut
1406 1342 1708 1385 quemadmodum
1737 1354 1806 1386 ego
1832 1342 1913 1383 seci7
1940 1343 1987 1374 ita
2009 1343 2130 1375 consi—

264 1405 399 1438 militer
418 1406 560 1439 faciant.
591 1407 667 1448 Qua
697 1406 755 1439 die
777 1406 936 1448 liccntie,
964 1407 1111 1440 tradidi¹
1138 1408 1295 1440 rotulum
1323 1408 1484 1440 clausum
1516 1408 1632 1441 tribus
1661 1409 1807 1453 sigillis,
1838 1409 1978 1442 scilicet
2006 1410 2129 1455 sigillo

261 1473 478 1517 antiquioris
509 1473 683 1514 doctoris,
721 1473 844 1518 sigillo
880 1474 1077 1507 decanatus
1108 1487 1146 1506 ac
1178 1474 1301 1519 sigillo
1330 1475 1491 1519 junioris
1523 1476 1699 1517 doctoris,
1727 1476 1874 1508 domino
1911 1476 2127 1510 cancellario

263 1539 417 1572 ecclesie
438 1540 667 1581 Parisiensis,
691 1541 749 1573 cui
771 1541 845 1573 dixi
867 1541 1104 1574 effectualiter
1130 1553 1170 1574 ea
1192 1554 1262 1586 que
1288 1549 1462 1575 secuntur
1481 1554 1487 1574 t
1508 1557 1523 1573 «
1543 1543 1696 1575 Domine
1714 1543 1942 1584 cancellarie,
1961 1556 2028 1588 ego
2047 1556 2129 1589 pre-

262 1613 366 1639 sento
387 1607 491 1640 vobis
513 1614 719 1652 presentem
743 1607 900 1640 rotulum
923 1608 1039 1641 tribus
1063 1608 1198 1653 sigillis
1220 1609 1417 1653 SIgillatum
1443 1610 1479 1642 in
1501 1622 1572 1654 quo
1594 1610 1827 1643 continentur
1848 1611 1993 1644 nomina
2014 1611 2128 1644 liceu-

261 1673 464 1706 tiandorum
484 1674 683 1707 secundum
703 1674 866 1707 ordinem
886 1687 990 1719 quem
1014 1675 1165 1708 facultas
1187 1676 1380 1715 ordinavit,
1400 1683 1434 1709 et
1451 1677 1558 1709 istum
1578 1677 1735 1710 rotulum
1752 1677 1892 1710 habetis
1915 1678 2057 1711 tradere
2075 1679 2127 1711 sic

261 1740 458 1785 sigillatum
486 1753 616 1785 magno
642 1741 788 1774 bedello
815 1741 1007 1783 facultatis,
1036 1742 1237 1775 secundum
1269 1755 1372 1775 usum
1401 1750 1437 1776 et
1463 1744 1682 1777 laudabilem
1710 1745 2012 1778 consuetudinem
2041 1758 2127 1778 con-

260 1815 435 1841 servatam
450 1808 487 1840 in
501 1808 680 1841 facultate.
697 1823 712 1839 »
732 1810 820 1841 Item
839 1821 991 1854 magnus
1009 1809 1177 1842 bedellus
1194 1810 1373 1843 facultatis
1392 1818 1537 1855 recepto
1556 1811 1674 1844 rotulo
1692 1811 1800 1845 habet
1815 1824 1895 1845 eum
1915 1820 2125 1857 presentare

259 1875 455 1919 antiquiori
476 1875 617 1908 doctori
638 1876 754 1920 primo
776 1876 870 1915 loco,
894 1876 1057 1908 secundo
1080 1877 1231 1918 decano,
1255 1884 1290 1910 ct
1312 1878 1417 1910 tertio
1434 1878 1587 1922 juniori,
1611 1886 1648 1911 ut
1673 1879 1818 1912 videant
1840 1892 1883 1912 an
1911 1879 2051 1912 rotulus
2081 1880 2127 1912 sit

259 1942 392 1987 sigillis
414 1942 576 1987 ipsorum
598 1942 775 1987 legittime
797 1943 998 1987 sigillatus;
1018 1943 1151 1988 quibus
1172 1944 1275 1976 factis
1297 1944 1404 1977 habet
1424 1946 1608 1990 antiquior
1629 1946 1757 1979 doctor
1777 1947 1944 1991 apperire
1967 1947 2122 1979 rotulum

259 2021 298 2041 ac
320 2021 399 2041 eum
418 2009 560 2042 tradere
582 2022 713 2055 magno
735 2009 880 2042 bedello
897 2010 941 2042 ad
958 2010 1253 2055 proclamandum
1276 2011 1531 2045 licentiandos.

352 2077 436 2108 ltem
459 2076 518 2109 die
540 2076 679 2109 sabbati
697 2077 848 2122 septima
871 2077 1008 2122 Aprilis
1030 2078 1177 2110 fuerunt
1197 2078 1369 2111 licentiati
1386 2086 1421 2111 ct
1440 2080 1598 2124 adoptati
1620 2080 1726 2112 modo
1749 2081 1809 2124 qui
1832 2081 1997 2125 sequitur
2020 2093 2026 2113 :

347 2189 420 2221 Mag.
438 2189 505 2214 Milo
519 2189 555 2215 de
570 2189 669 2218 Yliers.
1122 2191 1176 2216 sub
1191 2191 1313 2217 domino
1330 2191 1431 2218 Livino
1447 2192 1591 2217 Ncuelinc.

366 2253 401 2256 -ἠ
438 2238 586 2264 Johannes
601 2239 761 2268 Chenetau,
1201 2254 1235 2257 ἦ
1326 2240 1392 2265 Joh.
1409 2240 1444 2266 de
1460 2240 1625 2266 Courccllis.

364 2303 399 2306 —
436 2288 582 2314 Johannes
596 2289 694 2317 Baille.
1202 2303 1236 2304 j
1326 2288 1392 2313 Joh.
1411 2288 1543 2314 Midouls.

364 2352 399 2355 —
436 2337 574 2363 Claudius
588 2337 623 2363 de
639 2338 760 2364 Castello
776 2346 862 2367 novo,
1206 2352 1235 2354 ›ss—
1328 2338 1471 2363 Ludovico
1490 2338 1581 2363 Bailli.

362 2401 398 2404 ψ
434 2386 581 2412 Johannes
596 2387 705 2415 Garini,
1200 2401 1235 2405 —
1325 2387 1448 2412 Martino
1463 2387 1498 2413 de
1515 2387 1648 2412 Frazinis.

363 2451 397 2453 -ψ
435 2436 536 2461 Petrus
551 2434 641 2465 Fieve,
1209 2451 1233 2453 —
1323 2436 1411 2462 Guill.
1428 2437 1463 2462 dc
1478 2436 1582 2469 Conty,
1599 2437 1664 2462 abb.
1683 2436 1709 2462 S.
1728 2437 1872 2463 Katcrine.

347 2484 422 2509 Frat.
439 2485 614 2517 chinaldus
630 2485 751 2514 Gourre.
1120 2487 1175 2512 sub
1202 2485 1280 2510 diclo
1324 2485 1359 2511 de
1372 2486 1538 2511 Courcellis.

345 2534 418 2566 Mag.
436 2534 578 2560 Robertus
593 2535 628 2560 de
643 2535 739 2561 Monte
755 2536 855 2565 Mileri,
1201 2550 1234 2552 ff*
1326 2534 1436 2560 Livino.

346 2583 420 2608 Frat.
437 2583 585 2609 ,Iohannes
600 2584 691 2613 Belin,
1199 2599 1233 2601 --—
1324 2584 1428 2617 Conty,
1450 2584 1561 2609 abbate.

347 2632 420 2665 Mag.
438 2632 561 2658 Jacohus
576 2633 684 2662 Guion,
1120 2635 1174 2660 sub
1188 2633 1310 2659 domiuo
1325 2634 1390 2659 Joh.
1406 2634 1441 2659 dc
1457 2633 1618 2666 Montigny.

364 2694 398 2697 »ξ
437 2679 546 2712 Symon
562 2680 729 2713 Chapstant,
1199 2698 1233 2701 —
1324 2683 1406 2709 Petro
1421 2683 1558 2715 Maugier,

362 2743 396 2747 —
433 2728 580 2754 Johannes
595 2729 636 2754 du
651 2729 828 2759 Chastcllier.
1119 2732 1174 2757 sub
1203 2731 1280 2757 dicto
1324 2732 1452 2757 Fresnez.

362 2791 397 2795 —--
436 2777 555 2803 Michacl
570 2778 605 2804 de
621 2778 740 2807 Alnetis,
1120 2780 1174 2805 sub
1188 2781 1310 2807 domino
1326 2782 1420 2814 priore
1435 2781 1471 2807 de
1486 2781 1571 2807 Mota,

348 2826 424 2853 Frat.
440 2826 565 2853 Jacobus
579 2828 615 2853 de
630 2828 835 2861 HesdignoeuL
1200 2845 1234 2847 ψ-
1325 2830 1459 2855 ,Iohanne
1475 2828 1609 2855 Suli'art2.

347 2875 420 2908 Mag.
438 2875 612 2902 Guillelmus
628 2877 754 2911 Brieusy,
1119 2880 1173 2905 sub
1199 2879 1301 2906 codem
1328 2880 1444 2905 Suil'art.

767 2926 822 2962 [ιω
