2502 3418
248 349 343 385 1411]
590 362 636 383 ΑΒ
670 361 774 383 ANNO
810 360 1095 382 MCCCLxxxxw
1129 360 1258 388 USQUE
1294 360 1341 380 AD
1376 359 1514 380 ANNUM
1551 359 1753 381 116666111.
2042 351 2102 382 221

335 437 422 463 Guill.
439 436 475 462 de
490 436 632 462 Gardinis.
1279 434 1401 460 Jacobus
1416 434 1547 466 Despars.

334 485 476 510 Rohertus
491 485 677 510 Charmolue.
1280 482 1373 507 Adam
1389 482 1506 507 Rohart.

336 534 437 559 Petrus
451 533 487 559 de
501 533 602 559 Trecis.
1281 531 1366 556 Basso
1382 531 1541 563 Dogghert.

334 582 422 608 Guill.
439 582 475 608 de
490 582 591 608 Busco.
1280 580 1432 605 Nicholaus
1448 579 1563 605 Barbot.

335 630 423 656 Guill.
441 631 524 656 Haro.
1602 627 1654 662 [27]

339 732 438 756 Comm.
454 734 502 755 fac.
520 732 599 761 med.,
614 732 632 759 I,
648 741 676 763 p.
694 732 746 754 162.
761 745 789 748 —
806 731 870 754 Nov.
887 732 909 760 8,
926 731 985 754 Joh.
1003 731 1034 753 de
1049 730 1117 753 Pisis
1133 730 1247 753 decanus
1263 730 1360 753 electus
1374 732 1421 752 nst.

251 933 391 971 1938.
420 943 595 968 Πηὲνενείἰαε
617 943 713 968 Paris.
734 942 858 968 Iohanni
880 943 980 967 XXIII
998 945 1100 967 narrat
1121 945 1204 976 gesta
1227 944 1326 967 contra
1347 944 1458 976 partem
1482 940 1563 965 dacis
1588 939 1809 965 Aurelianensis
1837 940 1955 974 ejusque
1978 939 2111 967 crimina:

335 992 384 1027 qui
398 992 659 1017 excommunicatus
675 995 718 1017 est
733 992 908 1017 auctoritate
925 990 1021 1017 bullae
1038 990 1146 1016 Urbani
1163 991 1189 1016 V.
1210 990 1384 1016 Universitas
1399 989 1545 1025 supplicat
1561 993 1592 1014 ut
1607 993 1664 1014 tres
1679 989 1862 1024 episcopatus
1876 988 1945 1014 aliis
1960 988 2072 1015 dentur.

1363 1080 1427 1108 1411,
1443 1079 1696 1107 Moremb.-Decemb.,
1712 1079 1826 1104 Parisiis.

335 1168 477 1208 [Vestre
494 1167 673 1200 sanctitati
693 1167 792 1207 s]atis
810 1179 993 1212 superque
1008 1167 1095 1200 satis
1111 1167 1194 1199 mali
1211 1167 1302 1199 fama
1319 1166 1574 1199 crebrescente
1595 1166 1765 1206 innotuit,
1784 1166 1900 1210 qualis
1922 1165 2111 1206 tumultus,

247 1240 377 1278 quanta
398 1233 569 1274 turbatio,
591 1245 660 1278 que
682 1234 829 1267 servitia
850 1233 918 1266 hoc
936 1235 1154 1266 Francorum
1174 1245 1326 1278 regnum
1351 1260 1521 1267 ............
1529 1246 1561 1265 111
1582 1233 1804 1273 invaserunt,
1824 1233 1958 1277 quique
1979 1232 2113 1264 fuerint

246 1300 364 1333 sintve
380 1300 488 1345 hujus
506 1300 700 1345 impietatis
717 1307 884 1333 auctores
902 1307 936 1333 et
952 1300 1142 1342 satellites,
1161 1312 1253 1344 quos
1270 1301 1353 1345 quia
1370 1300 1499 1333 timore
1518 1300 1583 1332 Dei
1606 1299 1811 1344 posthabito
1830 1299 1960 1343 templa
1977 1305 2011 1331 et.
2028 1303 2037 1339 [
2044 1325 2112 1332 .....

247 1393 463 1400 ...............
482 1367 659 1411 virgi]nes
681 1379 761 1399 cum
783 1367 903 1399 viduis
923 1367 1120 1407 violabant,
1143 1367 1318 1412 ipsosque
1339 1366 1518 1411 agricolas
1540 1366 1647 1398 bonis
1667 1366 1842 1410 spoliatos
1866 1365 2034 1398 omnibus
2055 1372 2115 1397 aut.

247 1433 427 1466 ducebant
447 1433 615 1466 atrociter
636 1433 798 1478 captivos
819 1440 878 1466 aut
896 1434 993 1466 ferro
1016 1433 1243 1466 trucidabant
1249 1459 1601 1466 ........................
1624 1432 1848 1465 hortationes
1869 1432 1988 1476 regias
2008 1438 2114 1476 atque

247 1499 525 1544 prohibitiones,
549 1500 720 1545 quinymo
738 1512 861 1545 regem
883 1500 1001 1545 ipsum
1020 1512 1124 1532 suum
1148 1507 1386 1545 nostrumque
1408 1500 1594 1532 domiuum
1616 1506 1649 1531 et
1671 1499 1849 1531 civitatem
1872 1498 2112 1530 parisiensem

245 1566 442 1607 obsidere[
448 1593 619 1600 ............
640 1567 808 1607 Proinde]
832 1579 925 1600 nona
947 1568 1084 1599 mensis
1101 1567 1335 1600 Novembris¹
1360 1567 1485 1599 ultimo
1508 1566 1670 1611 preteriti
1690 1566 1791 1610 ipsos
1812 1565 2115 1598 excommunicari

246 1645 284 1665 ac
311 1634 641 1666 excommunicatos
663 1633 875 1666 denunciari
898 1641 932 1666 et
952 1634 1122 1666 omnibus
1149 1635 1307 1678 privatos
1335 1633 1586 1678 dignantibus
1615 1639 1649 1665 et
1673 1632 1876 1665 honoribus
1902 1644 1984 1664 esse
2013 1644 2115 1676 prae-

246 1700 354 1744 cepit,
368 1701 480 1744 juxta]
499 1706 659 1732 tenorem
677 1699 776 1732 bulle
794 1707 916 1733 sancte
934 1701 1197 1733 recordationis
1215 1701 1351 1733 Urbani
1373 1713 1463 1745 pape
1481 1700 1611 1745 quinti,
1630 1700 1672 1732 ad
1690 1700 1741 1732 rei
1759 1699 1967 1731 memoriam
1986 1711 2114 1743 perpe-

248 1773 341 1798 tuam
364 1773 398 1799 et
418 1766 570 1799 salutem
592 1767 697 1811 regni
721 1767 870 1799 Francie
892 1774 1015 1800 contra
1037 1768 1230 1800 societates
1250 1767 1449 1812 armigeras
1470 1767 1588 1811 ipsum
1609 1773 1791 1799 vastantes
1813 1765 1960 1806 [dudum
1983 1765 2112 1806 edite²,

247 1832 323 1865 sive
345 1832 398 1864 illi
419 1833 492 1865 sint
512 1833 636 1873 duces]
658 1840 717 1865 aut
741 1833 878 1866 domini
899 1840 959 1866 aut
978 1834 1212 1878 magistratus
1233 1841 1293 1866 aut
1315 1845 1542 1878 quecumque
1564 1833 1616 1865 rei
1638 1833 1782 1877 publice
1804 1832 1919 1865 officia
1942 1832 1978 1864 in
2001 1844 2114 1876 regno

247 1905 461 1943 potestatem
482 1899 616 1932 habent
637 1912 654 1932 a
676 1912 775 1944 rege.
816 1900 889 1932 )uis
911 1912 983 1933 non
1004 1900 1124 1933 videat
1145 1901 1235 1933 istos
1258 1900 1423 1933 homines
1445 1900 1598 1933 invicem
1623 1900 1832 1943 conjuratos
1853 1923 2113 1932 ..................

245 1977 324 1998 611111
352 1977 418 1998 1166
444 1966 569 2007 duces,
598 1978 664 1999 nec
695 1967 861 2008 comites,
889 1973 949 1999 aut
976 1967 1035 1999 alii
1064 1967 1284 2011 quicumque
1311 1973 1434 2000 contra
1461 1967 1559 2011 regis
1589 1966 1807 2006 mandatum,
1834 1978 1915 2010 ymo
1944 1977 2009 1998 nec
2036 1966 2114 1998 sine

245 2032 362 2077 ipsius
383 2032 550 2065 mandato
574 2033 718 2077 possint
742 2045 837 2065 arma
860 2036 1028 2066 movere?
1049 2034 1208 2078 Ideoque
1231 2040 1264 2066 et
1284 2033 1340 2066 his
1362 2033 1564 2066 sceleribus
1589 2057 1835 2066 .................
1858 2039 1996 2065 umerat
2015 2032 2114 2064 illius

246 2105 441 2131 memorate
463 2098 561 2131 bulle
583 2100 799 2132 sententiam
821 2100 905 2132 illos
927 2100 1128 2145 iniquitatis
1151 2101 1263 2133 duces
1285 2112 1364 2133 cum
1388 2100 1465 2133 suis
1491 2099 1615 2132 subire
1641 2099 1893 2144 complicibus.
1919 2099 1986 2132 Cui
2009 2099 2113 2131 etiam

248 2165 326 2210 ipse
353 2177 474 2198 rerum
496 2173 648 2199 eventus
669 2166 804 2199 allusit.
823 2168 959 2212 Nempe
982 2167 1104 2200 eadem
1128 2167 1227 2208 [hora
1247 2167 1284 2199 in
1305 2168 1406 2212 ipsos
1428 2166 1850 2206 excommunica]tionem
1873 2165 2026 2198 ecclesia
2047 2165 2115 2197 sul-

246 2231 426 2273 minavit⁸,
444 2244 523 2264 cum
547 2232 716 2266 dominus
738 2233 810 2266 dux
836 2234 1049 2279 Burgundie
1071 2234 1357 2275 illustrissimus,
1381 2246 1459 2266 611111
1483 2246 1599 2278 eoque
1621 2233 1723 2265 multi
1745 2233 1843 2277 regis
1866 2232 1994 2264 fideles
2015 2244 2033 2264 e
2055 2233 2113 2264 Pa-

247 2298 357 2330 risius
380 2299 579 2332 exivissent
599 2300 693 2344 apud
715 2300 882 2333 Sanctum
908 2301 1148 2334 Clodoaldum
1175 2301 1248 2342 [ubi
1255 2327 1394 2333 ..........
1418 2301 1698 2341 m]ultitudinem
1722 2306 1755 2332 et
1781 2299 1888 2332 armis
1911 2298 2112 2343 nephandis

246 2365 455 2398 acerrimam
483 2366 621 2407 stravit,
644 2368 825 2411 percussit
847 2374 952 2412 atque
979 2368 1241 2401 exterminavit.
1266 2370 1317 2400 Ex
1342 2368 1404 2401 illo
1426 2380 1511 2401 vero
1535 2374 1696 2411 tempore
1718 2367 1831 2398 ssucre
1852 2378 1891 2398 ac
1915 2365 2112 2409 retrolapsa

247 2431 374 2463 referri
395 2432 491 2476 cepit
511 2443 596 2477 spes
618 2436 627 2473 [
632 2459 829 2466 ..............
834 2438 843 2474 ]
861 2441 957 2467 sunt.
980 2435 1103 2468 Pavidi
1121 2435 1240 2479 itaque
1262 2441 1296 2467 et
1317 2435 1420 2479 quasi
1437 2434 1592 2466 exanimi
1615 2440 1793 2465 nocturno
1816 2439 1977 2476 tempore
1994 2443 2113 2476 quam-

247 2498 403 2542 primum
424 2498 508 2531 hinc
530 2505 636 2543 atque
657 2499 740 2532 hinc
761 2501 992 2545 aufugerunt.
1017 2503 1060 2534 Et
1081 2513 1293 2546 quamquam
1317 2513 1399 2534 sese
1420 2501 1549 2533 iterum
1578 2500 1620 2532 ad
1648 2498 1865 2544 explendum
1887 2502 1896 2539 [
1902 2524 2111 2530 ...............

248 2590 342 2597 .......
347 2567 430 2605 ]tur,
458 2565 697 2609 perdiderunt
726 2573 844 2599 tamen
874 2567 1040 2600 ducatum
1061 2568 1211 2608 Valesii,
1236 2580 1378 2600 necnon
1406 2567 1596 2600 comitatus
1623 2566 1840 2606 Pictavens.,
1874 2565 2110 2609 Stamparum,

246 2631 439 2671 Virtutum,
460 2631 672 2673 Bolonens.,
695 2632 1000 2675 Claromontens.,
1027 2635 1179 2675 Foresii,
1203 2635 1390 2667 Suession.
1414 2638 1423 2674 [
1429 2659 1669 2667 .................
1674 2636 1683 2672 ]
1706 2631 1931 2664 Bellomonte
1952 2643 1991 2663 ac
2012 2630 2112 2663 baro-

246 2697 336 2738 nias,
361 2704 477 2730 castra
503 2704 538 2730 et
559 2698 717 2731 dominia
739 2699 783 2731 de
807 2700 1018 2742 Coussiaco,
1042 2701 1086 2733 de
1112 2701 1297 2742 Dordano,
1321 2701 1365 2733 de
1387 2701 1480 2741 Bris,
1504 2700 1547 2732 de
1571 2699 1769 2743 Bellojoeo,
1793 2698 1933 2742 aliaque
1959 2697 2111 2742 plurima

245 2770 361 2796 castra
378 2776 447 2808 que
465 2776 685 2809 magnopere
707 2777 920 2810 percurrere
938 2770 947 2807 [
953 2793 1192 2799 .................
1199 2771 1207 2807 ]
1228 2767 1330 2811 ipsos
1351 2767 1458 2799 citius
1475 2772 1618 2811 sperato
1636 2777 1783 2798 suorum
1806 2764 2004 2797 facinorum
2026 2776 2112 2808 sup-

247 2829 352 2875 plicia
373 2830 487 2863 luere.

335 2898 381 2930 At
399 2909 499 2939 vero,
523 2898 620 2942 quod
647 2898 813 2932 dolentes
834 2911 872 2932 ac
900 2900 1003 2932 etiam
1025 2900 1217 2933 horrentes
1243 2900 1448 2940 referimus,
1477 2911 1548 2932 non
1570 2898 1763 2931 defuerunt
1784 2898 1850 2931 viri
1873 2897 2111 2931 ecclesiastici
