2502 3418
291 344 387 380 1423]
635 358 682 378 AB
716 358 821 379 ΑΝΝο
855 357 1142 379 Mcccrxxxxw
1175 358 1306 386 USQUE
1342 360 1390 380 AD
1424 359 1561 380 ANNUM
1597 359 1801 380 mccccmi.
2084 349 2147 379 421

380 430 449 454 Bibl.
462 434 516 454 nat.
532 431 627 458 Paris„
643 439 692 454 πιε-
708 432 754 456 lat.
769 432 829 455 5494
844 431 909 459 (Lib.
922 431 1019 458 bedelli
1033 433 1081 455 fac.
1098 431 1199 463 theol.)‚
1214 440 1240 463 p.
1257 433 1295 455 26.
1307 446 1334 450 -
1347 434 1419 456 Anno
1436 432 1566 463 sequenti,
1580 432 1656 455 Febr.
1671 432 1708 457 10.
1724 432 1839 454 Jacobus
1854 431 2016 462 Raquenelli,
2031 431 2149 454 notarius

288 475 458 506 apostolicus,
472 484 521 507 pro
537 475 721 505 instrumento,
734 476 842 499 minutis
858 479 883 498 et.
897 476 1034 499 laboribus
1050 485 1097 507 per
1112 476 1199 508 ipsum
1216 477 1291 500 sactis
1308 485 1387 508 super
1406 478 1474 500 sacto
1492 477 1721 505 licentiandorum,
1738 476 1836 507 recepit
1850 477 1878 499 16
1897 477 1945 499 sol.
1960 476 2044 505 (ibid.‚
2060 485 2087 507 p.
2100 477 2150 505 27).

379 558 402 583 1.
418 559 578 590 Reginuldus
594 560 625 583 de
642 560 767 583 Fontanis
789 568 857 582 anno
877 560 978 590 eodem,
993 561 1052 583 Jan.
1067 562 1090 589 8,
1111 560 1136 583 in
1159 561 1312 592 episcopum
1330 561 1511 584 Suessionens.
1531 562 1627 584 electus
1648 564 1688 584 est
1702 561 1787 590 (Arch.
1805 561 1873 590 vat„
1889 561 1944 589 XII,
1966 561 2019 589 121,
2035 569 2061 591 p.
2085 560 2148 589 157).

286 604 383 626 Iterum
398 604 485 627 bullas
501 604 661 635 apostolicas
675 604 775 635 recepit
787 612 845 627 cum
862 605 987 627 facultate
1002 604 1122 628 licentias
1136 605 1226 629 dandi.
1240 606 1280 629 Cf.
1295 608 1426 633 Auctar.‚
1442 607 1473 633 ll,
1489 614 1516 636 p.
1531 606 1584 635 289,
1599 609 1652 629 not.
1668 606 1718 628 Per
1733 605 1939 634 commissarios,
1959 604 2090 636 principio
2103 613 2151 635 per

285 648 432 671 Johunnem
453 649 646 680 Pulchripatris
667 652 693 672 et
714 649 820 672 Petrum
840 649 871 672 de
891 649 1024 680 Dierreyo,
1049 649 1167 673 officium
1187 651 1332 680 exercebat,
1349 651 1380 673 de
1397 659 1448 682 quo
1470 650 1571 681 pluries
1594 650 1620 673 in
1640 652 1758 674 Auctar.
1773 650 1796 672 II
1813 653 1837 672 et
1857 649 1934 673 infra.
1958 663 1988 666 -
2003 649 2027 674 2.
2045 649 2151 680 Recepit

286 692 405 716 hedenus
421 693 557 717 Vucheret.

286 821 380 857 222
390 821 411 857 1
422 850 429 858 .
454 830 590 856 Facultas
605 830 765 856 medicinae
780 830 962 865 decanatum,
976 832 1176 857 recusantibus
1193 836 1316 867 quatuor
1328 832 1452 868 primum
1466 832 1573 866 electis,
1589 832 1712 857 Johanm·
1731 831 1837 856 Warini
1850 832 1967 864 confert.

1486 921 1560 949 7423,
1577 920 1690 946 Moremb.
1708 920 1732 949 ⁶,
1749 919 1862 945 Parisiis.

371 1006 438 1038 Die
459 1005 598 1039 sabbati
625 1007 687 1050 vjta
715 1006 852 1039 mensis
883 1007 1099 1040 Novembris
1127 1014 1348 1052 congregata
1378 1008 1445 1040 fuit
1474 1008 1624 1040 facultas
1655 1008 1879 1040 medicorum
1911 1006 2023 1039 Paris.
2055 1006 2149 1050 apud

285 1073 453 1106 Sanctum
475 1073 708 1110 Maturinum,
733 1080 770 1106 ut
796 1074 909 1106 moris
930 1081 997 1115 est,
1026 1086 1090 1118 per
1110 1074 1329 1107 bidellum...
1360 1075 1551 1107 Secundus
1576 1075 1750 1108 articulus
1776 1075 1844 1107 suit
1869 1074 1913 1106 ad
1939 1073 2147 1118 eligendum

283 1151 416 1173 novum
434 1140 609 1173 decanum
627 1140 735 1173 alium
752 1152 770 1173 a
792 1147 977 1185 presente,
995 1148 1144 1186 propter
1160 1153 1287 1174 causas
1300 1143 1431 1186 justas7
1454 1142 1690 1174 rationabiles
1707 1149 1742 1174 et
1758 1141 1939 1186 legitimas
1957 1152 2047 1185 quas
2067 1139 2149 1172 alle—

283 1207 380 1252 gavit
400 1207 572 1249 decanus,
591 1219 630 1240 se
652 1207 821 1240 decetero
844 1220 917 1240 non
932 1215 1142 1241 vacaturum
1163 1209 1200 1241 in
1222 1209 1387 1254 negociis
1407 1209 1587 1242 facultatis
1608 1208 1854 1242 currentibus.
1879 1210 1922 1240 Et
1942 1207 2061 1252 quoad
2081 1207 2149 1239 hoc

282 1273 355 1306 dati
375 1281 461 1307 sunt
481 1274 677 1307 intrantes¹
701 1275 763 1319 qui
784 1274 978 1320 elegerunt
998 1276 1212 1320 magistrum
1234 1277 1437 1309 Droconeln
1460 1277 1594 1309 Decani
1616 1276 1652 1308 in
1674 1276 1863 1317 decanum,
1886 1275 1944 1320 qui
1968 1274 2150 1307 recusavit

282 1340 452 1383 officium,
471 1348 506 1374 et
525 1341 606 1374 loeo
624 1342 703 1386 ejus
720 1342 912 1387 elegerunt
931 1343 1146 1387 magistrum
1169 1343 1363 1376 Henricuin
1382 1343 1526 1388 Doigny
1542 1344 1603 1388 qui
1625 1343 1793 1376 similiter
1809 1342 2001 1375 recusavit.
2019 1341 2147 1374 Tercio

282 1407 475 1453 elegerunt
495 1409 709 1454 magistrum
730 1410 875 1442 Petrum
893 1410 1140 1455 Cardonnelly
1156 1410 1218 1454 qui
1240 1411 1432 1451 recusavit,
1452 1411 1584 1443 deinde
1606 1410 1799 1455 elegerunt
1817 1409 2031 1454 magistrum
2049 1408 2148 1441 Guil-

280 1474 433 1508 lermurn
455 1476 621 1521 Dyonisii
643 1476 704 1521 qui
725 1477 921 1518 recusavit,
941 1477 1105 1522 allegans
1127 1478 1224 1522 quod
1245 1490 1398 1522 paucum
1415 1478 1589 1522 temporis
1612 1484 1687 1510 erat
1707 1477 1847 1522 lapsum
1870 1488 1941 1521 quo
1962 1482 2149 1520 receperat

281 1542 415 1575 dictum
433 1543 604 1585 officium,
622 1550 657 1576 et
676 1543 760 1576 ideo
778 1544 937 1577 decanus
953 1544 1084 1578 videns
1105 1544 1169 1577 has
1186 1545 1437 1578 recusationes
1459 1545 1658 1578 nominavit
1678 1557 1797 1577 coram
1813 1544 1980 1576 facultate
1997 1543 2148 1576 alterum

280 1609 433 1642 duorum
463 1622 470 1643 :
499 1617 560 1643 aut
586 1611 799 1656 magistrum
827 1611 1027 1645 Johannem
1050 1611 1171 1645 Colini
1191 1618 1252 1645 aut
1278 1612 1491 1657 magistrum
1519 1612 1719 1645 Johannein
1742 1611 1900 1647 XNarini.
1924 1612 1966 1643 Et
1987 1610 2147 1655 quinque

279 1677 444 1722 magistri
466 1684 636 1723 regentes
653 1690 733 1710 cuin
751 1678 888 1711 decano
905 1685 1075 1723 presente
1093 1679 1286 1724 elegerunt
1305 1686 1340 1712 et
1360 1680 1640 1712 nominaverunt
1660 1680 1696 1711 in
1714 1679 1889 1711 decanum
1907 1690 2000 1723 mag.
2019 1677 2149 1710 Johan-

280 1756 361 1777 nem
378 1745 523 1780 Warini
544 1745 605 1790 qui
626 1752 796 1790 receptus
817 1753 873 1778 est
893 1746 1053 1779 decanus
1074 1746 1255 1779 facultatis
1275 1746 1338 1779 illo
1361 1747 1431 1788 die⁷
1451 1747 1614 1791 quamvis
1636 1753 1710 1779 tres
1731 1746 1791 1779 alii
1812 1746 2002 1778 dedissent
2021 1756 2146 1777 vocem

280 1822 381 1844 suam
402 1812 576 1857 magistro
598 1813 767 1846 Eustaeio
789 1813 946 1854 Calculi3
970 1826 988 1846 a
1009 1814 1136 1858 majori
1163 1820 1281 1846 tamen
1307 1820 1342 1846 et
1371 1814 1507 1846 saniori
1535 1820 1634 1859 parte
1656 1814 1910 1858 magistrorum
1941 1812 2145 1857 regentium

278 1885 448 1923 receptus
470 1886 526 1912 est
545 1879 663 1913 dietus
691 1880 864 1925 magister
888 1880 968 1914 Joh.
993 1881 1137 1916 Warini
1165 1881 1324 1914 decanus
1346 1881 1538 1922 facultatis,
1566 1888 1602 1914 et
1629 1881 1799 1925 antiquus
1821 1880 1979 1913 decanus
2002 1879 2148 1912 tradidit

278 1944 378 1978 illico
406 1946 522 1979 eidem
553 1946 684 1979 librum
717 1954 932 1980 statutorum
960 1948 1140 1980 facultatis
1171 1954 1206 1980 et
1231 1948 1393 1993 sigillum
1423 1949 1618 1981 decanatus
1648 1954 1861 1993 argenteum
1890 1959 1970 1980 cuin
1996 1946 2145 1979 cathena

278 2020 463 2058 argentea,
492 2014 644 2059 prestito
672 2015 840 2059 primitus
870 2027 935 2060 per
960 2027 1095 2049 novum
1123 2015 1299 2048 decanum
1328 2015 1436 2049 solito
1465 2028 1586 2049 coram
1613 2015 1780 2048 facultate
1809 2016 2016 2059 juramento
2044 2015 2145 2058 juxta

279 2086 441 2113 tenorem
463 2087 678 2114 statutorum
700 2082 794 2115 dicte
815 2082 1009 2116 facultatis.

372 2178 517 2202 Comment.
535 2180 585 2203 sac.
606 2180 684 2208 med.,
707 2181 727 2209 1,
746 2189 773 2211 p.
797 2181 850 2203 262.
866 2195 897 2198 -
918 2182 1016 2204 Electio
1037 2181 1063 2204 in
1083 2182 1174 2205 eadem
1189 2182 1394 2214 congregatione
1416 2183 1484 2205 sacta
1500 2182 1595 2205 iterum
1612 2185 1735 2204 narratur
1750 2190 1764 2204 a
1786 2182 1884 2204 decano
1900 2181 1922 2203 J,
1943 2179 2038 2203 Warini
2062 2179 2144 2210 (ibim,

278 2231 306 2254 p.
321 2223 385 2252 264),
402 2224 447 2246 sed
461 2223 550 2247 multis
564 2225 769 2255 praetermissis.
786 2226 845 2257 Ipse
861 2226 898 2249 nit
914 2234 949 2254 se,
965 2230 1103 2250 recusante
1116 2227 1242 2255 Drocone,
1259 2228 1368 2250 electum
1386 2228 1513 2250 decanum
1530 2227 1621 2250 fuisse.

371 2308 395 2332 1.
412 2309 430 2332 Ε
445 2309 531 2332 tribus
547 2310 707 2339 nationibus,
722 2319 734 2334 «
748 2311 809 2342 quia
825 2311 896 2334 natio
912 2312 1062 2335 Alemaniae
1076 2315 1138 2335 tunc
1151 2312 1289 2336 deficiebat
1302 2321 1313 2335 η
1331 2314 1367 2344 (p.
1384 2313 1447 2342 2011).

282 2477 425 2514 2222.
450 2487 585 2521 fflagistri
606 2497 733 2522 regentes
753 2489 906 2523 facultatis
927 2491 1086 2517 medicinae
1115 2502 1161 2518 αη.
1187 2494 1352 2519 1423-1424.
1379 2491 1486 2526 [Iidem
1510 2495 1539 2516 nt
1560 2499 1605 2516 (ιη.
1637 2491 1714 2519 1422,
1740 2489 1867 2524 exceptis
1892 2489 1957 2514 Joh.
1984 2489 2144 2521 Tanquart,

369 2537 481 2563 Thoma
496 2537 642 2567 Vanevelt‚
659 2538 724 2565 Joh.
739 2539 879 2566 Helicant.
897 2539 1051 2567 Adduntar
1063 2542 1206 2568 Robertus
1222 2542 1361 2570 Poitevin,
1378 2542 1496 2575 Egidius
1511 2540 1639 2566 Caniveti
1649 2539 1678 2574 ¹.)
1880 2537 1931 2573 [17]

1484 2631 1559 2659 7423,
1575 2628 1688 2655 Noremb.
1705 2629 1728 2657 9,
1745 2628 1857 2653 Parisiis.

373 2661 578 2685 Commen1.sac.
596 2662 675 2691 med.y
690 2663 710 2692 I,
723 2672 749 2694 p.
764 2664 817 2686 2011.

373 2746 397 2770 1.
412 2747 471 2770 Joh.
484 2747 568 2770 Colini
584 2756 634 2771 non
650 2751 733 2771 totum
749 2757 844 2772 annun]
862 2750 936 2778 rexit,
950 2759 1033 2782 neque
1049 2751 1218 2782 sequentibus
1233 2751 1307 2773 annis
1324 2751 1391 2773 inter
1407 2752 1526 2780 regentes
1540 2751 1684 2779 comparet.
1696 2747 1818 2778 Legimus
1831 2747 1856 2769 in
1872 2746 1948 2771 Arch.
1962 2749 2026 2778 nat„
2038 2746 2145 2771 LL.11‘2‚

281 2798 307 2821 p.
321 2791 366 2813 434
382 2799 387 2813 ·.
406 2800 418 2814 «
434 2792 504 2815 Lune
521 2793 533 2815 7
549 2793 624 2816 Febr.
638 2793 720 2824 [1424]
735 2794 807 2816 locus
824 2794 965 2817 bursarum
981 2795 1092 2826 Collegii
1110 2796 1189 2818 xvlll
1206 2795 1348 2818 scolarium
1364 2803 1440 2826 quein
1459 2794 1542 2817 tenuit
1557 2802 1626 2824 mag.
1645 2793 1703 2816 Joh.
1719 2792 1812 2820 Colini,
1830 2800 1901 2822 mag.
1918 2791 1944 2814 in
1958 2794 2008 2814 art.
2025 2794 2049 2814 et
2065 2791 2146 2813 inedi-

282 2834 348 2863 cina,
363 2844 459 2859 vacans
474 2845 504 2860 ex
517 2845 546 2860 eo
567 2838 635 2868 quod
651 2838 708 2868 ipse
730 2838 779 2861 suit
793 2839 863 2869 apud
880 2840 971 2862 Dolum
987 2840 1013 2862 in
1029 2840 1154 2863 comitatu
1172 2840 1351 2871 Burgundine,
1368 2841 1485 2862 facturus
1502 2839 1599 2861 ibidem
1615 2837 1785 2860 residentiam
1804 2836 1830 2859 in
1848 2836 1935 2859 studio
1958 2836 2027 2867 quod
2048 2835 2145 2858 ibidem

282 2880 384 2904 noviter
397 2882 522 2913 proponit
538 2883 622 2905 facere
638 2883 759 2906 dominus
775 2883 827 2906 dux
842 2884 994 2915 Burgundio
1055 2886 1131 2908 datus
1148 2888 1187 2908 est
1201 2885 1308 2908 Nicolao
1326 2884 1480 2916 Suydebreil
1496 2883 1591 2906 elerico
1607 2882 1812 2913 corisopitensis
1827 2881 1894 2904 dioc.
1911 2881 1971 2904 hine
1986 2881 2018 2904 ad
2034 2880 2143 2910 Pascha,

283 2927 308 2947 et
323 2924 346 2948 si
361 2933 411 2949 non
427 2926 527 2950 venerit
542 2927 598 2958 ipse
614 2927 707 2957 Colini,
720 2928 796 2951 datus
811 2931 850 2952 est
865 2929 970 2952 omnino
986 2929 1054 2953 dicto
1068 2930 1174 2953 Nicolao
1187 2938 1208 2953 ».
1226 2930 1264 2953 Cf.
1281 2930 1435 2957 ΡιΛΝυιιι-ιι,
1450 2928 1572 2953 Histoire
1587 2929 1618 2952 de
1635 2928 1815 2958 Bourqogme,
1832 2927 1874 2956 lv,
1890 2935 1917 2958 p.
1931 2927 1969 2950 72.
1986 2925 2062 2949 Bulla
2078 2926 2146 2948 Mar-
