2502 3418
293 311 389 348 1437]
639 325 685 345 ΑΒ
719 325 825 346 ANNO
859 323 1146 346 mcchxxxxw
1182 324 1313 352 USQUE
1349 324 1396 345 An
1430 325 1568 346 ANNUM
1604 326 1808 348 mccchu.
2091 319 2154 351 601

291 397 456 431 Concilio
473 397 683 439 Basiliensi,
705 410 750 430 ne
767 398 848 442 quis
869 397 987 442 possit
1000 397 1128 430 amodo
1151 397 1317 430 obtinere
1334 398 1583 431 cancellariam
1600 399 1755 433 ecclesie
1773 401 2004 444 Parisiensis,
2021 403 2091 435 nisi
2109 403 2155 436 sit

292 465 464 510 magister
486 465 523 497 in
545 465 742 510 theologia,
765 477 936 497 sommam
959 465 993 497 ix
1009 464 1072 496 lib.
1096 465 1142 508 xij
1166 464 1232 496 sol.

379 534 480 573 Item,
504 544 595 577 pane
617 538 652 564 et
671 531 769 573 vino,
793 531 937 576 quando
968 531 1106 564 domini
1135 531 1295 576 deputati
1319 531 1498 565 facultatis
1533 533 1681 566 fuerunt
1711 535 1923 579 congregati
1955 536 1989 568 in
2015 548 2154 569 camera

290 599 428 632 domini
451 599 577 632 decani
595 610 707 644 super
727 599 970 644 responsione
991 598 1187 631 bachalarii
1209 599 1253 631 de
1270 598 1377 631 domo
1399 599 1580 632 Minorum
1604 612 1668 645 pro
1691 602 1908 646 temptativa‚
1935 602 2026 647 xvij⁸²
2050 603 2153 636 Octo-

287 666 378 708 bris,
400 667 437 711 iij
460 666 527 699 sol.

382 763 449 787 Bibl.
468 766 522 787 nat.
539 763 634 792 Paris„
654 771 704 786 ms.
718 763 765 787 lat.
782 763 850 793 5494,
868 772 894 795 p.
911 764 965 787 199.
981 777 1011 781 —-
1027 764 1066 787 Cf.
1082 763 1161 787 ctiam
1178 765 1351 793 IIEMERAEUS,
1368 765 1408 789 De
1423 766 1566 791 academia
1580 766 1684 797 Paris.,
1700 775 1726 798 p.
1740 768 1779 790 87.

288 958 432 996 2513.
459 967 595 1002 Magistri
609 971 739 1002 regentes
754 967 907 1002 facultatis
923 968 1083 995 medicinae
1108 978 1156 995 an.
1174 970 1300 996 1437-38.

1386 1059 1459 1088 1437,
1473 1059 1611 1085 Novembre
1625 1060 1735 1089 ineunte,
1751 1061 1865 1086 Parisiis.

377 1145 586 1189 Sequuntur
621 1145 766 1177 nomina
806 1157 931 1177 eorum
972 1146 1033 1190 qui
1061 1157 1146 1178 suas
1176 1145 1354 1179 lectiones
1389 1147 1516 1179 eodem
1553 1160 1646 1179 anno
1683 1148 1900 1193 inceperunt
1934 1155 1969 1181 et
2006 1149 2154 1182 suerunt

285 1218 456 1257 regentes
475 1223 482 1244 1

372 1312 445 1345 Mag.
463 1312 565 1338 Petrus
581 1311 794 1338 Cardonnelli‘.
1320 1313 1393 1346 Mag.
1409 1313 1628 1346 Inguerrandus
1643 1314 1678 1340 de
1693 1314 1818 1341 Parenti.

389 1377 425 1379 —
462 1361 602 1387 Henricus
617 1362 754 1387 Thihout.
1337 1376 1372 1381 —-
1409 1362 1584 1388 Guillelmus
1598 1363 1634 1389 de
1649 1363 1740 1397 Algia.

391 1426 424 1429 —
461 1410 605 1436 Robertus
620 1410 759 1436 Poitevin.
1337 1427 1371 1429 —
1410 1412 1510 1437 Petrus
1526 1412 1689 1438 Columbi2.

390 1474 424 1478 ——
464 1460 565 1486 Petrus
579 1460 614 1485 de
629 1460 734 1493 Cliacy.
1336 1477 1370 1479 —
1409 1461 1585 1487 Guillelmus
1600 1462 1636 1488 de
1651 1463 1801 1496 Longolio.

390 1524 425 1527 —-
463 1509 612 1535 Rolandus
628 1509 789 1542 Scriptoris.
1864 1512 1900 1547 [9]

378 1598 521 1623 Comment.
536 1600 584 1622 suc.
602 1599 680 1626 med.y
698 1599 730 1623 11.
746 1607 773 1629 p.
786 1599 824 1621 16.
839 1613 867 1615 —
880 1598 945 1621 Nov.
960 1599 982 1627 2,
997 1599 1110 1621 decanus
1125 1599 1223 1622 electus
1237 1602 1276 1622 cst
1291 1598 1448 1623 Guillelmus
1462 1598 1492 1621 do
1506 1599 1591 1630 Algia.

377 1683 400 1708 1.
419 1684 547 1707 Ultimum
564 1684 631 1707 inter
647 1687 768 1714 regentes
787 1683 919 1707 inseritur.
937 1684 972 1706 Eo
989 1683 1110 1706 defuncto
1126 1683 1303 1707 inventarium
1319 1685 1447 1707 bonorum
1461 1685 1516 1716 ejus
1530 1686 1627 1707 sactum
1642 1688 1682 1707 cst
1695 1693 1737 1708 an.
1754 1685 1822 1713 1438,
1843 1685 1976 1708 Decembr.
1994 1686 2032 1714 13,
2052 1686 2083 1709 de
2099 1694 2150 1717 quo

282 1728 336 1752 vid.
350 1729 487 1757 CuEREAU,
503 1729 545 1752 La
562 1730 747 1759 bibliotheque
762 1728 830 1752 (t’un
845 1729 968 1752 me'decz'n
985 1728 1100 1752 aqu'c
1113 1728 1191 1752 siecle
1208 1728 1241 1758 (in
1259 1729 1335 1753 Bull.
1353 1731 1391 1753 (lu
1408 1729 1570 1759 bibliophile,
1590 1730 1658 1758 1863,
1676 1739 1703 1760 p.
1718 1731 1838 1759 224-243).
1854 1744 1884 1747 —
1899 1730 1923 1754 2.
1944 1731 1998 1753 Non
2011 1731 2066 1761 jam
2083 1731 2150 1754 inter

282 1776 402 1804 regentes
418 1773 607 1797 nominabitur.
623 1774 745 1804 Legimus
762 1774 794 1796 ad
806 1782 848 1796 an.
863 1773 940 1796 1438:
955 1783 967 1794 tt
981 1773 1031 1796 Pro
1043 1773 1155 1795 servicio
1171 1773 1291 1804 magistri
1308 1774 1376 1797 Petri
1394 1774 1513 1797 Columbi
1526 1775 1594 1797 sacto
1606 1775 1630 1797 in
1644 1774 1768 1798 facultate
1783 1778 1834 1798 tam
1846 1783 1894 1806 pro
1907 1775 1988 1798 missa
2003 1779 2028 1799 et
2039 1776 2148 1807 vigilliis

282 1826 360 1850 quam
376 1818 455 1841 etiam
469 1827 518 1849 pro
534 1818 767 1842 distributionibus
782 1826 851 1850 mag.
868 1817 1035 1849 presencium
1050 1821 1075 1841 et
1089 1817 1169 1841 etiam
1184 1818 1352 1846 bidellorum,
1369 1819 1440 1850 xxiiij
1455 1819 1503 1842 sol.
1518 1827 1576 1850 par.
1591 1829 1604 1840 υ
1620 1819 1774 1849 (Commeat.
1792 1821 1841 1843 suc.
1860 1820 1938 1850 med„
1956 1821 1988 1850 11,
2004 1829 2030 1852 p.
2048 1822 2097 1851 25).

282 1998 426 2035 2514.
453 2007 571 2033 Carolus
596 2009 648 2034 VII
659 2008 822 2034 Novembris
839 2010 872 2035 12
892 2009 1033 2034 civitatem
1052 2009 1147 2035 Paris.
1166 2009 1312 2043 ingressus
1328 2013 1378 2041 cst,
1396 2010 1478 2045 cique
1494 2014 1593 2043 rector,
1613 2010 1743 2036 doctores
1759 2014 1784 2036 ct
1801 2012 1933 2045 magistri
1950 2012 2148 2038 [salver-sitatis

370 2066 431 2082 cam
445 2057 514 2083 aliis
530 2067 620 2093 usque
635 2058 675 2083 ad
693 2058 839 2094 Capellam
858 2060 885 2084 S.
903 2058 1033 2094 Dionysii
1046 2058 1155 2084 obviam
1172 2059 1290 2085 iverant.
1308 2060 1380 2085 Ante
1394 2059 1509 2095 por-talc
1525 2061 1649 2085 Nostrae
1664 2060 1802 2086 Dominae
1823 2061 1998 2087 Uulversitas
2013 2071 2028 2088 (ς
2046 2062 2148 2088 devant

369 2106 411 2132 lui
424 2115 551 2142 proposa
567 2116 600 2132 en
619 2107 732 2141 brief».

1442 2145 1519 2175 7437,
1534 2145 1680 2171 novembris
1694 2147 1732 2176 12,
1748 2146 1862 2173 Parisiis.

376 2231 478 2255 Chron.
494 2232 527 2255 dc
542 2231 712 2259 Monstrelec.
730 2232 758 2260 V,
776 2240 803 2263 p.
820 2233 874 2255 304.
891 2232 983 2255 Βειυιγ
1001 2241 1044 2263 ap.
1062 2232 1220 2265 Οοῡιςι-Ὶιογ,
1236 2233 1307 2257 le‘st.
1324 2235 1356 2257 de
1374 2234 1489 2258 Charlcs
1509 2234 1567 2262 VII,
1591 2243 1616 2265 p.
1634 2235 1687 2259 398.
1707 2235 1735 2258 In
1755 2235 1832 2258 Arch.
1851 2238 1904 2258 nat.
1921 2236 2014 2264 Paria,
2035 2236 2074 2259 LL
2093 2237 2146 2265 114,

280 2283 306 2306 p.
322 2276 435 2305 357-359,
451 2279 556 2306 praeter
571 2276 758 2299 cancellarium
773 2277 919 2300 Johnnnem
933 2277 1060 2305 Chuffart,
1077 2277 1165 2300 nullus
1183 2277 1368 2300 Uuiversitatis
1382 2278 1499 2301 affertur.

373 2320 431 2343 Jam
450 2324 478 2342 n⁰
498 2321 568 2349 2399,
585 2324 648 2350 not.⁷
664 2321 874 2351 observavimus,
891 2322 980 2345 doctos
997 2322 1123 2345 hactenus
1140 2331 1279 2353 pei-peram
1292 2323 1427 2346 Nicolaum
1445 2323 1514 2354 Midy
1530 2327 1558 2346 ut
1576 2328 1765 2355 proponentem
1786 2325 1972 2348 Uuiversitatis
1990 2326 2145 2349 asseruisse.

280 2364 347 2392 Quia
363 2364 488 2392 CREVIEIQ
505 2365 576 2389 Hist.
593 2367 627 2389 (Ie
641 2365 823 2396 l'Universitc',
839 2367 878 2395 IV,
891 2375 917 2397 p.
930 2368 968 2396 88,
982 2367 1118 2397 intellexit⁷
1133 2367 1321 2390 instructiones
1333 2376 1347 2390 a
1363 2368 1480 2396 ΒυιΛΕυ,
1495 2369 1524 2398 Υ,
1538 2377 1563 2399 p.
1578 2370 1632 2398 442,
1646 2369 1729 2392 editas
1744 2370 1786 2392 vix
1800 2373 1859 2392 ante
1873 2370 1994 2393 Nostram
2008 2371 2145 2393 Dominam

279 2409 463 2440 pronuntiatas
478 2409 569 2439 fuisse,
584 2409 663 2433 alium
679 2410 843 2434 occasionem
858 2411 967 2442 proprio
980 2415 1063 2435 marte
1078 2411 1186 2437 invenit.
1204 2415 1232 2435 ut
1248 2412 1300 2435 illis
1318 2413 1549 2442 Infiructionibus,
1566 2422 1632 2444 quae
1648 2414 1680 2436 ad
1693 2422 1734 2437 an.
1753 2414 1810 2436 1431
1826 2415 1965 2445 pertinent,
1982 2415 2068 2438 locum
2083 2416 2146 2438 dare

280 2457 379 2484 posset.
393 2454 458 2477 Dum
474 2454 499 2476 in
514 2456 632 2478 Auctar.
658 2455 791 2483 Univers„
810 2456 841 2484 ΙΙ,
858 2456 1063 2479 instructionum
1079 2465 1127 2487 pro
1145 2460 1308 2488 proponente
1323 2465 1412 2479 coram
1429 2457 1539 2480 ilenrico
1556 2458 1587 2481 VI
1603 2467 1645 2481 an.
1668 2458 1724 2481 1431
1743 2458 1838 2482 mentio
1856 2460 1884 2482 fit
1904 2460 1939 2490 (p.
1956 2459 2022 2490 460),
2037 2460 2068 2483 de
2083 2468 2144 2491 pro-

279 2498 409 2529 positione
424 2506 512 2522 coram
529 2499 622 2522 Carolo
636 2500 680 2523 VII
695 2508 736 2524 an.
754 2500 813 2523 1437
827 2501 909 2523 altum
925 2501 1060 2524 silentium
1076 2504 1179 2524 tenetur
1192 2503 1228 2532 (p.
1245 2503 1307 2530 500),
1323 2502 1421 2533 utique.
1437 2502 1498 2533 quia
1513 2511 1542 2525 ea
1559 2502 1607 2525 tuit
1622 2511 1630 2525 ι(
1649 2511 1679 2525 en
1696 2503 1764 2526 brief
1776 2511 1797 2526 ³).

280 2687 425 2724 2515.
452 2697 571 2723 Carolus
591 2699 647 2731 Vll,
666 2699 837 2725 Francorum
853 2708 912 2734 rex,
932 2699 1046 2726 litteras
1059 2700 1189 2736 Philippi
1208 2700 1315 2726 Valesii
1331 2700 1365 2725 de
1379 2700 1590 2736 apotlzecariis*
1609 2705 1695 2737 atque
1714 2702 1810 2728 Caroli
1826 2705 1860 2729 VI
1869 2703 1904 2729 de
1917 2704 2060 2730 medicina
2075 2714 2146 2731 non-

368 2746 425 2771 nisi
451 2746 488 2771 ab
511 2747 687 2773 examinatis
710 2748 888 2774 eoeercenda2
911 2751 1070 2783 confir-mat.
1099 2748 1202 2776 Donne
1225 2749 1241 2776 a
1269 2750 1345 2775 Paris
1369 2750 1394 2775 le
1418 2750 1565 2776 derrenier
1582 2751 1651 2784 jour
1671 2752 1706 2778 de
1728 2753 1895 2783 Novembre,
1923 2753 1980 2780 l'an
2004 2754 2039 2780 de
2062 2763 2146 2788 grace

368 2795 421 2821 mil
437 2796 526 2822 CCCC
540 2798 634 2823 trente
650 2799 678 2823 et
693 2799 763 2831 sept,
778 2798 854 2824 etde
870 2800 967 2825 nostre
979 2807 1068 2831 regne
1084 2799 1109 2825 le
1122 2799 1190 2832 xvjss.
1206 2810 1218 2822 ιι
1231 2800 1285 2824 Noz
1300 2799 1366 2824 bien
1379 2807 1458 2825 amez
1474 2800 1513 2825 les
1527 2800 1621 2833 (loyen
1638 2811 1662 2825 ›>.

1424 2888 1500 2918 1437,
1516 2889 1660 2915 Novembris
1675 2890 1719 2922 30.
1742 2890 1853 2916 Parisiis.

403 2936 467 2953 *W*
486 2934 582 2957 Chart.
607 2934 684 2958 Unio.
704 2935 799 2959 Paris.
818 2936 858 2959 lv.
1991 2943 2019 2965 7¹⁵
