<?xml version="1.0" encoding="UTF-8"?>
<!DOCTYPE html PUBLIC "-//W3C//DTD XHTML 1.0 Transitional//EN"
    "http://www.w3.org/TR/xhtml1/DTD/xhtml1-transitional.dtd">
<html xmlns="http://www.w3.org/1999/xhtml" xml:lang="en" lang="en">
 <head>
  <title>
</title>
<meta http-equiv="Content-Type" content="text/html;charset=utf-8" />
  <meta name='ocr-system' content='tesseract 3.04.00' />
  <meta name='ocr-capabilities' content='ocr_page ocr_carea ocr_par ocr_line ocrx_word'/>
</head>
<body>
  <div class='ocr_page' id='page_1' title='image "./chartulariumuniv04univuoft_0572.png"; bbox 0 0 2502 3418; ppageno 0'>
   <div class='ocr_carea' id='block_1_1' title="bbox 403 308 2273 346">
    <p class='ocr_par' dir='ltr' id='par_1_1' title="bbox 403 308 2273 346">
     <span class='ocr_line' id='line_1_1' title="bbox 403 308 2273 346; baseline -0.001 -4"><span class='ocrx_word' id='word_1_1' title='bbox 403 311 467 345; x_wconf 87' lang='lat'><em>528</em></span> <span class='ocrx_word' id='word_1_2' title='bbox 978 319 1301 342; x_wconf 73' lang='lat' dir='ltr'>CHARTULARIUM</span> <span class='ocrx_word' id='word_1_3' title='bbox 1335 318 1527 340; x_wconf 69' lang='lat' dir='ltr'><em>umvsns.</em></span> <span class='ocrx_word' id='word_1_4' title='bbox 1562 319 1693 341; x_wconf 65' lang='lat' dir='ltr'><em>rmus.</em></span> <span class='ocrx_word' id='word_1_5' title='bbox 2174 308 2273 346; x_wconf 84' lang='lat'>[1431</span> 
     </span>
    </p>
   </div>
   <div class='ocr_carea' id='block_1_2' title="bbox 402 392 2276 425">
    <p class='ocr_par' dir='ltr' id='par_1_2' title="bbox 402 392 2276 425">
     <span class='ocr_line' id='line_1_2' title="bbox 402 392 2276 425; baseline -0.001 -6"><span class='ocrx_word' id='word_1_6' title='bbox 402 396 511 424; x_wconf 85' lang='lat' dir='ltr'><em>rituum,</em></span> <span class='ocrx_word' id='word_1_7' title='bbox 528 395 554 418; x_wconf 89' lang='lat' dir='ltr'><em>in</em></span> <span class='ocrx_word' id='word_1_8' title='bbox 573 395 682 420; x_wconf 79' lang='lat' dir='ltr'><em>Jeanne</em></span> <span class='ocrx_word' id='word_1_9' title='bbox 696 395 781 419; x_wconf 83' lang='lat' dir='ltr'><em>d&#39;Arc</em></span> <span class='ocrx_word' id='word_1_10' title='bbox 795 395 895 419; x_wconf 81' lang='lat' dir='ltr'><em>devant</em></span> <span class='ocrx_word' id='word_1_11' title='bbox 906 394 935 418; x_wconf 84' lang='lat' dir='ltr'><em>la</em></span> <span class='ocrx_word' id='word_1_12' title='bbox 950 393 1154 424; x_wconf 74' lang='lat' dir='ltr'><em>conqre&#39;yation</em></span> <span class='ocrx_word' id='word_1_13' title='bbox 1169 394 1214 417; x_wconf 84' lang='lat' dir='ltr'><em>des</em></span> <span class='ocrx_word' id='word_1_14' title='bbox 1229 392 1296 417; x_wconf 83' lang='lat' dir='ltr'><em>rites</em></span> <span class='ocrx_word' id='word_1_15' title='bbox 1310 392 1404 422; x_wconf 82' lang='lat' dir='ltr'><em>(Puris,</em></span> <span class='ocrx_word' id='word_1_16' title='bbox 1421 392 1491 422; x_wconf 77' lang='lat'><em>1894,</em></span> <span class='ocrx_word' id='word_1_17' title='bbox 1512 400 1539 423; x_wconf 85' lang='lat' dir='ltr'><em>p.</em></span> <span class='ocrx_word' id='word_1_18' title='bbox 1555 394 1619 422; x_wconf 84' lang='lat' dir='ltr'><em>xxn)</em></span> <span class='ocrx_word' id='word_1_19' title='bbox 1635 392 1662 416; x_wconf 86' lang='lat' dir='ltr'><em>in</em></span> <span class='ocrx_word' id='word_1_20' title='bbox 1679 401 1689 416; x_wconf 83' lang='lat'><strong>‹</strong></span> <span class='ocrx_word' id='word_1_21' title='bbox 1707 392 1859 424; x_wconf 69' lang='lat' dir='ltr'><em>Relpertoire</em></span> <span class='ocrx_word' id='word_1_22' title='bbox 1876 393 2085 425; x_wconf 80' lang='lat' dir='ltr'><em>chronologique</em></span> <span class='ocrx_word' id='word_1_23' title='bbox 2103 402 2115 417; x_wconf 87' lang='lat'>»</span> <span class='ocrx_word' id='word_1_24' title='bbox 2130 394 2180 418; x_wconf 88' lang='lat' dir='ltr'><em>hoc</em></span> <span class='ocrx_word' id='word_1_25' title='bbox 2195 395 2276 418; x_wconf 82' lang='lat' dir='ltr'><em>docu-</em></span> 
     </span>
    </p>
   </div>
   <div class='ocr_carea' id='block_1_3' title="bbox 402 437 2274 516">
    <p class='ocr_par' dir='ltr' id='par_1_3' title="bbox 402 437 2274 516">
     <span class='ocr_line' id='line_1_3' title="bbox 402 437 2274 471; baseline -0.001 -7"><span class='ocrx_word' id='word_1_26' title='bbox 402 443 519 464; x_wconf 81' lang='lat' dir='ltr'><strong>mentum</strong></span> <span class='ocrx_word' id='word_1_27' title='bbox 536 440 569 463; x_wconf 75' lang='lat' dir='ltr'><em>ad</em></span> <span class='ocrx_word' id='word_1_28' title='bbox 582 448 624 464; x_wconf 81' lang='lat' dir='ltr'><em>an.</em></span> <span class='ocrx_word' id='word_1_29' title='bbox 643 440 713 469; x_wconf 78' lang='lat'><em>1430,</em></span> <span class='ocrx_word' id='word_1_30' title='bbox 728 440 788 463; x_wconf 82' lang='lat' dir='ltr'><em>Jun.</em></span> <span class='ocrx_word' id='word_1_31' title='bbox 807 440 845 469; x_wconf 74' lang='lat'><em>12,</em></span> <span class='ocrx_word' id='word_1_32' title='bbox 862 440 952 467; x_wconf 75' lang='lat' dir='ltr'><em>refert,</em></span> <span class='ocrx_word' id='word_1_33' title='bbox 969 447 1020 470; x_wconf 87' lang='lat' dir='ltr'><em>quo</em></span> <span class='ocrx_word' id='word_1_34' title='bbox 1035 446 1124 462; x_wconf 89' lang='lat' dir='ltr'><em>rerum</em></span> <span class='ocrx_word' id='word_1_35' title='bbox 1135 437 1379 468; x_wconf 75' lang='lat' dir='ltr'><strong>sententiarumque</strong></span> <span class='ocrx_word' id='word_1_36' title='bbox 1394 437 1459 460; x_wconf 85' lang='lat' dir='ltr'><em>ordo</em></span> <span class='ocrx_word' id='word_1_37' title='bbox 1472 437 1841 468; x_wconf 76' lang='lat' dir='ltr'><em>depravatur.-—Omittimus</em></span> <span class='ocrx_word' id='word_1_38' title='bbox 1856 437 1922 460; x_wconf 81' lang='lat' dir='ltr'><em>alios</em></span> <span class='ocrx_word' id='word_1_39' title='bbox 1934 437 2061 469; x_wconf 78' lang='lat' dir='ltr'><em>epistolas</em></span> <span class='ocrx_word' id='word_1_40' title='bbox 2076 438 2181 462; x_wconf 86' lang='lat' dir='ltr'><em>Henrici</em></span> <span class='ocrx_word' id='word_1_41' title='bbox 2194 439 2274 471; x_wconf 78' lang='lat' dir='ltr'><em>regis,</em></span> 
     </span>
     <span class='ocr_line' id='line_1_4' title="bbox 404 484 1001 516; baseline -0.003 -8"><span class='ocrx_word' id='word_1_42' title='bbox 404 493 469 516; x_wconf 80' lang='lat' dir='ltr'><em>quas</em></span> <span class='ocrx_word' id='word_1_43' title='bbox 485 485 540 508; x_wconf 85' lang='lat' dir='ltr'><em>vid.</em></span> <span class='ocrx_word' id='word_1_44' title='bbox 556 492 599 516; x_wconf 81' lang='lat' dir='ltr'><em>ap.</em></span> <span class='ocrx_word' id='word_1_45' title='bbox 618 484 787 514; x_wconf 65' lang='lat' dir='ltr'><em>chnmur,</em></span> <span class='ocrx_word' id='word_1_46' title='bbox 805 484 823 514; x_wconf 89' lang='lat' dir='ltr'><em>l,</em></span> <span class='ocrx_word' id='word_1_47' title='bbox 836 492 863 515; x_wconf 92' lang='lat' dir='ltr'><em>p.</em></span> <span class='ocrx_word' id='word_1_48' title='bbox 875 484 931 511; x_wconf 70' lang='lat'><em>485,</em></span> <span class='ocrx_word' id='word_1_49' title='bbox 946 484 1001 507; x_wconf 76' lang='lat'><em>489.</em></span> 
     </span>
    </p>
   </div>
   <div class='ocr_carea' id='block_1_4' title="bbox 496 565 1363 596">
    <p class='ocr_par' dir='ltr' id='par_1_4' title="bbox 496 565 1363 596">
     <span class='ocr_line' id='line_1_5' title="bbox 496 565 1363 596; baseline -0.006 -3"><span class='ocrx_word' id='word_1_50' title='bbox 496 569 520 594; x_wconf 84' lang='grc'><em>1.</em></span> <span class='ocrx_word' id='word_1_51' title='bbox 540 570 560 593; x_wconf 89' lang='grc' dir='ltr'><em>Ι.</em></span> <span class='ocrx_word' id='word_1_52' title='bbox 576 577 599 593; x_wconf 87' lang='lat' dir='ltr'><em>e.</em></span> <span class='ocrx_word' id='word_1_53' title='bbox 616 568 790 592; x_wconf 80' lang='lat' dir='ltr'><em>cancellarius</em></span> <span class='ocrx_word' id='word_1_54' title='bbox 806 568 941 596; x_wconf 78' lang='lat' dir='ltr'><em>Froncine,</em></span> <span class='ocrx_word' id='word_1_55' title='bbox 957 566 1106 591; x_wconf 83' lang='lat' dir='ltr'><em>Ludovicus</em></span> <span class='ocrx_word' id='word_1_56' title='bbox 1121 566 1152 589; x_wconf 88' lang='lat' dir='ltr'><em>de</em></span> <span class='ocrx_word' id='word_1_57' title='bbox 1168 565 1363 596; x_wconf 84' lang='lat' dir='ltr'><em>Luxemburgo.</em></span> 
     </span>
    </p>
   </div>
   <div class='ocr_carea' id='block_1_5' title="bbox 407 722 2284 1107">
    <p class='ocr_par' dir='ltr' id='par_1_5' title="bbox 407 722 2284 1107">
     <span class='ocr_line' id='line_1_6' title="bbox 407 722 2280 765; baseline -0.002 -6"><span class='ocrx_word' id='word_1_58' title='bbox 407 722 551 759; x_wconf 80' lang='grc'>2390.</span> <span class='ocrx_word' id='word_1_59' title='bbox 580 731 755 757; x_wconf 82' lang='lat' dir='ltr'><em>Universitas</em></span> <span class='ocrx_word' id='word_1_60' title='bbox 767 738 865 765; x_wconf 80' lang='lat' dir='ltr'><em>papae</em></span> <span class='ocrx_word' id='word_1_61' title='bbox 882 728 1046 763; x_wconf 82' lang='lat' dir='ltr'><em>[Eugenio]</em></span> <span class='ocrx_word' id='word_1_62' title='bbox 1063 727 1173 762; x_wconf 77' lang='lat' dir='ltr'><em>scribit,</em></span> <span class='ocrx_word' id='word_1_63' title='bbox 1191 727 1319 753; x_wconf 82' lang='lat' dir='ltr'><em>laudans</em></span> <span class='ocrx_word' id='word_1_64' title='bbox 1334 726 1516 762; x_wconf 75' lang='lat' dir='ltr'><em>diligentiam</em></span> <span class='ocrx_word' id='word_1_65' title='bbox 1538 736 1623 763; x_wconf 85' lang='lat' dir='ltr'><em>quam</em></span> <span class='ocrx_word' id='word_1_66' title='bbox 1642 729 1676 754; x_wconf 91' lang='lat' dir='ltr'><em>P.</em></span> <span class='ocrx_word' id='word_1_67' title='bbox 1698 727 1831 753; x_wconf 87' lang='lat' dir='ltr'><em>Cauchon</em></span> <span class='ocrx_word' id='word_1_68' title='bbox 1851 731 1879 754; x_wconf 84' lang='lat' dir='ltr'><em>et</em></span> <span class='ocrx_word' id='word_1_69' title='bbox 1898 728 2021 754; x_wconf 86' lang='lat' dir='ltr'><em>vicarius</em></span> <span class='ocrx_word' id='word_1_70' title='bbox 2035 728 2220 764; x_wconf 83' lang='lat' dir='ltr'><em>Inquisitoris</em></span> <span class='ocrx_word' id='word_1_71' title='bbox 2240 729 2280 755; x_wconf 90' lang='lat' dir='ltr'><em>ad</em></span> 
     </span>
     <span class='ocr_line' id='line_1_7' title="bbox 496 776 2281 814; baseline -0.001 -8"><span class='ocrx_word' id='word_1_72' title='bbox 496 780 647 806; x_wconf 84' lang='lat' dir='ltr'><em>tuitionem</em></span> <span class='ocrx_word' id='word_1_73' title='bbox 670 779 849 805; x_wconf 84' lang='lat' dir='ltr'><em>christianae</em></span> <span class='ocrx_word' id='word_1_74' title='bbox 870 777 1019 812; x_wconf 77' lang='lat' dir='ltr'><em>religionis</em></span> <span class='ocrx_word' id='word_1_75' title='bbox 1039 776 1229 803; x_wconf 86' lang='lat' dir='ltr'><em>contulerunt.</em></span> <span class='ocrx_word' id='word_1_76' title='bbox 1252 777 1363 802; x_wconf 87' lang='lat' dir='ltr'><em>Narrat</em></span> <span class='ocrx_word' id='word_1_77' title='bbox 1383 776 1522 812; x_wconf 88' lang='lat' dir='ltr'><em>quomodo</em></span> <span class='ocrx_word' id='word_1_78' title='bbox 1541 776 1748 813; x_wconf 83' lang='lat' dir='ltr'><em>quamplurimi</em></span> <span class='ocrx_word' id='word_1_79' title='bbox 1766 776 1906 813; x_wconf 86' lang='lat' dir='ltr'><em>praelati,</em></span> <span class='ocrx_word' id='word_1_80' title='bbox 1928 777 2060 804; x_wconf 87' lang='lat' dir='ltr'><em>doctores</em></span> <span class='ocrx_word' id='word_1_81' title='bbox 2079 777 2190 813; x_wconf 86' lang='lat' dir='ltr'><em>aliique</em></span> <span class='ocrx_word' id='word_1_82' title='bbox 2203 779 2281 814; x_wconf 84' lang='lat' dir='ltr'><em>juris</em></span> 
     </span>
     <span class='ocr_line' id='line_1_8' title="bbox 493 824 2281 863; baseline -0.001 -8"><span class='ocrx_word' id='word_1_83' title='bbox 493 829 584 855; x_wconf 67' lang='lat' dir='ltr'><em>divini</em></span> <span class='ocrx_word' id='word_1_84' title='bbox 595 832 622 855; x_wconf 88' lang='lat' dir='ltr'><em>et</em></span> <span class='ocrx_word' id='word_1_85' title='bbox 634 827 851 863; x_wconf 87' lang='lat' dir='ltr'><em>humaniperiti</em></span> <span class='ocrx_word' id='word_1_86' title='bbox 861 826 1022 852; x_wconf 85' lang='lat' dir='ltr'><em>Johannam</em></span> <span class='ocrx_word' id='word_1_87' title='bbox 1035 834 1051 851; x_wconf 61' lang='grc' dir='ltr'><strong><em>ι</em></strong></span> <span class='ocrx_word' id='word_1_88' title='bbox 1063 824 1236 851; x_wconf 86' lang='lat' dir='ltr'><em>censendam</em></span> <span class='ocrx_word' id='word_1_89' title='bbox 1248 834 1311 851; x_wconf 85' lang='lat' dir='ltr'><em>esse</em></span> <span class='ocrx_word' id='word_1_90' title='bbox 1324 825 1565 861; x_wconf 78' lang='lat' dir='ltr'><em>superstitiosam,</em></span> <span class='ocrx_word' id='word_1_91' title='bbox 1578 825 1785 860; x_wconf 76' lang='lat' dir='ltr'><em>divinatricem,</em></span> <span class='ocrx_word' id='word_1_92' title='bbox 1801 825 1991 860; x_wconf 84' lang='lat' dir='ltr'><em>malignorum</em></span> <span class='ocrx_word' id='word_1_93' title='bbox 2001 826 2156 862; x_wconf 85' lang='lat' dir='ltr'><em>spirituum</em></span> <span class='ocrx_word' id='word_1_94' title='bbox 2167 827 2281 853; x_wconf 87' lang='lat' dir='ltr'><em>invoca-</em></span> 
     </span>
     <span class='ocr_line' id='line_1_9' title="bbox 496 874 2283 912; baseline -0.001 -9"><span class='ocrx_word' id='word_1_95' title='bbox 496 878 603 912; x_wconf 83' lang='lat' dir='ltr'><em>tricem,</em></span> <span class='ocrx_word' id='word_1_96' title='bbox 627 877 793 910; x_wconf 83' lang='lat' dir='ltr'><em>idolatram,</em></span> <span class='ocrx_word' id='word_1_97' title='bbox 817 875 1014 911; x_wconf 84' lang='lat' dir='ltr'><em>blasphemam</em></span> <span class='ocrx_word' id='word_1_98' title='bbox 1035 875 1064 900; x_wconf 89' lang='lat' dir='ltr'><em>in</em></span> <span class='ocrx_word' id='word_1_99' title='bbox 1084 876 1182 908; x_wconf 91' lang='lat' dir='ltr'><em>Deum,</em></span> <span class='ocrx_word' id='word_1_100' title='bbox 1206 877 1324 900; x_wconf 86' lang='lat' dir='ltr'><em>sanctos</em></span> <span class='ocrx_word' id='word_1_101' title='bbox 1343 877 1371 900; x_wconf 88' lang='lat' dir='ltr'><em>et</em></span> <span class='ocrx_word' id='word_1_102' title='bbox 1389 878 1517 909; x_wconf 82' lang='lat' dir='ltr'><em>sanctas,</em></span> <span class='ocrx_word' id='word_1_103' title='bbox 1539 874 1755 900; x_wconf 82' lang='lat' dir='ltr'><em>schismaticam</em></span> <span class='ocrx_word' id='word_1_104' title='bbox 1775 878 1803 900; x_wconf 93' lang='lat' dir='ltr'><em>et</em></span> <span class='ocrx_word' id='word_1_105' title='bbox 1822 875 1851 900; x_wconf 91' lang='lat' dir='ltr'><em>in</em></span> <span class='ocrx_word' id='word_1_106' title='bbox 1870 875 1930 910; x_wconf 85' lang='lat' dir='ltr'><em>fide</em></span> <span class='ocrx_word' id='word_1_107' title='bbox 1956 875 2062 901; x_wconf 81' lang='lat' dir='ltr'><em>Christi</em></span> <span class='ocrx_word' id='word_1_108' title='bbox 2085 875 2283 912; x_wconf 88' lang='lat' dir='ltr'><em>multipliciter</em></span> 
     </span>
     <span class='ocr_line' id='line_1_10' title="bbox 498 923 2282 961; baseline -0.001 -9"><span class='ocrx_word' id='word_1_109' title='bbox 498 930 640 953; x_wconf 79' lang='lat' dir='ltr'><em>errantem</em></span> <span class='ocrx_word' id='word_1_110' title='bbox 655 935 670 952; x_wconf 86' lang='lat'>»</span> <span class='ocrx_word' id='word_1_111' title='bbox 686 929 859 961; x_wconf 85' lang='lat' dir='ltr'><em>compertum</em></span> <span class='ocrx_word' id='word_1_112' title='bbox 875 924 1036 959; x_wconf 81' lang='lat' dir='ltr'><em>habuerint,</em></span> <span class='ocrx_word' id='word_1_113' title='bbox 1051 923 1190 959; x_wconf 84' lang='lat' dir='ltr'><em>quomodo</em></span> <span class='ocrx_word' id='word_1_114' title='bbox 1202 923 1267 959; x_wconf 90' lang='lat' dir='ltr'><em>ipsa</em></span> <span class='ocrx_word' id='word_1_115' title='bbox 1276 927 1344 959; x_wconf 91' lang='lat' dir='ltr'><em>post</em></span> <span class='ocrx_word' id='word_1_116' title='bbox 1354 931 1465 949; x_wconf 88' lang='lat' dir='ltr'><em>errores</em></span> <span class='ocrx_word' id='word_1_117' title='bbox 1475 932 1544 949; x_wconf 87' lang='lat' dir='ltr'><em>suos</em></span> <span class='ocrx_word' id='word_1_118' title='bbox 1555 927 1700 950; x_wconf 86' lang='lat' dir='ltr'><em>revocatos</em></span> <span class='ocrx_word' id='word_1_119' title='bbox 1711 933 1811 949; x_wconf 89' lang='lat' dir='ltr'><em>rursus</em></span> <span class='ocrx_word' id='word_1_120' title='bbox 1826 924 1855 949; x_wconf 91' lang='lat' dir='ltr'><em>in</em></span> <span class='ocrx_word' id='word_1_121' title='bbox 1862 924 2007 960; x_wconf 88' lang='lat' dir='ltr'><em>pristinas</em></span> <span class='ocrx_word' id='word_1_122' title='bbox 2018 924 2152 950; x_wconf 87' lang='lat' dir='ltr'><em>insanias</em></span> <span class='ocrx_word' id='word_1_123' title='bbox 2163 924 2282 961; x_wconf 86' lang='lat' dir='ltr'><em>relapsa</em></span> 
     </span>
     <span class='ocr_line' id='line_1_11' title="bbox 496 972 2283 1010; baseline -0.001 -9"><span class='ocrx_word' id='word_1_124' title='bbox 496 976 542 1010; x_wconf 87' lang='lat' dir='ltr'><em>sit,</em></span> <span class='ocrx_word' id='word_1_125' title='bbox 562 979 589 1001; x_wconf 88' lang='lat' dir='ltr'><em>et</em></span> <span class='ocrx_word' id='word_1_126' title='bbox 604 974 767 1000; x_wconf 86' lang='lat' dir='ltr'><em>saecularis</em></span> <span class='ocrx_word' id='word_1_127' title='bbox 777 973 935 1010; x_wconf 83' lang='lat' dir='ltr'><em>potestatis</em></span> <span class='ocrx_word' id='word_1_128' title='bbox 944 973 1057 1008; x_wconf 85' lang='lat' dir='ltr'><em>judicio</em></span> <span class='ocrx_word' id='word_1_129' title='bbox 1073 972 1185 1007; x_wconf 86' lang='lat' dir='ltr'><em>relicta,</em></span> <span class='ocrx_word' id='word_1_130' title='bbox 1204 972 1369 1007; x_wconf 74' lang='lat' dir='ltr'><em>migraverit</em></span> <span class='ocrx_word' id='word_1_131' title='bbox 1383 981 1402 997; x_wconf 89' lang='lat' dir='ltr'><em>a</em></span> <span class='ocrx_word' id='word_1_132' title='bbox 1422 972 1550 999; x_wconf 87' lang='lat' dir='ltr'><em>saeculo.</em></span> <span class='ocrx_word' id='word_1_133' title='bbox 1569 972 1615 998; x_wconf 88' lang='lat' dir='ltr'><em>Sic</em></span> <span class='ocrx_word' id='word_1_134' title='bbox 1631 973 1762 1009; x_wconf 84' lang='lat' dir='ltr'><em>apertius</em></span> <span class='ocrx_word' id='word_1_135' title='bbox 1780 973 1878 1009; x_wconf 87' lang='lat' dir='ltr'><em>patuit</em></span> <span class='ocrx_word' id='word_1_136' title='bbox 1894 982 1980 1008; x_wconf 90' lang='lat' dir='ltr'><em>quam</em></span> <span class='ocrx_word' id='word_1_137' title='bbox 1994 972 2190 1009; x_wconf 78' lang='lat' dir='ltr'><em>periculosum</em></span> <span class='ocrx_word' id='word_1_138' title='bbox 2208 977 2283 1000; x_wconf 83' lang='lat' dir='ltr'><em>esset</em></span> 
     </span>
     <span class='ocr_line' id='line_1_12' title="bbox 497 1021 2284 1059; baseline 0 -10"><span class='ocrx_word' id='word_1_139' title='bbox 497 1024 595 1050; x_wconf 84' lang='lat' dir='ltr'><em>leviter</em></span> <span class='ocrx_word' id='word_1_140' title='bbox 610 1023 772 1049; x_wconf 87' lang='lat' dir='ltr'><em>adhaerere</em></span> <span class='ocrx_word' id='word_1_141' title='bbox 788 1023 864 1048; x_wconf 77' lang='lat' dir='ltr'><em>novis</em></span> <span class='ocrx_word' id='word_1_142' title='bbox 885 1021 1146 1056; x_wconf 72' lang='lat' dir='ltr'><em>adinventionibus,</em></span> <span class='ocrx_word' id='word_1_143' title='bbox 1167 1021 1268 1057; x_wconf 85' lang='lat' dir='ltr'><em>quales</em></span> <span class='ocrx_word' id='word_1_144' title='bbox 1285 1030 1340 1047; x_wconf 88' lang='lat' dir='ltr'><em>non</em></span> <span class='ocrx_word' id='word_1_145' title='bbox 1355 1021 1438 1047; x_wconf 88' lang='lat' dir='ltr'><em>modo</em></span> <span class='ocrx_word' id='word_1_146' title='bbox 1451 1023 1594 1057; x_wconf 85' lang='lat' dir='ltr'><em>praefata</em></span> <span class='ocrx_word' id='word_1_147' title='bbox 1610 1021 1721 1056; x_wconf 86' lang='lat' dir='ltr'><em>mulier,</em></span> <span class='ocrx_word' id='word_1_148' title='bbox 1740 1030 1832 1047; x_wconf 86' lang='lat' dir='ltr'><em>verum</em></span> <span class='ocrx_word' id='word_1_149' title='bbox 1850 1022 1939 1048; x_wconf 86' lang='lat' dir='ltr'><em>etiam</em></span> <span class='ocrx_word' id='word_1_150' title='bbox 1953 1021 2033 1048; x_wconf 88' lang='lat' dir='ltr'><em>aliae</em></span> <span class='ocrx_word' id='word_1_151' title='bbox 2048 1022 2216 1058; x_wconf 77' lang='lat' dir='ltr'><em>complures,</em></span> <span class='ocrx_word' id='word_1_152' title='bbox 2229 1031 2284 1059; x_wconf 85' lang='lat' dir='ltr'><em>per</em></span> 
     </span>
     <span class='ocr_line' id='line_1_13' title="bbox 498 1070 1565 1107; baseline -0.001 -9"><span class='ocrx_word' id='word_1_153' title='bbox 498 1073 549 1099; x_wconf 91' lang='lat' dir='ltr'><em>hoc</em></span> <span class='ocrx_word' id='word_1_154' title='bbox 562 1081 679 1107; x_wconf 79' lang='lat' dir='ltr'><em>regnum</em></span> <span class='ocrx_word' id='word_1_155' title='bbox 695 1075 763 1098; x_wconf 89' lang='lat' dir='ltr'><em>ante</em></span> <span class='ocrx_word' id='word_1_156' title='bbox 776 1071 839 1097; x_wconf 88' lang='lat' dir='ltr'><em>dies</em></span> <span class='ocrx_word' id='word_1_157' title='bbox 851 1080 964 1107; x_wconf 84' lang='lat' dir='ltr'><em>paucos</em></span> <span class='ocrx_word' id='word_1_158' title='bbox 979 1070 1250 1097; x_wconf 87' lang='lat' dir='ltr'><em>disseminaverunt.</em></span> <span class='ocrx_word' id='word_1_159' title='bbox 1270 1080 1283 1095; x_wconf 74' lang='grc' dir='ltr'><em>(ι</em></span> <span class='ocrx_word' id='word_1_160' title='bbox 1300 1070 1340 1097; x_wconf 91' lang='lat' dir='ltr'><em>Eo</em></span> <span class='ocrx_word' id='word_1_161' title='bbox 1354 1070 1524 1104; x_wconf 84' lang='lat' dir='ltr'><em>diligentius</em></span> <span class='ocrx_word' id='word_1_162' title='bbox 1539 1080 1565 1097; x_wconf 85' lang='lat'><em>».</em></span> 
     </span>
    </p>
   </div>
   <div class='ocr_carea' id='block_1_6' title="bbox 1717 1120 2013 1149">
    <p class='ocr_par' dir='ltr' id='par_1_6' title="bbox 1717 1120 2013 1149">
     <span class='ocr_line' id='line_1_14' title="bbox 1717 1120 2013 1149; baseline 0 -4"><span class='ocrx_word' id='word_1_163' title='bbox 1717 1120 1784 1148; x_wconf 72' lang='lat'><em>7437.</em></span> <span class='ocrx_word' id='word_1_164' title='bbox 1801 1120 1883 1149; x_wconf 76' lang='lat' dir='ltr'><em>dunio,</em></span> <span class='ocrx_word' id='word_1_165' title='bbox 1897 1120 2013 1146; x_wconf 79' lang='lat' dir='ltr'><em>Parisiis.</em></span> 
     </span>
    </p>
   </div>
   <div class='ocr_carea' id='block_1_7' title="bbox 413 1207 2287 1284">
    <p class='ocr_par' dir='ltr' id='par_1_7' title="bbox 413 1207 2287 1284">
     <span class='ocr_line' id='line_1_15' title="bbox 501 1207 2287 1243; baseline 0 -12"><span class='ocrx_word' id='word_1_166' title='bbox 501 1208 637 1232; x_wconf 65' lang='lat' dir='ltr'><em>Bumsus.</em></span> <span class='ocrx_word' id='word_1_167' title='bbox 654 1208 683 1237; x_wconf 87' lang='lat' dir='ltr'><em>V,</em></span> <span class='ocrx_word' id='word_1_168' title='bbox 697 1209 753 1231; x_wconf 79' lang='lat'><em>406.</em></span> <span class='ocrx_word' id='word_1_169' title='bbox 768 1208 937 1237; x_wconf 66' lang='lat' dir='ltr'><em>chnmxn,</em></span> <span class='ocrx_word' id='word_1_170' title='bbox 950 1208 1060 1238; x_wconf 80' lang='lat' dir='ltr'><em>Proces‚</em></span> <span class='ocrx_word' id='word_1_171' title='bbox 1076 1208 1096 1237; x_wconf 82' lang='lat' dir='ltr'><em>l,</em></span> <span class='ocrx_word' id='word_1_172' title='bbox 1109 1216 1136 1239; x_wconf 88' lang='lat' dir='ltr'><em>p.</em></span> <span class='ocrx_word' id='word_1_173' title='bbox 1149 1209 1196 1231; x_wconf 74' lang='lat'><em>496</em></span> <span class='ocrx_word' id='word_1_174' title='bbox 1211 1215 1251 1239; x_wconf 86' lang='lat' dir='ltr'><em>sq.</em></span> <span class='ocrx_word' id='word_1_175' title='bbox 1266 1221 1298 1225; x_wconf 97' lang='lat'><strong>—</strong></span> <span class='ocrx_word' id='word_1_176' title='bbox 1313 1207 1419 1231; x_wconf 65' lang='lat' dir='ltr'><em>VALLs‘r</em></span> <span class='ocrx_word' id='word_1_177' title='bbox 1434 1214 1468 1231; x_wconf 80' lang='lat' dir='ltr'><em>m:</em></span> <span class='ocrx_word' id='word_1_178' title='bbox 1484 1208 1635 1237; x_wconf 70' lang='lat' dir='ltr'><em>VnuvxuAE,</em></span> <span class='ocrx_word' id='word_1_179' title='bbox 1647 1208 1759 1238; x_wconf 74' lang='lat' dir='ltr'><em>Proces,</em></span> <span class='ocrx_word' id='word_1_180' title='bbox 1772 1216 1799 1239; x_wconf 87' lang='lat' dir='ltr'><em>p.</em></span> <span class='ocrx_word' id='word_1_181' title='bbox 1818 1208 1863 1230; x_wconf 77' lang='lat'><em>262</em></span> <span class='ocrx_word' id='word_1_182' title='bbox 1877 1207 2003 1238; x_wconf 81' lang='lat' dir='ltr'><em>(gallice).</em></span> <span class='ocrx_word' id='word_1_183' title='bbox 2015 1208 2114 1231; x_wconf 83' lang='lat' dir='ltr'><em>Eodem</em></span> <span class='ocrx_word' id='word_1_184' title='bbox 2129 1207 2207 1231; x_wconf 85' lang='lat' dir='ltr'><em>modo</em></span> <span class='ocrx_word' id='word_1_185' title='bbox 2222 1207 2287 1243; x_wconf 70' lang='lat' dir='ltr'><em>Uni·</em></span> 
     </span>
     <span class='ocr_line' id='line_1_16' title="bbox 413 1251 2284 1284; baseline 0 -8"><span class='ocrx_word' id='word_1_186' title='bbox 413 1253 526 1276; x_wconf 76' lang='lat' dir='ltr'><em>versitas</em></span> <span class='ocrx_word' id='word_1_187' title='bbox 547 1252 657 1284; x_wconf 77' lang='lat' dir='ltr'><em>scripsit</em></span> <span class='ocrx_word' id='word_1_188' title='bbox 674 1252 831 1284; x_wconf 78' lang='lat' dir='ltr'><em>Imperatori</em></span> <span class='ocrx_word' id='word_1_189' title='bbox 848 1255 874 1276; x_wconf 87' lang='lat' dir='ltr'><em>et</em></span> <span class='ocrx_word' id='word_1_190' title='bbox 893 1252 1011 1284; x_wconf 80' lang='lat' dir='ltr'><em>Collegio</em></span> <span class='ocrx_word' id='word_1_191' title='bbox 1028 1252 1214 1282; x_wconf 71' lang='lat' dir='ltr'><em>cardinalium,</em></span> <span class='ocrx_word' id='word_1_192' title='bbox 1235 1252 1269 1275; x_wconf 78' lang='lat' dir='ltr'><em>ad</em></span> <span class='ocrx_word' id='word_1_193' title='bbox 1287 1260 1352 1283; x_wconf 86' lang='lat' dir='ltr'><em>quos</em></span> <span class='ocrx_word' id='word_1_194' title='bbox 1373 1251 1487 1283; x_wconf 75' lang='lat' dir='ltr'><em>epistola</em></span> <span class='ocrx_word' id='word_1_195' title='bbox 1504 1255 1590 1276; x_wconf 76' lang='lat' dir='ltr'><em>exstet</em></span> <span class='ocrx_word' id='word_1_196' title='bbox 1604 1260 1648 1283; x_wconf 81' lang='lat' dir='ltr'><em>ap.</em></span> <span class='ocrx_word' id='word_1_197' title='bbox 1664 1252 1835 1281; x_wconf 66' lang='lat' dir='ltr'><em>chnmur,</em></span> <span class='ocrx_word' id='word_1_198' title='bbox 1850 1260 1878 1283; x_wconf 88' lang='lat' dir='ltr'><em>p.</em></span> <span class='ocrx_word' id='word_1_199' title='bbox 1895 1253 1951 1276; x_wconf 78' lang='lat'><em>499.</em></span> <span class='ocrx_word' id='word_1_200' title='bbox 1970 1253 2058 1276; x_wconf 84' lang='lat' dir='ltr'><em>Mense</em></span> <span class='ocrx_word' id='word_1_201' title='bbox 2072 1252 2161 1282; x_wconf 82' lang='lat' dir='ltr'><em>Junio,</em></span> <span class='ocrx_word' id='word_1_202' title='bbox 2180 1255 2209 1276; x_wconf 86' lang='lat' dir='ltr'><em>ut</em></span> <span class='ocrx_word' id='word_1_203' title='bbox 2223 1261 2284 1284; x_wconf 88' lang='lat' dir='ltr'><em>epp.</em></span> 
     </span>
    </p>
   </div>
   <div class='ocr_carea' id='block_1_8' title="bbox 409 1296 2285 1373">
    <p class='ocr_par' dir='ltr' id='par_1_8' title="bbox 409 1296 2285 1373">
     <span class='ocr_line' id='line_1_17' title="bbox 409 1296 2285 1329; baseline 0 -9"><span class='ocrx_word' id='word_1_204' title='bbox 409 1297 481 1329; x_wconf 84' lang='lat' dir='ltr'><em>reg-is</em></span> <span class='ocrx_word' id='word_1_205' title='bbox 494 1297 527 1320; x_wconf 80' lang='lat' dir='ltr'><em>od</em></span> <span class='ocrx_word' id='word_1_206' title='bbox 541 1298 732 1328; x_wconf 77' lang='lat' dir='ltr'><em>Imperatorem</em></span> <span class='ocrx_word' id='word_1_207' title='bbox 748 1297 878 1329; x_wconf 78' lang='lat' dir='ltr'><em>aliosque,</em></span> <span class='ocrx_word' id='word_1_208' title='bbox 889 1297 956 1320; x_wconf 79' lang='lat' dir='ltr'><em>hanc</em></span> <span class='ocrx_word' id='word_1_209' title='bbox 967 1297 1108 1328; x_wconf 80' lang='lat' dir='ltr'><em>epistolam</em></span> <span class='ocrx_word' id='word_1_210' title='bbox 1120 1296 1247 1328; x_wconf 86' lang='lat' dir='ltr'><em>scriptum</em></span> <span class='ocrx_word' id='word_1_211' title='bbox 1259 1304 1317 1320; x_wconf 87' lang='lat' dir='ltr'><em>esse</em></span> <span class='ocrx_word' id='word_1_212' title='bbox 1328 1296 1479 1328; x_wconf 80' lang='lat' dir='ltr'><em>opinamur.</em></span> <span class='ocrx_word' id='word_1_213' title='bbox 1494 1297 1620 1320; x_wconf 75' lang='lat' dir='ltr'><em>Fortasse</em></span> <span class='ocrx_word' id='word_1_214' title='bbox 1634 1299 1723 1320; x_wconf 78' lang='lat' dir='ltr'><em>tamen</em></span> <span class='ocrx_word' id='word_1_215' title='bbox 1739 1297 1825 1320; x_wconf 85' lang='lat' dir='ltr'><em>solum</em></span> <span class='ocrx_word' id='word_1_216' title='bbox 1839 1304 1928 1320; x_wconf 85' lang='lat' dir='ltr'><em>mense</em></span> <span class='ocrx_word' id='word_1_217' title='bbox 1943 1296 2052 1320; x_wconf 84' lang='lat' dir='ltr'><em>Octobri</em></span> <span class='ocrx_word' id='word_1_218' title='bbox 2068 1305 2126 1320; x_wconf 80' lang='lat' dir='ltr'><em>eam</em></span> <span class='ocrx_word' id='word_1_219' title='bbox 2137 1297 2285 1320; x_wconf 66' lang='lat' dir='ltr'><em>ambassia-</em></span> 
     </span>
     <span class='ocr_line' id='line_1_18' title="bbox 410 1342 982 1373; baseline 0 -8"><span class='ocrx_word' id='word_1_220' title='bbox 410 1346 481 1366; x_wconf 85' lang='lat' dir='ltr'><em>tores</em></span> <span class='ocrx_word' id='word_1_221' title='bbox 497 1350 556 1365; x_wconf 89' lang='lat' dir='ltr'><em>cum</em></span> <span class='ocrx_word' id='word_1_222' title='bbox 572 1342 659 1365; x_wconf 77' lang='lat' dir='ltr'><em>rotulo</em></span> <span class='ocrx_word' id='word_1_223' title='bbox 675 1342 784 1366; x_wconf 81' lang='lat' dir='ltr'><em>Romam</em></span> <span class='ocrx_word' id='word_1_224' title='bbox 800 1345 982 1373; x_wconf 79' lang='lat' dir='ltr'><em>portaverunt.</em></span> 
     </span>
    </p>
   </div>
   <div class='ocr_carea' id='block_1_9' title="bbox 413 1512 2292 1704">
    <p class='ocr_par' dir='ltr' id='par_1_9' title="bbox 413 1512 2292 1704">
     <span class='ocr_line' id='line_1_19' title="bbox 413 1512 2288 1558; baseline -0.001 -9"><span class='ocrx_word' id='word_1_225' title='bbox 413 1512 556 1549; x_wconf 79' lang='grc'><strong>2391.</strong></span> <span class='ocrx_word' id='word_1_226' title='bbox 581 1522 729 1556; x_wconf 77' lang='lat' dir='ltr'><em>Eugenius</em></span> <span class='ocrx_word' id='word_1_227' title='bbox 744 1523 789 1548; x_wconf 88' lang='lat' dir='ltr'><em>IV</em></span> <span class='ocrx_word' id='word_1_228' title='bbox 799 1523 935 1547; x_wconf 81' lang='lat' dir='ltr'><em>Furseum</em></span> <span class='ocrx_word' id='word_1_229' title='bbox 951 1521 986 1547; x_wconf 91' lang='lat' dir='ltr'><em>de</em></span> <span class='ocrx_word' id='word_1_230' title='bbox 1005 1521 1124 1556; x_wconf 87' lang='lat' dir='ltr'><em>Bruille,</em></span> <span class='ocrx_word' id='word_1_231' title='bbox 1143 1530 1218 1556; x_wconf 79' lang='lat' dir='ltr'><em>mag.</em></span> <span class='ocrx_word' id='word_1_232' title='bbox 1242 1525 1309 1556; x_wconf 89' lang='lat' dir='ltr'><em>art.,</em></span> <span class='ocrx_word' id='word_1_233' title='bbox 1327 1521 1528 1558; x_wconf 88' lang='lat' dir='ltr'><em>praepositum</em></span> <span class='ocrx_word' id='word_1_234' title='bbox 1549 1521 1649 1547; x_wconf 88' lang='lat' dir='ltr'><em>eccles.</em></span> <span class='ocrx_word' id='word_1_235' title='bbox 1671 1521 1867 1556; x_wconf 63' lang='lat' dir='ltr'><em>Atrebatens„</em></span> <span class='ocrx_word' id='word_1_236' title='bbox 1891 1521 1940 1555; x_wconf 85' lang='lat' dir='ltr'><em>qui</em></span> <span class='ocrx_word' id='word_1_237' title='bbox 1960 1522 2087 1547; x_wconf 87' lang='lat' dir='ltr'><em>Parisiis</em></span> <span class='ocrx_word' id='word_1_238' title='bbox 2108 1531 2170 1548; x_wconf 89' lang='lat' dir='ltr'><em>cum</em></span> <span class='ocrx_word' id='word_1_239' title='bbox 2194 1522 2288 1557; x_wconf 78' lang='lat' dir='ltr'><em>rigore</em></span> 
     </span>
     <span class='ocr_line' id='line_1_20' title="bbox 504 1569 2287 1607; baseline 0.001 -11"><span class='ocrx_word' id='word_1_240' title='bbox 504 1571 648 1596; x_wconf 75' lang='lat' dir='ltr'><em>examinis</em></span> <span class='ocrx_word' id='word_1_241' title='bbox 665 1571 693 1596; x_wconf 90' lang='lat' dir='ltr'><em>in</em></span> <span class='ocrx_word' id='word_1_242' title='bbox 709 1570 832 1596; x_wconf 80' lang='lat' dir='ltr'><em>decretis</em></span> <span class='ocrx_word' id='word_1_243' title='bbox 848 1570 1015 1596; x_wconf 86' lang='lat' dir='ltr'><em>licentiatus</em></span> <span class='ocrx_word' id='word_1_244' title='bbox 1036 1575 1078 1596; x_wconf 86' lang='lat' dir='ltr'><em>est</em></span> <span class='ocrx_word' id='word_1_245' title='bbox 1098 1574 1126 1597; x_wconf 86' lang='lat' dir='ltr'><em>et</em></span> <span class='ocrx_word' id='word_1_246' title='bbox 1139 1571 1335 1606; x_wconf 85' lang='lat' dir='ltr'><em>juramentum</em></span> <span class='ocrx_word' id='word_1_247' title='bbox 1355 1570 1507 1607; x_wconf 85' lang='lat' dir='ltr'><em>praestitit</em></span> <span class='ocrx_word' id='word_1_248' title='bbox 1524 1569 1564 1596; x_wconf 86' lang='lat' dir='ltr'><em>ibi</em></span> <span class='ocrx_word' id='word_1_249' title='bbox 1584 1569 1762 1596; x_wconf 83' lang='lat' dir='ltr'><em>solummodo</em></span> <span class='ocrx_word' id='word_1_250' title='bbox 1782 1570 1950 1596; x_wconf 86' lang='lat' dir='ltr'><em>doctoratus</em></span> <span class='ocrx_word' id='word_1_251' title='bbox 1971 1570 2099 1605; x_wconf 76' lang='lat' dir='ltr'><em>insignia</em></span> <span class='ocrx_word' id='word_1_252' title='bbox 2118 1570 2287 1607; x_wconf 87' lang='lat' dir='ltr'><em>recipiendi,</em></span> 
     </span>
     <span class='ocr_line' id='line_1_21' title="bbox 503 1619 2287 1656; baseline 0.001 -11"><span class='ocrx_word' id='word_1_253' title='bbox 503 1619 625 1646; x_wconf 78' lang='lat' dir='ltr'><em>absolvit</em></span> <span class='ocrx_word' id='word_1_254' title='bbox 641 1623 668 1645; x_wconf 89' lang='lat' dir='ltr'><em>et</em></span> <span class='ocrx_word' id='word_1_255' title='bbox 683 1620 711 1645; x_wconf 88' lang='lat' dir='ltr'><em>in</em></span> <span class='ocrx_word' id='word_1_256' title='bbox 727 1619 869 1646; x_wconf 87' lang='lat' dir='ltr'><em>doctorem</em></span> <span class='ocrx_word' id='word_1_257' title='bbox 885 1619 991 1646; x_wconf 87' lang='lat' dir='ltr'><em>decret.</em></span> <span class='ocrx_word' id='word_1_258' title='bbox 1009 1623 1096 1654; x_wconf 85' lang='lat' dir='ltr'><em>creat,</em></span> <span class='ocrx_word' id='word_1_259' title='bbox 1120 1629 1182 1646; x_wconf 88' lang='lat' dir='ltr'><em>cum</em></span> <span class='ocrx_word' id='word_1_260' title='bbox 1201 1628 1253 1655; x_wconf 87' lang='lat' dir='ltr'><em>per</em></span> <span class='ocrx_word' id='word_1_261' title='bbox 1270 1619 1372 1655; x_wconf 90' lang='lat' dir='ltr'><em>plures</em></span> <span class='ocrx_word' id='word_1_262' title='bbox 1392 1628 1484 1645; x_wconf 90' lang='lat' dir='ltr'><em>annos</em></span> <span class='ocrx_word' id='word_1_263' title='bbox 1502 1619 1612 1645; x_wconf 90' lang='lat' dir='ltr'><em>curiam</em></span> <span class='ocrx_word' id='word_1_264' title='bbox 1630 1620 1709 1645; x_wconf 79' lang='lat' dir='ltr'><em>Rom,</em></span> <span class='ocrx_word' id='word_1_265' title='bbox 1731 1623 1847 1645; x_wconf 84' lang='lat' dir='ltr'><em>secutus</em></span> <span class='ocrx_word' id='word_1_266' title='bbox 1866 1619 1965 1654; x_wconf 86' lang='lat' dir='ltr'><em>fuerit,</em></span> <span class='ocrx_word' id='word_1_267' title='bbox 1989 1619 2173 1646; x_wconf 80' lang='lat' dir='ltr'><em>abbreviator</em></span> <span class='ocrx_word' id='word_1_268' title='bbox 2192 1624 2287 1656; x_wconf 83' lang='lat' dir='ltr'><em>apost.</em></span> 
     </span>
     <span class='ocr_line' id='line_1_22' title="bbox 505 1668 2292 1704; baseline 0.002 -10"><span class='ocrx_word' id='word_1_269' title='bbox 505 1669 560 1694; x_wconf 87' lang='lat' dir='ltr'><em>litt.</em></span> <span class='ocrx_word' id='word_1_270' title='bbox 577 1669 624 1703; x_wconf 87' lang='lat' dir='ltr'><em>sit,</em></span> <span class='ocrx_word' id='word_1_271' title='bbox 648 1672 675 1694; x_wconf 87' lang='lat' dir='ltr'><em>et</em></span> <span class='ocrx_word' id='word_1_272' title='bbox 694 1668 790 1694; x_wconf 88' lang='lat' dir='ltr'><em>Blasii</em></span> <span class='ocrx_word' id='word_1_273' title='bbox 808 1668 997 1704; x_wconf 80' lang='lat' dir='ltr'><em>patriarchae</em></span> <span class='ocrx_word' id='word_1_274' title='bbox 1015 1669 1165 1704; x_wconf 86' lang='lat' dir='ltr'><em>Gradens.,</em></span> <span class='ocrx_word' id='word_1_275' title='bbox 1188 1668 1395 1695; x_wconf 87' lang='lat' dir='ltr'><em>cancellariam</em></span> <span class='ocrx_word' id='word_1_276' title='bbox 1415 1668 1549 1703; x_wconf 80' lang='lat' dir='ltr'><em>regentis,</em></span> <span class='ocrx_word' id='word_1_277' title='bbox 1567 1668 1750 1694; x_wconf 87' lang='lat' dir='ltr'><em>secretarius.</em></span> <span class='ocrx_word' id='word_1_278' title='bbox 1769 1669 1834 1695; x_wconf 86' lang='lat' dir='ltr'><em>Dat.</em></span> <span class='ocrx_word' id='word_1_279' title='bbox 1855 1669 1947 1695; x_wconf 82' lang='lat' dir='ltr'><em>Rome</em></span> <span class='ocrx_word' id='word_1_280' title='bbox 1965 1677 2011 1702; x_wconf 82' lang='lat' dir='ltr'><em>ap.</em></span> <span class='ocrx_word' id='word_1_281' title='bbox 2029 1669 2056 1695; x_wconf 89' lang='lat' dir='ltr'><em>S.</em></span> <span class='ocrx_word' id='word_1_282' title='bbox 2078 1669 2198 1696; x_wconf 84' lang='lat' dir='ltr'><em>Petrum</em></span> <span class='ocrx_word' id='word_1_283' title='bbox 2212 1677 2292 1697; x_wconf 81' lang='lat' dir='ltr'><em>anno</em></span> 
     </span>
    </p>
   </div>
   <div class='ocr_carea' id='block_1_10' title="bbox 506 1717 2294 1793">
    <p class='ocr_par' dir='ltr' id='par_1_10' title="bbox 506 1717 2294 1793">
     <span class='ocr_line' id='line_1_23' title="bbox 507 1717 2294 1752; baseline 0.002 -9"><span class='ocrx_word' id='word_1_284' title='bbox 507 1718 651 1744; x_wconf 78' lang='lat' dir='ltr'><em>lncarnat.</em></span> <span class='ocrx_word' id='word_1_285' title='bbox 670 1718 823 1744; x_wconf 86' lang='lat' dir='ltr'><em>Dominice</em></span> <span class='ocrx_word' id='word_1_286' title='bbox 836 1718 992 1744; x_wconf 87' lang='lat' dir='ltr'><em>millesimo</em></span> <span class='ocrx_word' id='word_1_287' title='bbox 1007 1718 1298 1752; x_wconf 85' lang='lat' dir='ltr'><em>quadringentesimo</em></span> <span class='ocrx_word' id='word_1_288' title='bbox 1312 1718 1458 1745; x_wconf 84' lang='lat' dir='ltr'><em>tricesimo</em></span> <span class='ocrx_word' id='word_1_289' title='bbox 1474 1718 1582 1752; x_wconf 82' lang='lat' dir='ltr'><em>primo,</em></span> <span class='ocrx_word' id='word_1_290' title='bbox 1599 1717 1728 1744; x_wconf 87' lang='lat' dir='ltr'><em>secundo</em></span> <span class='ocrx_word' id='word_1_291' title='bbox 1740 1718 1797 1743; x_wconf 87' lang='lat' dir='ltr'><em>kal.</em></span> <span class='ocrx_word' id='word_1_292' title='bbox 1814 1717 1949 1751; x_wconf 80' lang='lat' dir='ltr'><em>Augusti,</em></span> <span class='ocrx_word' id='word_1_293' title='bbox 1963 1725 2042 1744; x_wconf 84' lang='lat' dir='ltr'><em>anno</em></span> <span class='ocrx_word' id='word_1_294' title='bbox 2058 1718 2163 1752; x_wconf 87' lang='lat' dir='ltr'><em>primo.</em></span> <span class='ocrx_word' id='word_1_295' title='bbox 2182 1728 2197 1743; x_wconf 76' lang='grc' dir='ltr'><em>(ι</em></span> <span class='ocrx_word' id='word_1_296' title='bbox 2212 1718 2294 1746; x_wconf 82' lang='lat' dir='ltr'><em>Viros</em></span> 
     </span>
     <span class='ocr_line' id='line_1_24' title="bbox 506 1767 768 1793; baseline 0 -1"><span class='ocrx_word' id='word_1_297' title='bbox 506 1774 583 1793; x_wconf 85' lang='lat' dir='ltr'><em>sacre</em></span> <span class='ocrx_word' id='word_1_298' title='bbox 598 1767 728 1793; x_wconf 82' lang='lat' dir='ltr'><em>lectionis</em></span> <span class='ocrx_word' id='word_1_299' title='bbox 744 1777 768 1792; x_wconf 82' lang='lat'><em>».</em></span> 
     </span>
    </p>
   </div>
   <div class='ocr_carea' id='block_1_11' title="bbox 1690 1802 2007 1832">
    <p class='ocr_par' dir='ltr' id='par_1_11' title="bbox 1690 1802 2007 1832">
     <span class='ocr_line' id='line_1_25' title="bbox 1690 1802 2007 1832; baseline 0.003 -4"><span class='ocrx_word' id='word_1_300' title='bbox 1690 1802 1759 1832; x_wconf 77' lang='lat'><em>1437.</em></span> <span class='ocrx_word' id='word_1_301' title='bbox 1774 1803 1836 1829; x_wconf 67' lang='lat' dir='ltr'><em>dum</em></span> <span class='ocrx_word' id='word_1_302' title='bbox 1848 1804 1888 1832; x_wconf 85' lang='grc'><em>31,</em></span> <span class='ocrx_word' id='word_1_303' title='bbox 1904 1803 2007 1829; x_wconf 70' lang='lat' dir='ltr'><em>Romae.</em></span> 
     </span>
    </p>
   </div>
   <div class='ocr_carea' id='block_1_12' title="bbox 419 1887 2294 1968">
    <p class='ocr_par' dir='ltr' id='par_1_12' title="bbox 419 1887 2294 1968">
     <span class='ocr_line' id='line_1_26' title="bbox 513 1887 2294 1922; baseline 0.001 -9"><span class='ocrx_word' id='word_1_304' title='bbox 513 1890 577 1921; x_wconf 82' lang='lat' dir='ltr'><em>Reg.</em></span> <span class='ocrx_word' id='word_1_305' title='bbox 592 1891 647 1913; x_wconf 59' lang='lat' dir='ltr'><em>Lat.</em></span> <span class='ocrx_word' id='word_1_306' title='bbox 671 1890 783 1922; x_wconf 83' lang='lat' dir='ltr'><em>Eugenii</em></span> <span class='ocrx_word' id='word_1_307' title='bbox 801 1891 843 1920; x_wconf 76' lang='lat' dir='ltr'><em>lv,</em></span> <span class='ocrx_word' id='word_1_308' title='bbox 860 1895 888 1913; x_wconf 88' lang='lat' dir='ltr'><em>n⁰</em></span> <span class='ocrx_word' id='word_1_309' title='bbox 906 1892 960 1920; x_wconf 72' lang='lat'><em>304,</em></span> <span class='ocrx_word' id='word_1_310' title='bbox 984 1891 1029 1915; x_wconf 76' lang='lat' dir='ltr'><em>fol.</em></span> <span class='ocrx_word' id='word_1_311' title='bbox 1045 1892 1083 1915; x_wconf 75' lang='lat'><em>46.</em></span> <span class='ocrx_word' id='word_1_312' title='bbox 1101 1905 1130 1909; x_wconf 91' lang='lat'>—</span> <span class='ocrx_word' id='word_1_313' title='bbox 1145 1892 1192 1914; x_wconf 84' lang='lat' dir='ltr'><em>An.</em></span> <span class='ocrx_word' id='word_1_314' title='bbox 1210 1891 1270 1914; x_wconf 74' lang='lat'><strong>1433</strong></span> <span class='ocrx_word' id='word_1_315' title='bbox 1285 1890 1311 1913; x_wconf 87' lang='lat' dir='ltr'><em>in</em></span> <span class='ocrx_word' id='word_1_316' title='bbox 1330 1890 1447 1914; x_wconf 82' lang='lat' dir='ltr'><em>Concilio</em></span> <span class='ocrx_word' id='word_1_317' title='bbox 1466 1891 1549 1914; x_wconf 80' lang='lat' dir='ltr'><em>Basil.</em></span> <span class='ocrx_word' id='word_1_318' title='bbox 1564 1890 1622 1914; x_wconf 84' lang='lat' dir='ltr'><em>Vid.</em></span> <span class='ocrx_word' id='word_1_319' title='bbox 1640 1891 1717 1915; x_wconf 79' lang='lat' dir='ltr'><em>Mon.</em></span> <span class='ocrx_word' id='word_1_320' title='bbox 1742 1891 1846 1915; x_wconf 76' lang='lat' dir='ltr'><em>concil.</em></span> <span class='ocrx_word' id='word_1_321' title='bbox 1866 1898 1930 1921; x_wconf 71' lang='lat' dir='ltr'><em>qen.</em></span> <span class='ocrx_word' id='word_1_322' title='bbox 1949 1887 2101 1920; x_wconf 77' lang='lat' dir='ltr'><em>saec.‘XV,</em></span> <span class='ocrx_word' id='word_1_323' title='bbox 2119 1893 2138 1914; x_wconf 87' lang='lat' dir='ltr'><em>t.</em></span> <span class='ocrx_word' id='word_1_324' title='bbox 2153 1890 2187 1920; x_wconf 83' lang='lat' dir='ltr'><em>ll,</em></span> <span class='ocrx_word' id='word_1_325' title='bbox 2202 1898 2230 1922; x_wconf 87' lang='lat' dir='ltr'><em>p.</em></span> <span class='ocrx_word' id='word_1_326' title='bbox 2248 1890 2294 1914; x_wconf 82' lang='lat'><em>356</em></span> 
     </span>
     <span class='ocr_line' id='line_1_27' title="bbox 419 1934 1443 1968; baseline 0.002 -10"><span class='ocrx_word' id='word_1_327' title='bbox 419 1934 475 1964; x_wconf 89' lang='lat' dir='ltr'><em>(ubi</em></span> <span class='ocrx_word' id='word_1_328' title='bbox 487 1943 627 1966; x_wconf 79' lang='lat' dir='ltr'><em>perperam</em></span> <span class='ocrx_word' id='word_1_329' title='bbox 644 1944 656 1958; x_wconf 87' lang='lat'>«</span> <span class='ocrx_word' id='word_1_330' title='bbox 672 1935 763 1958; x_wconf 86' lang='lat' dir='ltr'><em>Beulle</em></span> <span class='ocrx_word' id='word_1_331' title='bbox 779 1936 811 1968; x_wconf 78' lang='lat'><em>»),</em></span> <span class='ocrx_word' id='word_1_332' title='bbox 828 1938 853 1959; x_wconf 82' lang='lat' dir='ltr'><em>et</em></span> <span class='ocrx_word' id='word_1_333' title='bbox 869 1935 989 1964; x_wconf 74' lang='lat' dir='ltr'><em>HALLER,</em></span> <span class='ocrx_word' id='word_1_334' title='bbox 1008 1936 1110 1960; x_wconf 78' lang='lat' dir='ltr'><em>concil.</em></span> <span class='ocrx_word' id='word_1_335' title='bbox 1126 1936 1226 1966; x_wconf 81' lang='lat' dir='ltr'><em>Basil.‚</em></span> <span class='ocrx_word' id='word_1_336' title='bbox 1241 1936 1272 1966; x_wconf 86' lang='lat'><em>11,</em></span> <span class='ocrx_word' id='word_1_337' title='bbox 1289 1944 1316 1967; x_wconf 87' lang='lat' dir='ltr'><em>p.</em></span> <span class='ocrx_word' id='word_1_338' title='bbox 1332 1936 1387 1965; x_wconf 78' lang='lat'><em>417,</em></span> <span class='ocrx_word' id='word_1_339' title='bbox 1403 1937 1443 1960; x_wconf 84' lang='lat'><em>35.</em></span> 
     </span>
    </p>
   </div>
   <div class='ocr_carea' id='block_1_13' title="bbox 423 2084 2300 2277">
    <p class='ocr_par' dir='ltr' id='par_1_13' title="bbox 423 2084 2300 2277">
     <span class='ocr_line' id='line_1_28' title="bbox 423 2084 2300 2129; baseline 0.001 -10"><span class='ocrx_word' id='word_1_340' title='bbox 423 2084 567 2122; x_wconf 79' lang='grc'><strong>2392.</strong></span> <span class='ocrx_word' id='word_1_341' title='bbox 590 2094 715 2119; x_wconf 77' lang='lat' dir='ltr'><em>lacobus</em></span> <span class='ocrx_word' id='word_1_342' title='bbox 736 2094 844 2129; x_wconf 64' lang='lat' dir='ltr'><em>Visclz‘,</em></span> <span class='ocrx_word' id='word_1_343' title='bbox 863 2095 989 2120; x_wconf 87' lang='lat' dir='ltr'><em>Parisiis</em></span> <span class='ocrx_word' id='word_1_344' title='bbox 1002 2095 1096 2121; x_wconf 89' lang='lat' dir='ltr'><em>licent.</em></span> <span class='ocrx_word' id='word_1_345' title='bbox 1117 2096 1145 2120; x_wconf 86' lang='lat' dir='ltr'><em>in</em></span> <span class='ocrx_word' id='word_1_346' title='bbox 1161 2095 1284 2121; x_wconf 86' lang='lat' dir='ltr'><em>decretis</em></span> <span class='ocrx_word' id='word_1_347' title='bbox 1301 2103 1363 2120; x_wconf 89' lang='lat' dir='ltr'><em>cum</em></span> <span class='ocrx_word' id='word_1_348' title='bbox 1376 2095 1470 2129; x_wconf 78' lang='lat' dir='ltr'><em>rigore</em></span> <span class='ocrx_word' id='word_1_349' title='bbox 1485 2094 1639 2129; x_wconf 77' lang='lat' dir='ltr'><em>examinis,</em></span> <span class='ocrx_word' id='word_1_350' title='bbox 1655 2103 1729 2120; x_wconf 88' lang='lat' dir='ltr'><em>nunc</em></span> <span class='ocrx_word' id='word_1_351' title='bbox 1741 2098 1836 2120; x_wconf 87' lang='lat' dir='ltr'><em>autem</em></span> <span class='ocrx_word' id='word_1_352' title='bbox 1847 2094 1961 2126; x_wconf 86' lang='lat' dir='ltr'><em>Papiae</em></span> <span class='ocrx_word' id='word_1_353' title='bbox 1972 2093 2101 2128; x_wconf 84' lang='lat' dir='ltr'><em>studens,</em></span> <span class='ocrx_word' id='word_1_354' title='bbox 2115 2093 2244 2128; x_wconf 76' lang='lat' dir='ltr'><em>Eugenio</em></span> <span class='ocrx_word' id='word_1_355' title='bbox 2255 2095 2300 2121; x_wconf 84' lang='lat' dir='ltr'><em>IV</em></span> 
     </span>
     <span class='ocr_line' id='line_1_29' title="bbox 511 2142 2294 2179; baseline 0.001 -11"><span class='ocrx_word' id='word_1_356' title='bbox 511 2143 667 2179; x_wconf 84' lang='lat' dir='ltr'><em>supplicat,</em></span> <span class='ocrx_word' id='word_1_357' title='bbox 691 2147 722 2169; x_wconf 84' lang='lat' dir='ltr'><em>ut</em></span> <span class='ocrx_word' id='word_1_358' title='bbox 745 2152 808 2169; x_wconf 88' lang='lat' dir='ltr'><em>sese</em></span> <span class='ocrx_word' id='word_1_359' title='bbox 832 2152 850 2169; x_wconf 91' lang='lat' dir='ltr'><em>a</em></span> <span class='ocrx_word' id='word_1_360' title='bbox 868 2145 1034 2178; x_wconf 89' lang='lat' dir='ltr'><em>juramento</em></span> <span class='ocrx_word' id='word_1_361' title='bbox 1053 2144 1179 2169; x_wconf 89' lang='lat' dir='ltr'><em>Parisiis</em></span> <span class='ocrx_word' id='word_1_362' title='bbox 1201 2143 1292 2170; x_wconf 87' lang='lat' dir='ltr'><em>solum</em></span> <span class='ocrx_word' id='word_1_363' title='bbox 1313 2144 1441 2179; x_wconf 76' lang='lat' dir='ltr'><em>insignia</em></span> <span class='ocrx_word' id='word_1_364' title='bbox 1461 2143 1628 2170; x_wconf 88' lang='lat' dir='ltr'><em>doctoratus</em></span> <span class='ocrx_word' id='word_1_365' title='bbox 1653 2143 1813 2179; x_wconf 86' lang='lat' dir='ltr'><em>recipiendi</em></span> <span class='ocrx_word' id='word_1_366' title='bbox 1836 2143 1938 2175; x_wconf 86' lang='lat' dir='ltr'><em>solvat,</em></span> <span class='ocrx_word' id='word_1_367' title='bbox 1960 2152 2023 2169; x_wconf 88' lang='lat' dir='ltr'><em>cum</em></span> <span class='ocrx_word' id='word_1_368' title='bbox 2043 2142 2171 2169; x_wconf 88' lang='lat' dir='ltr'><em>studium</em></span> <span class='ocrx_word' id='word_1_369' title='bbox 2195 2143 2294 2170; x_wconf 83' lang='lat' dir='ltr'><em>Paris.</em></span> 
     </span>
     <span class='ocr_line' id='line_1_30' title="bbox 512 2191 2297 2228; baseline 0 -11"><span class='ocrx_word' id='word_1_370' title='bbox 512 2200 527 2217; x_wconf 71' lang='lat' dir='ltr'><em>ox</em></span> <span class='ocrx_word' id='word_1_371' title='bbox 545 2195 664 2228; x_wconf 85' lang='lat' dir='ltr'><em>propter</em></span> <span class='ocrx_word' id='word_1_372' title='bbox 682 2201 804 2226; x_wconf 82' lang='lat' dir='ltr'><em>guerras</em></span> <span class='ocrx_word' id='word_1_373' title='bbox 821 2196 848 2218; x_wconf 90' lang='lat' dir='ltr'><em>et</em></span> <span class='ocrx_word' id='word_1_374' title='bbox 867 2192 945 2218; x_wconf 89' lang='lat' dir='ltr'><em>alias</em></span> <span class='ocrx_word' id='word_1_375' title='bbox 967 2193 1064 2218; x_wconf 83' lang='lat' dir='ltr'><em>varias</em></span> <span class='ocrx_word' id='word_1_376' title='bbox 1083 2192 1269 2218; x_wconf 86' lang='lat' dir='ltr'><em>calamitates</em></span> <span class='ocrx_word' id='word_1_377' title='bbox 1285 2193 1446 2228; x_wconf 79' lang='lat' dir='ltr'><em>pestiferas</em></span> <span class='ocrx_word' id='word_1_378' title='bbox 1467 2192 1539 2219; x_wconf 91' lang='lat' dir='ltr'><em>inibi</em></span> <span class='ocrx_word' id='word_1_379' title='bbox 1560 2192 1684 2227; x_wconf 79' lang='lat' dir='ltr'><em>vigentes</em></span> <span class='ocrx_word' id='word_1_380' title='bbox 1702 2193 1812 2218; x_wconf 75' lang='lat' dir='ltr'><em>existat</em></span> <span class='ocrx_word' id='word_1_381' title='bbox 1828 2192 1991 2218; x_wconf 83' lang='lat' dir='ltr'><em>desolatum</em></span> <span class='ocrx_word' id='word_1_382' title='bbox 2007 2201 2031 2227; x_wconf 82' lang='lat'><em>›,</em></span> <span class='ocrx_word' id='word_1_383' title='bbox 2054 2195 2082 2218; x_wconf 87' lang='lat' dir='ltr'><em>et</em></span> <span class='ocrx_word' id='word_1_384' title='bbox 2097 2191 2165 2217; x_wconf 87' lang='lat' dir='ltr'><em>illuc</em></span> <span class='ocrx_word' id='word_1_385' title='bbox 2178 2195 2297 2228; x_wconf 80' lang='lat' dir='ltr'><em>propter</em></span> 
     </span>
     <span class='ocr_line' id='line_1_31' title="bbox 514 2240 2296 2277; baseline 0.001 -12"><span class='ocrx_word' id='word_1_386' title='bbox 514 2241 622 2266; x_wconf 83' lang='lat' dir='ltr'><em>viarum</em></span> <span class='ocrx_word' id='word_1_387' title='bbox 638 2240 808 2266; x_wconf 89' lang='lat' dir='ltr'><em>discrimina</em></span> <span class='ocrx_word' id='word_1_388' title='bbox 822 2241 959 2267; x_wconf 86' lang='lat' dir='ltr'><em>accedere</em></span> <span class='ocrx_word' id='word_1_389' title='bbox 974 2250 1030 2267; x_wconf 87' lang='lat' dir='ltr'><em>non</em></span> <span class='ocrx_word' id='word_1_390' title='bbox 1042 2242 1145 2277; x_wconf 88' lang='lat' dir='ltr'><em>possit.</em></span> <span class='ocrx_word' id='word_1_391' title='bbox 1163 2241 1326 2276; x_wconf 77' lang='lat' dir='ltr'><em>Jndulgeat,</em></span> <span class='ocrx_word' id='word_1_392' title='bbox 1350 2245 1380 2267; x_wconf 88' lang='lat' dir='ltr'><em>ut</em></span> <span class='ocrx_word' id='word_1_393' title='bbox 1395 2251 1411 2267; x_wconf 86' lang='lat'><strong>‹</strong></span> <span class='ocrx_word' id='word_1_394' title='bbox 1431 2242 1460 2267; x_wconf 93' lang='lat' dir='ltr'><em>in</em></span> <span class='ocrx_word' id='word_1_395' title='bbox 1482 2241 1582 2277; x_wconf 88' lang='lat' dir='ltr'><em>aliquo</em></span> <span class='ocrx_word' id='word_1_396' title='bbox 1599 2243 1712 2275; x_wconf 80' lang='lat' dir='ltr'><em>famoso</em></span> <span class='ocrx_word' id='word_1_397' title='bbox 1732 2241 1829 2267; x_wconf 89' lang='lat' dir='ltr'><em>studio</em></span> <span class='ocrx_word' id='word_1_398' title='bbox 1847 2250 1863 2267; x_wconf 80' lang='lat'><strong>›</strong></span> <span class='ocrx_word' id='word_1_399' title='bbox 1882 2241 1935 2267; x_wconf 85' lang='lat' dir='ltr'><em>sub</em></span> <span class='ocrx_word' id='word_1_400' title='bbox 1957 2241 2057 2276; x_wconf 86' lang='lat' dir='ltr'><em>aliquo</em></span> <span class='ocrx_word' id='word_1_401' title='bbox 2079 2240 2195 2267; x_wconf 84' lang='lat' dir='ltr'><em>doctore</em></span> <span class='ocrx_word' id='word_1_402' title='bbox 2214 2249 2296 2277; x_wconf 86' lang='lat' dir='ltr'><em>quem</em></span> 
     </span>
    </p>
   </div>
   <div class='ocr_carea' id='block_1_14' title="bbox 514 2289 2298 2373">
    <p class='ocr_par' dir='ltr' id='par_1_14' title="bbox 514 2289 2298 2373">
     <span class='ocr_line' id='line_1_32' title="bbox 514 2289 2298 2326; baseline 0.001 -11"><span class='ocrx_word' id='word_1_403' title='bbox 514 2289 632 2324; x_wconf 81' lang='lat' dir='ltr'><em>elegerit</em></span> <span class='ocrx_word' id='word_1_404' title='bbox 647 2289 826 2316; x_wconf 83' lang='lat' dir='ltr'><em>doctoratum</em></span> <span class='ocrx_word' id='word_1_405' title='bbox 842 2299 903 2316; x_wconf 88' lang='lat' dir='ltr'><em>cum</em></span> <span class='ocrx_word' id='word_1_406' title='bbox 917 2289 1077 2326; x_wconf 78' lang='lat' dir='ltr'><em>privilegiis</em></span> <span class='ocrx_word' id='word_1_407' title='bbox 1090 2290 1300 2316; x_wconf 87' lang='lat' dir='ltr'><em>Parisiensium</em></span> <span class='ocrx_word' id='word_1_408' title='bbox 1317 2291 1443 2326; x_wconf 81' lang='lat' dir='ltr'><em>recipere</em></span> <span class='ocrx_word' id='word_1_409' title='bbox 1453 2290 1558 2324; x_wconf 85' lang='lat' dir='ltr'><em>possit.</em></span> <span class='ocrx_word' id='word_1_410' title='bbox 1576 2291 1647 2317; x_wconf 86' lang='lat' dir='ltr'><em>Fiat.</em></span> <span class='ocrx_word' id='word_1_411' title='bbox 1662 2291 1695 2317; x_wconf 93' lang='lat' dir='ltr'><em>G.</em></span> <span class='ocrx_word' id='word_1_412' title='bbox 1712 2306 1748 2310; x_wconf 96' lang='lat'>—</span> <span class='ocrx_word' id='word_1_413' title='bbox 1762 2291 1827 2316; x_wconf 88' lang='lat' dir='ltr'><em>Dat.</em></span> <span class='ocrx_word' id='word_1_414' title='bbox 1843 2291 1935 2317; x_wconf 88' lang='lat' dir='ltr'><em>Rome</em></span> <span class='ocrx_word' id='word_1_415' title='bbox 1947 2291 2027 2324; x_wconf 82' lang='lat' dir='ltr'><em>apud</em></span> <span class='ocrx_word' id='word_1_416' title='bbox 2042 2290 2069 2317; x_wconf 90' lang='lat' dir='ltr'><em>S.</em></span> <span class='ocrx_word' id='word_1_417' title='bbox 2082 2290 2203 2317; x_wconf 84' lang='lat' dir='ltr'><em>Petrum</em></span> <span class='ocrx_word' id='word_1_418' title='bbox 2217 2297 2298 2317; x_wconf 91' lang='lat' dir='ltr'><em>nono</em></span> 
     </span>
     <span class='ocr_line' id='line_1_33' title="bbox 516 2338 965 2373; baseline 0.007 -10"><span class='ocrx_word' id='word_1_419' title='bbox 516 2338 572 2364; x_wconf 88' lang='lat' dir='ltr'><em>kal.</em></span> <span class='ocrx_word' id='word_1_420' title='bbox 589 2338 747 2373; x_wconf 65' lang='lat' dir='ltr'><em>Septemb,</em></span> <span class='ocrx_word' id='word_1_421' title='bbox 764 2347 843 2365; x_wconf 85' lang='lat' dir='ltr'><em>anno</em></span> <span class='ocrx_word' id='word_1_422' title='bbox 858 2339 965 2373; x_wconf 86' lang='lat' dir='ltr'><em>primo.</em></span> 
     </span>
    </p>
   </div>
   <div class='ocr_carea' id='block_1_15' title="bbox 521 2393 2010 2458">
    <p class='ocr_par' dir='ltr' id='par_1_15' title="bbox 521 2393 2010 2458">
     <span class='ocr_line' id='line_1_34' title="bbox 521 2393 2010 2458; baseline 0.001 -9"><span class='ocrx_word' id='word_1_423' title='bbox 521 2426 615 2457; x_wconf 79' lang='lat' dir='ltr'><em>Suppl.</em></span> <span class='ocrx_word' id='word_1_424' title='bbox 633 2427 744 2458; x_wconf 71' lang='lat' dir='ltr'><em>Eugenii</em></span> <span class='ocrx_word' id='word_1_425' title='bbox 758 2427 799 2456; x_wconf 88' lang='lat' dir='ltr'><em>1v,</em></span> <span class='ocrx_word' id='word_1_426' title='bbox 811 2431 840 2450; x_wconf 79' lang='lat' dir='ltr'><em>no</em></span> <span class='ocrx_word' id='word_1_427' title='bbox 855 2428 909 2456; x_wconf 75' lang='lat'><em>264,</em></span> <span class='ocrx_word' id='word_1_428' title='bbox 927 2428 970 2451; x_wconf 66' lang='grc' dir='ltr'><em>τοι.</em></span> <span class='ocrx_word' id='word_1_429' title='bbox 988 2427 1023 2451; x_wconf 70' lang='lat'><em>2¹2.</em></span> <span class='ocrx_word' id='word_1_430' title='bbox 1647 2393 1715 2423; x_wconf 79' lang='lat'><em>1437,</em></span> <span class='ocrx_word' id='word_1_431' title='bbox 1730 2393 1837 2426; x_wconf 67' lang='lat' dir='ltr'><em>Augusti</em></span> <span class='ocrx_word' id='word_1_432' title='bbox 1849 2393 1893 2422; x_wconf 73' lang='lat'><em>24.</em></span> <span class='ocrx_word' id='word_1_433' title='bbox 1908 2393 2010 2419; x_wconf 76' lang='lat' dir='ltr'><em>Romae.</em></span> 
     </span>
    </p>
   </div>
   <div class='ocr_carea' id='block_1_16' title="bbox 430 2510 2299 2586">
    <p class='ocr_par' dir='ltr' id='par_1_16' title="bbox 430 2510 2299 2586">
     <span class='ocr_line' id='line_1_35' title="bbox 522 2510 2299 2543; baseline -0.001 -8"><span class='ocrx_word' id='word_1_434' title='bbox 522 2510 547 2535; x_wconf 80' lang='grc'><em>1.</em></span> <span class='ocrx_word' id='word_1_435' title='bbox 564 2511 614 2534; x_wconf 87' lang='lat' dir='ltr'><em>Seu</em></span> <span class='ocrx_word' id='word_1_436' title='bbox 631 2519 642 2534; x_wconf 87' lang='lat'><em>&lt;‹</em></span> <span class='ocrx_word' id='word_1_437' title='bbox 659 2511 737 2534; x_wconf 89' lang='lat' dir='ltr'><em>Fisch</em></span> <span class='ocrx_word' id='word_1_438' title='bbox 754 2520 775 2540; x_wconf 68' lang='grc' dir='ltr'><em>ι),</em></span> <span class='ocrx_word' id='word_1_439' title='bbox 793 2512 838 2543; x_wconf 91' lang='lat' dir='ltr'><em>qui</em></span> <span class='ocrx_word' id='word_1_440' title='bbox 855 2520 937 2543; x_wconf 84' lang='lat' dir='ltr'><em>supra</em></span> <span class='ocrx_word' id='word_1_441' title='bbox 952 2516 981 2535; x_wconf 87' lang='lat' dir='ltr'><em>n⁰</em></span> <span class='ocrx_word' id='word_1_442' title='bbox 993 2513 1054 2535; x_wconf 83' lang='lat'><strong>2308</strong></span> <span class='ocrx_word' id='word_1_443' title='bbox 1069 2512 1102 2535; x_wconf 80' lang='lat' dir='ltr'><em>ad</em></span> <span class='ocrx_word' id='word_1_444' title='bbox 1124 2520 1166 2536; x_wconf 80' lang='lat' dir='ltr'><em>an.</em></span> <span class='ocrx_word' id='word_1_445' title='bbox 1184 2513 1254 2541; x_wconf 75' lang='lat'><em>1428,</em></span> <span class='ocrx_word' id='word_1_446' title='bbox 1271 2513 1376 2543; x_wconf 80' lang='lat' dir='ltr'><em>quando</em></span> <span class='ocrx_word' id='word_1_447' title='bbox 1391 2512 1542 2536; x_wconf 80' lang='lat' dir='ltr'><em>licentiatus</em></span> <span class='ocrx_word' id='word_1_448' title='bbox 1563 2515 1611 2542; x_wconf 79' lang='lat' dir='ltr'><em>est,</em></span> <span class='ocrx_word' id='word_1_449' title='bbox 1632 2515 1742 2536; x_wconf 79' lang='lat' dir='ltr'><em>vocatur</em></span> <span class='ocrx_word' id='word_1_450' title='bbox 1757 2512 1838 2535; x_wconf 83' lang='lat' dir='ltr'><em>latine</em></span> <span class='ocrx_word' id='word_1_451' title='bbox 1855 2520 1866 2535; x_wconf 74' lang='lat' dir='ltr'><em>a</em></span> <span class='ocrx_word' id='word_1_452' title='bbox 1885 2511 1968 2535; x_wconf 86' lang='lat' dir='ltr'><em>Piscis</em></span> <span class='ocrx_word' id='word_1_453' title='bbox 1983 2519 2006 2535; x_wconf 87' lang='lat'><em>».</em></span> <span class='ocrx_word' id='word_1_454' title='bbox 2024 2511 2084 2535; x_wconf 83' lang='lat' dir='ltr'><em>Fuit</em></span> <span class='ocrx_word' id='word_1_455' title='bbox 2098 2511 2258 2534; x_wconf 79' lang='lat' dir='ltr'><em>Alemannus</em></span> <span class='ocrx_word' id='word_1_456' title='bbox 2274 2514 2299 2535; x_wconf 80' lang='lat' dir='ltr'><em>et</em></span> 
     </span>
     <span class='ocr_line' id='line_1_36' title="bbox 430 2554 655 2586; baseline 0.009 -9"><span class='ocrx_word' id='word_1_457' title='bbox 430 2554 525 2578; x_wconf 84' lang='lat' dir='ltr'><em>nobilis</em></span> <span class='ocrx_word' id='word_1_458' title='bbox 541 2555 655 2586; x_wconf 84' lang='lat' dir='ltr'><em>generis.</em></span> 
     </span>
    </p>
   </div>
   <div class='ocr_carea' id='block_1_17' title="bbox 433 2663 2066 2770">
    <p class='ocr_par' dir='ltr' id='par_1_17' title="bbox 433 2663 2066 2770">
     <span class='ocr_line' id='line_1_37' title="bbox 433 2663 1125 2710; baseline 0.003 -11"><span class='ocrx_word' id='word_1_459' title='bbox 433 2663 736 2700; x_wconf 78' lang='lat' dir='ltr'><em>2393.Cu1·s0res</em></span> <span class='ocrx_word' id='word_1_460' title='bbox 753 2674 781 2700; x_wconf 90' lang='lat' dir='ltr'><em>in</em></span> <span class='ocrx_word' id='word_1_461' title='bbox 796 2675 941 2708; x_wconf 82' lang='lat' dir='ltr'><em>facultate</em></span> <span class='ocrx_word' id='word_1_462' title='bbox 955 2675 1125 2710; x_wconf 84' lang='lat' dir='ltr'><em>theologiae.</em></span> 
     </span>
     <span class='ocr_line' id='line_1_38' title="bbox 1471 2726 2066 2770; baseline -0.005 -16"><span class='ocrx_word' id='word_1_463' title='bbox 1471 2728 1544 2758; x_wconf 81' lang='lat'><em>1430,</em></span> <span class='ocrx_word' id='word_1_464' title='bbox 1563 2727 1734 2757; x_wconf 52' lang='lat' dir='ltr'><em>veroa-1437,</em></span> <span class='ocrx_word' id='word_1_465' title='bbox 1749 2726 1885 2760; x_wconf 78' lang='lat' dir='ltr'><em>Septemb..</em></span> <span class='ocrx_word' id='word_1_466' title='bbox 1900 2726 2015 2752; x_wconf 66' lang='lat' dir='ltr'><em>Pariffl&#39;is.</em></span> <span class='ocrx_word' id='word_1_467' title='bbox 2062 2765 2066 2770; x_wconf 93' lang='lat'><em>.</em></span> 
     </span>
    </p>
   </div>
   <div class='ocr_carea' id='block_1_18' title="bbox 524 2812 2167 2850">
    <p class='ocr_par' dir='ltr' id='par_1_18' title="bbox 524 2812 2167 2850">
     <span class='ocr_line' id='line_1_39' title="bbox 524 2812 2167 2850; baseline 0.001 -13"><span class='ocrx_word' id='word_1_468' title='bbox 524 2812 598 2838; x_wconf 82' lang='lat' dir='ltr'><em>Frat.</em></span> <span class='ocrx_word' id='word_1_469' title='bbox 624 2813 791 2845; x_wconf 79' lang='lat' dir='ltr'><em>Alphonsus</em></span> <span class='ocrx_word' id='word_1_470' title='bbox 817 2815 853 2841; x_wconf 88' lang='lat' dir='ltr'><em>de</em></span> <span class='ocrx_word' id='word_1_471' title='bbox 882 2815 909 2841; x_wconf 89' lang='lat' dir='ltr'><em>la</em></span> <span class='ocrx_word' id='word_1_472' title='bbox 926 2815 1060 2846; x_wconf 76' lang='lat' dir='ltr'><em>Puebla⁴‚</em></span> <span class='ocrx_word' id='word_1_473' title='bbox 1082 2816 1151 2842; x_wconf 90' lang='lat' dir='ltr'><em>Ord.</em></span> <span class='ocrx_word' id='word_1_474' title='bbox 1174 2816 1200 2842; x_wconf 91' lang='lat' dir='ltr'><em>S.</em></span> <span class='ocrx_word' id='word_1_475' title='bbox 1222 2816 1337 2847; x_wconf 77' lang='lat' dir='ltr'><em>Trinit.‚</em></span> <span class='ocrx_word' id='word_1_476' title='bbox 1470 2817 1544 2850; x_wconf 81' lang='lat' dir='ltr'><em>Mag.</em></span> <span class='ocrx_word' id='word_1_477' title='bbox 1562 2817 1693 2843; x_wconf 85' lang='lat' dir='ltr'><em>Matheus</em></span> <span class='ocrx_word' id='word_1_478' title='bbox 1708 2816 1832 2846; x_wconf 75' lang='lat' dir='ltr'><em>Andree.</em></span> <span class='ocrx_word' id='word_1_479' title='bbox 1848 2824 1864 2850; x_wconf 89' lang='lat'><strong>9</strong></span> <span class='ocrx_word' id='word_1_480' title='bbox 1878 2814 2009 2844; x_wconf 72' lang='lat' dir='ltr'><em>,Ianuarii</em></span> <span class='ocrx_word' id='word_1_481' title='bbox 2027 2817 2076 2839; x_wconf 70' lang='lat'>1⁰¹¹·</span> <span class='ocrx_word' id='word_1_482' title='bbox 2091 2821 2167 2840; x_wconf 88' lang='lat' dir='ltr'><em>curs.</em></span> 
     </span>
    </p>
   </div>
   <div class='ocr_carea' id='block_1_19' title="bbox 437 2859 2227 2898">
    <p class='ocr_par' dir='ltr' id='par_1_19' title="bbox 437 2859 2227 2898">
     <span class='ocr_line' id='line_1_40' title="bbox 437 2859 2227 2898; baseline -0.003 -7"><span class='ocrx_word' id='word_1_483' title='bbox 437 2859 468 2883; x_wconf 77' lang='lat'><em>25</em></span> <span class='ocrx_word' id='word_1_484' title='bbox 485 2859 584 2886; x_wconf 62' lang='lat' dir='ltr'>octob·</span> <span class='ocrx_word' id='word_1_485' title='bbox 605 2867 654 2886; x_wconf 65' lang='lat'><em>1⁰³¹</em></span> <span class='ocrx_word' id='word_1_486' title='bbox 671 2870 744 2887; x_wconf 76' lang='lat' dir='ltr'><em>curs·</em></span> <span class='ocrx_word' id='word_1_487' title='bbox 1487 2880 1523 2884; x_wconf 97' lang='lat'><strong>—</strong></span> <span class='ocrx_word' id='word_1_488' title='bbox 1560 2865 1737 2891; x_wconf 84' lang='lat' dir='ltr'><em>Guillelmus</em></span> <span class='ocrx_word' id='word_1_489' title='bbox 1750 2864 1877 2897; x_wconf 78' lang='lat' dir='ltr'><em>Aubery,</em></span> <span class='ocrx_word' id='word_1_490' title='bbox 1896 2872 1927 2898; x_wconf 85' lang='lat'><em>19</em></span> <span class='ocrx_word' id='word_1_491' title='bbox 1940 2861 2071 2889; x_wconf 86' lang='lat' dir='ltr'><em>Januarii</em></span> <span class='ocrx_word' id='word_1_492' title='bbox 2085 2866 2135 2887; x_wconf 70' lang='lat' dir='ltr'><em>tum</em></span> <span class='ocrx_word' id='word_1_493' title='bbox 2151 2868 2227 2887; x_wconf 87' lang='lat' dir='ltr'><em>curs.</em></span> 
     </span>
    </p>
   </div>
   <div class='ocr_carea' id='block_1_20' title="bbox 2445 1654 2502 3418">
    <p class='ocr_par' dir='ltr' id='par_1_20' title="bbox 2445 1654 2502 3418">
     <span class='ocr_line' id='line_1_41' title="bbox 2445 1654 2502 3418; baseline 0 0"><span class='ocrx_word' id='word_1_494' title='bbox 2445 1654 2502 3418; x_wconf 95' lang='lat' dir='ltr'><em> </em></span> 
     </span>
    </p>
   </div>
  </div>
 </body>
</html>
