<?xml version="1.0" encoding="UTF-8"?>
<!DOCTYPE html PUBLIC "-//W3C//DTD XHTML 1.0 Transitional//EN"
    "http://www.w3.org/TR/xhtml1/DTD/xhtml1-transitional.dtd">
<html xmlns="http://www.w3.org/1999/xhtml" xml:lang="en" lang="en">
 <head>
  <title>
</title>
<meta http-equiv="Content-Type" content="text/html;charset=utf-8" />
  <meta name='ocr-system' content='tesseract 3.04.00' />
  <meta name='ocr-capabilities' content='ocr_page ocr_carea ocr_par ocr_line ocrx_word'/>
</head>
<body>
  <div class='ocr_page' id='page_1' title='image "./chartulariumuniv04univuoft_0295.png"; bbox 0 0 2502 3418; ppageno 0'>
   <div class='ocr_carea' id='block_1_1' title="bbox 254 337 1776 378">
    <p class='ocr_par' dir='ltr' id='par_1_1' title="bbox 254 337 1776 378">
     <span class='ocr_line' id='line_1_1' title="bbox 254 337 1776 378; baseline 0.001 -6"><span class='ocrx_word' id='word_1_1' title='bbox 254 337 349 373; x_wconf 74' lang='lat'><strong>1412]</strong></span> <span class='ocrx_word' id='word_1_2' title='bbox 489 340 491 342; x_wconf 71' lang='grc'><strong>’</strong></span> <span class='ocrx_word' id='word_1_3' title='bbox 593 351 638 371; x_wconf 65' lang='grc' dir='ltr'>ΑΒ</span> <span class='ocrx_word' id='word_1_4' title='bbox 673 351 778 372; x_wconf 59' lang='grc' dir='ltr'><strong>,111Νο</strong></span> <span class='ocrx_word' id='word_1_5' title='bbox 813 350 1105 372; x_wconf 77' lang='lat' dir='ltr'>MCCCLXXXXtv</span> <span class='ocrx_word' id='word_1_6' title='bbox 1140 350 1272 378; x_wconf 72' lang='lat' dir='ltr'><strong>USQtE</strong></span> <span class='ocrx_word' id='word_1_7' title='bbox 1308 351 1355 371; x_wconf 54' lang='lat' dir='ltr'>¹xn</span> <span class='ocrx_word' id='word_1_8' title='bbox 1393 351 1531 372; x_wconf 53' lang='grc' dir='ltr'><strong>ΔΝΜ-11</strong></span> <span class='ocrx_word' id='word_1_9' title='bbox 1571 353 1776 374; x_wconf 57' lang='grc'><strong>1100110111.</strong></span> 
     </span>
    </p>
   </div>
   <div class='ocr_carea' id='block_1_2' title="bbox 2056 347 2098 378">
    <p class='ocr_par' dir='ltr' id='par_1_2' title="bbox 2056 347 2098 378">
     <span class='ocr_line' id='line_1_2' title="bbox 2056 347 2074 378; textangle 90"><span class='ocrx_word' id='word_1_10' title='bbox 2056 347 2074 378; x_wconf 67' lang='lat' dir='ltr'>[Q</span> 
     </span>
     <span class='ocr_line' id='line_1_3' title="bbox 2079 347 2098 378; textangle 90"><span class='ocrx_word' id='word_1_11' title='bbox 2079 347 2098 378; x_wconf 73' lang='lat'>01</span> 
     </span>
    </p>
   </div>
   <div class='ocr_carea' id='block_1_3' title="bbox 254 466 1476 511">
    <p class='ocr_par' dir='ltr' id='par_1_3' title="bbox 254 466 1476 511">
     <span class='ocr_line' id='line_1_4' title="bbox 254 466 1476 511; baseline -0.002 -8"><span class='ocrx_word' id='word_1_12' title='bbox 254 466 392 503; x_wconf 80' lang='grc'><strong>1965.</strong></span> <span class='ocrx_word' id='word_1_13' title='bbox 416 484 431 501; x_wconf 82' lang='grc'><strong><em>«</em></strong></span> <span class='ocrx_word' id='word_1_14' title='bbox 446 477 614 501; x_wconf 68' lang='lat' dir='ltr'>duramenta</span> <span class='ocrx_word' id='word_1_15' title='bbox 630 476 748 501; x_wconf 82' lang='lat' dir='ltr'>rectoris</span> <span class='ocrx_word' id='word_1_16' title='bbox 762 476 790 501; x_wconf 84' lang='lat' dir='ltr'>in</span> <span class='ocrx_word' id='word_1_17' title='bbox 801 476 950 511; x_wconf 78' lang='lat' dir='ltr'><em>presentia</em></span> <span class='ocrx_word' id='word_1_18' title='bbox 965 475 1119 509; x_wconf 80' lang='lat' dir='ltr'><em>facultatis</em></span> <span class='ocrx_word' id='word_1_19' title='bbox 1136 476 1165 501; x_wconf 85' lang='grc' dir='ltr'>ἱη</span> <span class='ocrx_word' id='word_1_20' title='bbox 1180 484 1235 501; x_wconf 78' lang='lat' dir='ltr'>sua</span> <span class='ocrx_word' id='word_1_21' title='bbox 1253 476 1443 501; x_wconf 75' lang='lat' dir='ltr'>institutione.</span> <span class='ocrx_word' id='word_1_22' title='bbox 1463 486 1476 500; x_wconf 80' lang='lat'>»</span> 
     </span>
    </p>
   </div>
   <div class='ocr_carea' id='block_1_4' title="bbox 1416 558 1831 590">
    <p class='ocr_par' dir='ltr' id='par_1_4' title="bbox 1416 558 1831 590">
     <span class='ocr_line' id='line_1_5' title="bbox 1416 558 1831 590; baseline 0.005 -7"><span class='ocrx_word' id='word_1_23' title='bbox 1416 558 1485 588; x_wconf 78' lang='lat'>7472,</span> <span class='ocrx_word' id='word_1_24' title='bbox 1500 561 1563 590; x_wconf 75' lang='lat' dir='ltr'>post</span> <span class='ocrx_word' id='word_1_25' title='bbox 1577 559 1662 584; x_wconf 75' lang='lat' dir='ltr'>Martii</span> <span class='ocrx_word' id='word_1_26' title='bbox 1679 560 1701 588; x_wconf 84' lang='lat'>7,</span> <span class='ocrx_word' id='word_1_27' title='bbox 1716 560 1831 586; x_wconf 73' lang='lat' dir='ltr'>Parisiis.</span> 
     </span>
    </p>
   </div>
   <div class='ocr_carea' id='block_1_5' title="bbox 244 645 2124 1960">
    <p class='ocr_par' dir='ltr' id='par_1_5' title="bbox 252 645 2116 746">
     <span class='ocr_line' id='line_1_6' title="bbox 338 645 2116 691; baseline 0.001 -12"><span class='ocrx_word' id='word_1_28' title='bbox 338 648 411 679; x_wconf 66' lang='lat' dir='ltr'>Vos</span> <span class='ocrx_word' id='word_1_29' title='bbox 435 646 619 691; x_wconf 87' lang='lat' dir='ltr'>jurabitis,</span> <span class='ocrx_word' id='word_1_30' title='bbox 649 647 747 691; x_wconf 92' lang='lat' dir='ltr'>quod</span> <span class='ocrx_word' id='word_1_31' title='bbox 777 646 935 679; x_wconf 88' lang='lat' dir='ltr'>fideliter</span> <span class='ocrx_word' id='word_1_32' title='bbox 960 645 1178 678; x_wconf 85' lang='lat' dir='ltr'>exercebitis</span> <span class='ocrx_word' id='word_1_33' title='bbox 1207 645 1364 678; x_wconf 88' lang='lat' dir='ltr'>officium</span> <span class='ocrx_word' id='word_1_34' title='bbox 1397 647 1553 678; x_wconf 87' lang='lat' dir='ltr'>reetorie</span> <span class='ocrx_word' id='word_1_35' title='bbox 1583 646 1626 678; x_wconf 92' lang='lat' dir='ltr'>ad</span> <span class='ocrx_word' id='word_1_36' title='bbox 1658 646 1831 679; x_wconf 76' lang='lat' dir='ltr'>honorem</span> <span class='ocrx_word' id='word_1_37' title='bbox 1864 654 1899 679; x_wconf 89' lang='lat' dir='ltr'>et</span> <span class='ocrx_word' id='word_1_38' title='bbox 1929 648 2116 681; x_wconf 72' lang='lat' dir='ltr'>utilitatem</span> 
     </span>
     <span class='ocr_line' id='line_1_7' title="bbox 252 713 926 746; baseline 0 -1"><span class='ocrx_word' id='word_1_39' title='bbox 252 713 506 746; x_wconf 86' lang='lat' dir='ltr'>Universitatis</span> <span class='ocrx_word' id='word_1_40' title='bbox 527 720 562 745; x_wconf 90' lang='lat' dir='ltr'>et</span> <span class='ocrx_word' id='word_1_41' title='bbox 581 713 761 746; x_wconf 75' lang='lat' dir='ltr'>facultatis</span> <span class='ocrx_word' id='word_1_42' title='bbox 783 713 926 745; x_wconf 86' lang='lat' dir='ltr'>artium.</span> 
     </span>
    </p>

    <p class='ocr_par' dir='ltr' id='par_1_6' title="bbox 248 779 2119 945">
     <span class='ocr_line' id='line_1_8' title="bbox 338 779 2116 825; baseline 0.001 -14"><span class='ocrx_word' id='word_1_43' title='bbox 338 781 439 820; x_wconf 89' lang='lat' dir='ltr'>ltem,</span> <span class='ocrx_word' id='word_1_44' title='bbox 458 780 555 824; x_wconf 92' lang='lat' dir='ltr'>quod</span> <span class='ocrx_word' id='word_1_45' title='bbox 577 780 619 812; x_wconf 85' lang='lat' dir='ltr'>ad</span> <span class='ocrx_word' id='word_1_46' title='bbox 641 779 941 824; x_wconf 85' lang='lat' dir='ltr'>supplicationem</span> <span class='ocrx_word' id='word_1_47' title='bbox 965 779 1022 812; x_wconf 90' lang='lat' dir='ltr'>vel</span> <span class='ocrx_word' id='word_1_48' title='bbox 1043 787 1249 823; x_wconf 80' lang='lat' dir='ltr'>requestam</span> <span class='ocrx_word' id='word_1_49' title='bbox 1272 780 1535 824; x_wconf 88' lang='lat' dir='ltr'>cujuscumque</span> <span class='ocrx_word' id='word_1_50' title='bbox 1557 786 1616 812; x_wconf 89' lang='lat' dir='ltr'>aut</span> <span class='ocrx_word' id='word_1_51' title='bbox 1643 780 1791 824; x_wconf 88' lang='lat' dir='ltr'>proprio</span> <span class='ocrx_word' id='word_1_52' title='bbox 1815 787 1911 813; x_wconf 85' lang='lat' dir='ltr'>motu</span> <span class='ocrx_word' id='word_1_53' title='bbox 1937 793 2116 825; x_wconf 88' lang='lat' dir='ltr'>nunquam</span> 
     </span>
     <span class='ocr_line' id='line_1_9' title="bbox 249 846 2119 892; baseline 0.001 -14"><span class='ocrx_word' id='word_1_54' title='bbox 249 846 392 890; x_wconf 86' lang='lat' dir='ltr'>ponetis</span> <span class='ocrx_word' id='word_1_55' title='bbox 413 847 450 878; x_wconf 93' lang='lat' dir='ltr'>in</span> <span class='ocrx_word' id='word_1_56' title='bbox 471 846 748 887; x_wconf 71' lang='lat' dir='ltr'>deliberatione,</span> <span class='ocrx_word' id='word_1_57' title='bbox 776 846 873 891; x_wconf 88' lang='lat' dir='ltr'>quod</span> <span class='ocrx_word' id='word_1_58' title='bbox 902 846 1009 878; x_wconf 86' lang='lat' dir='ltr'>alieni</span> <span class='ocrx_word' id='word_1_59' title='bbox 1036 846 1095 879; x_wconf 85' lang='lat' dir='ltr'>fiat</span> <span class='ocrx_word' id='word_1_60' title='bbox 1123 847 1236 891; x_wconf 84' lang='lat' dir='ltr'>gratia</span> <span class='ocrx_word' id='word_1_61' title='bbox 1258 846 1356 890; x_wconf 89' lang='lat' dir='ltr'>quod</span> <span class='ocrx_word' id='word_1_62' title='bbox 1383 846 1514 879; x_wconf 88' lang='lat' dir='ltr'>solutis</span> <span class='ocrx_word' id='word_1_63' title='bbox 1536 846 1724 879; x_wconf 83' lang='lat' dir='ltr'>solvendis</span> <span class='ocrx_word' id='word_1_64' title='bbox 1745 847 1991 880; x_wconf 75' lang='lat' dir='ltr'>determinans</span> <span class='ocrx_word' id='word_1_65' title='bbox 2014 860 2119 892; x_wconf 87' lang='lat' dir='ltr'>repu-</span> 
     </span>
     <span class='ocr_line' id='line_1_10' title="bbox 248 919 353 945; baseline -0.01 0"><span class='ocrx_word' id='word_1_66' title='bbox 248 919 353 945; x_wconf 89' lang='lat' dir='ltr'>tetur.</span> 
     </span>
    </p>

    <p class='ocr_par' dir='ltr' id='par_1_7' title="bbox 245 979 2120 1080">
     <span class='ocr_line' id='line_1_11' title="bbox 336 979 2120 1025; baseline 0.001 -13"><span class='ocrx_word' id='word_1_67' title='bbox 336 981 438 1019; x_wconf 88' lang='lat' dir='ltr'>Item,</span> <span class='ocrx_word' id='word_1_68' title='bbox 466 980 564 1024; x_wconf 92' lang='lat' dir='ltr'>quod</span> <span class='ocrx_word' id='word_1_69' title='bbox 590 991 712 1024; x_wconf 85' lang='lat' dir='ltr'>pacem</span> <span class='ocrx_word' id='word_1_70' title='bbox 741 992 857 1025; x_wconf 84' lang='lat' dir='ltr'>nuper</span> <span class='ocrx_word' id='word_1_71' title='bbox 886 981 1013 1012; x_wconf 88' lang='lat' dir='ltr'>saetam</span> <span class='ocrx_word' id='word_1_72' title='bbox 1044 980 1139 1012; x_wconf 90' lang='lat' dir='ltr'>inter</span> <span class='ocrx_word' id='word_1_73' title='bbox 1166 979 1353 1024; x_wconf 84' lang='lat' dir='ltr'>theologie</span> <span class='ocrx_word' id='word_1_74' title='bbox 1383 986 1418 1012; x_wconf 89' lang='lat' dir='ltr'>et</span> <span class='ocrx_word' id='word_1_75' title='bbox 1445 980 1574 1012; x_wconf 89' lang='lat' dir='ltr'>artium</span> <span class='ocrx_word' id='word_1_76' title='bbox 1601 980 1790 1013; x_wconf 77' lang='lat' dir='ltr'>facultates</span> <span class='ocrx_word' id='word_1_77' title='bbox 1816 981 1968 1013; x_wconf 89' lang='lat' dir='ltr'>firmiter</span> <span class='ocrx_word' id='word_1_78' title='bbox 1994 983 2120 1013; x_wconf 83' lang='lat' dir='ltr'>obser-</span> 
     </span>
     <span class='ocr_line' id='line_1_12' title="bbox 245 1046 387 1080; baseline -0.014 0"><span class='ocrx_word' id='word_1_79' title='bbox 245 1046 387 1080; x_wconf 86' lang='lat' dir='ltr'>vabitis.</span> 
     </span>
    </p>

    <p class='ocr_par' dir='ltr' id='par_1_8' title="bbox 246 1112 2122 1425">
     <span class='ocr_line' id='line_1_13' title="bbox 335 1112 2120 1158; baseline 0.001 -12"><span class='ocrx_word' id='word_1_80' title='bbox 335 1114 436 1154; x_wconf 88' lang='lat' dir='ltr'>Item,</span> <span class='ocrx_word' id='word_1_81' title='bbox 456 1113 553 1158; x_wconf 89' lang='lat' dir='ltr'>quod</span> <span class='ocrx_word' id='word_1_82' title='bbox 574 1125 639 1158; x_wconf 92' lang='lat' dir='ltr'>pro</span> <span class='ocrx_word' id='word_1_83' title='bbox 661 1114 806 1158; x_wconf 81' lang='lat' dir='ltr'>signeto</span> <span class='ocrx_word' id='word_1_84' title='bbox 828 1114 984 1146; x_wconf 82' lang='lat' dir='ltr'>reetorie</span> <span class='ocrx_word' id='word_1_85' title='bbox 1006 1113 1199 1158; x_wconf 82' lang='lat' dir='ltr'>quibusvis</span> <span class='ocrx_word' id='word_1_86' title='bbox 1220 1113 1352 1145; x_wconf 87' lang='lat' dir='ltr'>litteris</span> <span class='ocrx_word' id='word_1_87' title='bbox 1378 1113 1596 1158; x_wconf 87' lang='lat' dir='ltr'>apponendo</span> <span class='ocrx_word' id='word_1_88' title='bbox 1618 1112 1924 1146; x_wconf 66' lang='lat' dir='ltr'>ultra&#39;duodecim</span> <span class='ocrx_word' id='word_1_89' title='bbox 1949 1115 2120 1147; x_wconf 73' lang='lat' dir='ltr'>denarios</span> 
     </span>
     <span class='ocr_line' id='line_1_14' title="bbox 246 1179 2120 1225; baseline 0.001 -13"><span class='ocrx_word' id='word_1_90' title='bbox 246 1180 438 1225; x_wconf 81' lang='lat' dir='ltr'>parisiens.</span> <span class='ocrx_word' id='word_1_91' title='bbox 462 1192 535 1212; x_wconf 89' lang='lat' dir='ltr'>non</span> <span class='ocrx_word' id='word_1_92' title='bbox 556 1181 743 1225; x_wconf 90' lang='lat' dir='ltr'>recipietis</span> <span class='ocrx_word' id='word_1_93' title='bbox 760 1180 897 1213; x_wconf 80' lang='lat' dir='ltr'>directe</span> <span class='ocrx_word' id='word_1_94' title='bbox 914 1180 971 1213; x_wconf 88' lang='lat' dir='ltr'>vel</span> <span class='ocrx_word' id='word_1_95' title='bbox 992 1180 1184 1220; x_wconf 82' lang='lat' dir='ltr'>indirecte,</span> <span class='ocrx_word' id='word_1_96' title='bbox 1209 1179 1355 1225; x_wconf 90' lang='lat' dir='ltr'>publice</span> <span class='ocrx_word' id='word_1_97' title='bbox 1378 1180 1434 1213; x_wconf 88' lang='lat' dir='ltr'>vel</span> <span class='ocrx_word' id='word_1_98' title='bbox 1456 1180 1615 1220; x_wconf 69' lang='lat' dir='ltr'>occulte3</span> <span class='ocrx_word' id='word_1_99' title='bbox 1639 1192 1702 1225; x_wconf 88' lang='lat' dir='ltr'>pro</span> <span class='ocrx_word' id='word_1_100' title='bbox 1725 1181 1857 1213; x_wconf 87' lang='lat' dir='ltr'>litteris</span> <span class='ocrx_word' id='word_1_101' title='bbox 1879 1188 1995 1214; x_wconf 90' lang='lat' dir='ltr'>autem</span> <span class='ocrx_word' id='word_1_102' title='bbox 2020 1183 2120 1214; x_wconf 87' lang='lat' dir='ltr'>testi-</span> 
     </span>
     <span class='ocr_line' id='line_1_15' title="bbox 246 1246 2121 1293; baseline 0.001 -14"><span class='ocrx_word' id='word_1_103' title='bbox 246 1247 466 1280; x_wconf 87' lang='lat' dir='ltr'>monialibus</span> <span class='ocrx_word' id='word_1_104' title='bbox 488 1254 524 1280; x_wconf 91' lang='lat' dir='ltr'>ut</span> <span class='ocrx_word' id='word_1_105' title='bbox 552 1247 716 1292; x_wconf 83' lang='lat' dir='ltr'>magistri</span> <span class='ocrx_word' id='word_1_106' title='bbox 742 1247 799 1280; x_wconf 87' lang='lat' dir='ltr'>vel</span> <span class='ocrx_word' id='word_1_107' title='bbox 830 1247 990 1280; x_wconf 89' lang='lat' dir='ltr'>scolares</span> <span class='ocrx_word' id='word_1_108' title='bbox 1018 1247 1061 1279; x_wconf 91' lang='lat' dir='ltr'>ab</span> <span class='ocrx_word' id='word_1_109' title='bbox 1090 1247 1390 1292; x_wconf 88' lang='lat' dir='ltr'>impositionibus</span> <span class='ocrx_word' id='word_1_110' title='bbox 1419 1246 1623 1279; x_wconf 85' lang='lat' dir='ltr'>liberentur</span> <span class='ocrx_word' id='word_1_111' title='bbox 1645 1247 1756 1279; x_wconf 90' lang='lat' dir='ltr'>nichil</span> <span class='ocrx_word' id='word_1_112' title='bbox 1785 1248 1970 1293; x_wconf 86' lang='lat' dir='ltr'>recipietis</span> <span class='ocrx_word' id='word_1_113' title='bbox 1992 1250 2121 1293; x_wconf 79' lang='lat' dir='ltr'>quovis</span> 
     </span>
     <span class='ocr_line' id='line_1_16' title="bbox 246 1313 2122 1360; baseline 0.001 -14"><span class='ocrx_word' id='word_1_114' title='bbox 246 1313 368 1350; x_wconf 77' lang='lat' dir='ltr'>modo,</span> <span class='ocrx_word' id='word_1_115' title='bbox 386 1320 421 1346; x_wconf 88' lang='lat' dir='ltr'>et</span> <span class='ocrx_word' id='word_1_116' title='bbox 441 1314 477 1345; x_wconf 89' lang='lat' dir='ltr'>iu</span> <span class='ocrx_word' id='word_1_117' title='bbox 499 1320 629 1346; x_wconf 90' lang='lat' dir='ltr'>neutro</span> <span class='ocrx_word' id='word_1_118' title='bbox 647 1313 894 1358; x_wconf 88' lang='lat' dir='ltr'>predictorum</span> <span class='ocrx_word' id='word_1_119' title='bbox 917 1326 1066 1346; x_wconf 88' lang='lat' dir='ltr'>casuum</span> <span class='ocrx_word' id='word_1_120' title='bbox 1088 1325 1154 1358; x_wconf 90' lang='lat' dir='ltr'>pro</span> <span class='ocrx_word' id='word_1_121' title='bbox 1176 1325 1258 1346; x_wconf 90' lang='lat' dir='ltr'>cera</span> <span class='ocrx_word' id='word_1_122' title='bbox 1279 1314 1499 1358; x_wconf 83' lang='lat' dir='ltr'>permittetis</span> <span class='ocrx_word' id='word_1_123' title='bbox 1521 1313 1655 1346; x_wconf 87' lang='lat' dir='ltr'>clerico</span> <span class='ocrx_word' id='word_1_124' title='bbox 1673 1321 1795 1346; x_wconf 76' lang='lat' dir='ltr'>vestro</span> <span class='ocrx_word' id='word_1_125' title='bbox 1818 1321 1878 1347; x_wconf 90' lang='lat' dir='ltr'>aut</span> <span class='ocrx_word' id='word_1_126' title='bbox 1897 1314 1999 1347; x_wconf 88' lang='lat' dir='ltr'>alteri</span> <span class='ocrx_word' id='word_1_127' title='bbox 2022 1316 2122 1360; x_wconf 91' lang='lat' dir='ltr'>quid-</span> 
     </span>
     <span class='ocr_line' id='line_1_17' title="bbox 246 1380 463 1425; baseline 0 -13"><span class='ocrx_word' id='word_1_128' title='bbox 246 1392 350 1425; x_wconf 84' lang='lat' dir='ltr'>quam</span> <span class='ocrx_word' id='word_1_129' title='bbox 374 1380 463 1413; x_wconf 81' lang='lat' dir='ltr'>dari.</span> 
     </span>
    </p>

    <p class='ocr_par' dir='ltr' id='par_1_9' title="bbox 245 1446 2124 1693">
     <span class='ocr_line' id='line_1_18' title="bbox 337 1446 2119 1492; baseline 0.001 -13"><span class='ocrx_word' id='word_1_130' title='bbox 337 1449 437 1486; x_wconf 84' lang='lat' dir='ltr'>Item,</span> <span class='ocrx_word' id='word_1_131' title='bbox 463 1447 559 1491; x_wconf 83' lang='lat' dir='ltr'>quod</span> <span class='ocrx_word' id='word_1_132' title='bbox 582 1459 655 1480; x_wconf 91' lang='lat' dir='ltr'>non</span> <span class='ocrx_word' id='word_1_133' title='bbox 681 1447 815 1480; x_wconf 90' lang='lat' dir='ltr'>dabitis</span> <span class='ocrx_word' id='word_1_134' title='bbox 839 1447 947 1480; x_wconf 87' lang='lat' dir='ltr'>alicui</span> <span class='ocrx_word' id='word_1_135' title='bbox 968 1447 1131 1492; x_wconf 84' lang='lat' dir='ltr'>sigillum</span> <span class='ocrx_word' id='word_1_136' title='bbox 1153 1448 1308 1480; x_wconf 83' lang='lat' dir='ltr'>rectorie</span> <span class='ocrx_word' id='word_1_137' title='bbox 1333 1454 1370 1479; x_wconf 90' lang='lat' dir='ltr'>ut</span> <span class='ocrx_word' id='word_1_138' title='bbox 1397 1446 1440 1479; x_wconf 91' lang='lat' dir='ltr'>ab</span> <span class='ocrx_word' id='word_1_139' title='bbox 1461 1446 1761 1491; x_wconf 73' lang='lat' dir='ltr'>impositionibus</span> <span class='ocrx_word' id='word_1_140' title='bbox 1786 1447 1974 1488; x_wconf 72' lang='lat' dir='ltr'>liberetur,</span> <span class='ocrx_word' id='word_1_141' title='bbox 1994 1449 2063 1481; x_wconf 92' lang='lat' dir='ltr'>nisi</span> <span class='ocrx_word' id='word_1_142' title='bbox 2086 1450 2119 1481; x_wconf 94' lang='lat' dir='ltr'>in</span> 
     </span>
     <span class='ocr_line' id='line_1_19' title="bbox 246 1513 2124 1560; baseline 0.001 -14"><span class='ocrx_word' id='word_1_143' title='bbox 246 1514 391 1559; x_wconf 88' lang='lat' dir='ltr'>propria</span> <span class='ocrx_word' id='word_1_144' title='bbox 413 1518 593 1559; x_wconf 85' lang='lat' dir='ltr'>[persona]</span> <span class='ocrx_word' id='word_1_145' title='bbox 611 1515 754 1547; x_wconf 86' lang='lat' dir='ltr'>venerit</span> <span class='ocrx_word' id='word_1_146' title='bbox 773 1514 816 1546; x_wconf 91' lang='lat' dir='ltr'>ad</span> <span class='ocrx_word' id='word_1_147' title='bbox 834 1526 913 1555; x_wconf 79' lang='lat' dir='ltr'>vos,</span> <span class='ocrx_word' id='word_1_148' title='bbox 930 1516 1060 1559; x_wconf 89' lang='lat' dir='ltr'>jurans</span> <span class='ocrx_word' id='word_1_149' title='bbox 1077 1514 1138 1547; x_wconf 90' lang='lat' dir='ltr'>illa</span> <span class='ocrx_word' id='word_1_150' title='bbox 1159 1514 1253 1547; x_wconf 92' lang='lat' dir='ltr'>bona</span> <span class='ocrx_word' id='word_1_151' title='bbox 1275 1526 1345 1558; x_wconf 90' lang='lat' dir='ltr'>que</span> <span class='ocrx_word' id='word_1_152' title='bbox 1364 1521 1461 1558; x_wconf 89' lang='lat' dir='ltr'>petet</span> <span class='ocrx_word' id='word_1_153' title='bbox 1483 1513 1554 1546; x_wconf 79' lang='lat' dir='ltr'>sibi</span> <span class='ocrx_word' id='word_1_154' title='bbox 1576 1514 1739 1558; x_wconf 81' lang='lat' dir='ltr'>expediri</span> <span class='ocrx_word' id='word_1_155' title='bbox 1758 1526 1839 1546; x_wconf 78' lang='lat' dir='ltr'>esse</span> <span class='ocrx_word' id='word_1_156' title='bbox 1862 1515 1906 1547; x_wconf 91' lang='lat' dir='ltr'>de</span> <span class='ocrx_word' id='word_1_157' title='bbox 1929 1527 1994 1547; x_wconf 85' lang='lat' dir='ltr'>suo</span> <span class='ocrx_word' id='word_1_158' title='bbox 2017 1517 2124 1560; x_wconf 86' lang='lat' dir='ltr'>patri-</span> 
     </span>
     <span class='ocr_line' id='line_1_20' title="bbox 245 1580 2119 1626; baseline 0.001 -13"><span class='ocrx_word' id='word_1_159' title='bbox 245 1581 367 1613; x_wconf 91' lang='lat' dir='ltr'>monio</span> <span class='ocrx_word' id='word_1_160' title='bbox 390 1588 449 1614; x_wconf 88' lang='lat' dir='ltr'>aut</span> <span class='ocrx_word' id='word_1_161' title='bbox 476 1581 654 1614; x_wconf 84' lang='lat' dir='ltr'>beneficio</span> <span class='ocrx_word' id='word_1_162' title='bbox 683 1588 742 1614; x_wconf 89' lang='lat' dir='ltr'>aut</span> <span class='ocrx_word' id='word_1_163' title='bbox 772 1588 891 1626; x_wconf 88' lang='lat' dir='ltr'>empta</span> <span class='ocrx_word' id='word_1_164' title='bbox 918 1593 1024 1614; x_wconf 89' lang='lat' dir='ltr'>causa</span> <span class='ocrx_word' id='word_1_165' title='bbox 1053 1581 1111 1614; x_wconf 90' lang='lat' dir='ltr'>sui</span> <span class='ocrx_word' id='word_1_166' title='bbox 1139 1593 1228 1614; x_wconf 87' lang='lat' dir='ltr'>usus</span> <span class='ocrx_word' id='word_1_167' title='bbox 1256 1581 1293 1613; x_wconf 88' lang='lat' dir='ltr'>in</span> <span class='ocrx_word' id='word_1_168' title='bbox 1323 1581 1459 1620; x_wconf 87' lang='lat' dir='ltr'>studio,</span> <span class='ocrx_word' id='word_1_169' title='bbox 1487 1580 1544 1613; x_wconf 82' lang='lat' dir='ltr'>vel</span> <span class='ocrx_word' id='word_1_170' title='bbox 1572 1581 1642 1613; x_wconf 90' lang='lat' dir='ltr'>nisi</span> <span class='ocrx_word' id='word_1_171' title='bbox 1666 1581 1805 1613; x_wconf 83' lang='lat' dir='ltr'>miserit</span> <span class='ocrx_word' id='word_1_172' title='bbox 1827 1581 1991 1614; x_wconf 83' lang='lat' dir='ltr'>cedulam</span> <span class='ocrx_word' id='word_1_173' title='bbox 2016 1595 2119 1615; x_wconf 91' lang='lat' dir='ltr'>manu</span> 
     </span>
     <span class='ocr_line' id='line_1_21' title="bbox 246 1648 991 1693; baseline -0.001 -12"><span class='ocrx_word' id='word_1_174' title='bbox 246 1648 391 1693; x_wconf 85' lang='lat' dir='ltr'>propria</span> <span class='ocrx_word' id='word_1_175' title='bbox 413 1649 603 1692; x_wconf 77' lang='lat' dir='ltr'>signatam,</span> <span class='ocrx_word' id='word_1_176' title='bbox 622 1649 653 1681; x_wconf 83' lang='lat' dir='ltr'>si</span> <span class='ocrx_word' id='word_1_177' title='bbox 673 1648 783 1681; x_wconf 85' lang='lat' dir='ltr'>suerit.</span> <span class='ocrx_word' id='word_1_178' title='bbox 803 1649 991 1693; x_wconf 83' lang='lat' dir='ltr'>magister.</span> 
     </span>
    </p>

    <p class='ocr_par' dir='ltr' id='par_1_10' title="bbox 244 1714 2122 1960">
     <span class='ocr_line' id='line_1_22' title="bbox 334 1714 2121 1760; baseline 0.001 -13"><span class='ocrx_word' id='word_1_179' title='bbox 334 1716 439 1747; x_wconf 78' lang='lat' dir='ltr'>Ite¹n¹</span> <span class='ocrx_word' id='word_1_180' title='bbox 466 1715 639 1759; x_wconf 84' lang='lat' dir='ltr'>jurabitis</span> <span class='ocrx_word' id='word_1_181' title='bbox 665 1715 762 1759; x_wconf 90' lang='lat' dir='ltr'>quod</span> <span class='ocrx_word' id='word_1_182' title='bbox 784 1727 856 1747; x_wconf 90' lang='lat' dir='ltr'>non</span> <span class='ocrx_word' id='word_1_183' title='bbox 883 1715 1069 1760; x_wconf 86' lang='lat' dir='ltr'>recipietis</span> <span class='ocrx_word' id='word_1_184' title='bbox 1100 1726 1167 1747; x_wconf 89' lang='lat' dir='ltr'>nee</span> <span class='ocrx_word' id='word_1_185' title='bbox 1198 1714 1362 1758; x_wconf 90' lang='lat' dir='ltr'>recipere</span> <span class='ocrx_word' id='word_1_186' title='bbox 1393 1714 1612 1759; x_wconf 84' lang='lat' dir='ltr'>permittetis</span> <span class='ocrx_word' id='word_1_187' title='bbox 1643 1726 1708 1758; x_wconf 91' lang='lat' dir='ltr'>per</span> <span class='ocrx_word' id='word_1_188' title='bbox 1733 1715 1952 1747; x_wconf 87' lang='lat' dir='ltr'>commissos</span> <span class='ocrx_word' id='word_1_189' title='bbox 1978 1723 2121 1748; x_wconf 76' lang='lat' dir='ltr'>vestros</span> 
     </span>
     <span class='ocr_line' id='line_1_23' title="bbox 245 1780 2121 1827; baseline 0.001 -14"><span class='ocrx_word' id='word_1_190' title='bbox 245 1782 418 1826; x_wconf 89' lang='lat' dir='ltr'>pecunias</span> <span class='ocrx_word' id='word_1_191' title='bbox 440 1782 516 1814; x_wconf 91' lang='lat' dir='ltr'>dari</span> <span class='ocrx_word' id='word_1_192' title='bbox 543 1782 670 1814; x_wconf 87' lang='lat' dir='ltr'>solitas</span> <span class='ocrx_word' id='word_1_193' title='bbox 690 1794 755 1827; x_wconf 90' lang='lat' dir='ltr'>pro</span> <span class='ocrx_word' id='word_1_194' title='bbox 781 1781 961 1815; x_wconf 88' lang='lat' dir='ltr'>beneficio</span> <span class='ocrx_word' id='word_1_195' title='bbox 984 1794 1049 1814; x_wconf 86' lang='lat' dir='ltr'>seu</span> <span class='ocrx_word' id='word_1_196' title='bbox 1072 1783 1156 1826; x_wconf 87' lang='lat' dir='ltr'>jure</span> <span class='ocrx_word' id='word_1_197' title='bbox 1179 1781 1453 1822; x_wconf 74' lang='lat' dir='ltr'>UniversitatiS,</span> <span class='ocrx_word' id='word_1_198' title='bbox 1471 1793 1537 1813; x_wconf 90' lang='lat' dir='ltr'>nee</span> <span class='ocrx_word' id='word_1_199' title='bbox 1564 1780 1719 1826; x_wconf 84' lang='lat' dir='ltr'>aliquem</span> <span class='ocrx_word' id='word_1_200' title='bbox 1746 1781 1789 1814; x_wconf 88' lang='lat' dir='ltr'>ad</span> <span class='ocrx_word' id='word_1_201' title='bbox 1806 1783 2011 1826; x_wconf 88' lang='lat' dir='ltr'>juramenta</span> <span class='ocrx_word' id='word_1_202' title='bbox 2035 1783 2121 1815; x_wconf 86' lang='lat' dir='ltr'>rcci-</span> 
     </span>
     <span class='ocr_line' id='line_1_24' title="bbox 245 1848 2122 1894; baseline 0.001 -14"><span class='ocrx_word' id='word_1_203' title='bbox 245 1848 352 1893; x_wconf 88' lang='lat' dir='ltr'>pietis</span> <span class='ocrx_word' id='word_1_204' title='bbox 382 1849 451 1881; x_wconf 89' lang='lat' dir='ltr'>nisi</span> <span class='ocrx_word' id='word_1_205' title='bbox 473 1848 578 1881; x_wconf 82' lang='lat' dir='ltr'>vobis</span> <span class='ocrx_word' id='word_1_206' title='bbox 601 1849 808 1882; x_wconf 89' lang='lat' dir='ltr'>constiterit</span> <span class='ocrx_word' id='word_1_207' title='bbox 834 1861 899 1894; x_wconf 91' lang='lat' dir='ltr'>per</span> <span class='ocrx_word' id='word_1_208' title='bbox 927 1849 1114 1881; x_wconf 87' lang='lat' dir='ltr'>scedulam</span> <span class='ocrx_word' id='word_1_209' title='bbox 1143 1848 1344 1893; x_wconf 86' lang='lat' dir='ltr'>receptoris</span> <span class='ocrx_word' id='word_1_210' title='bbox 1373 1848 1644 1887; x_wconf 77' lang='lat' dir='ltr'>Universitatis,</span> <span class='ocrx_word' id='word_1_211' title='bbox 1672 1849 1790 1893; x_wconf 88' lang='lat' dir='ltr'>ipsum</span> <span class='ocrx_word' id='word_1_212' title='bbox 1820 1849 1977 1881; x_wconf 70' lang='lat' dir='ltr'>solvisse</span> <span class='ocrx_word' id='word_1_213' title='bbox 2008 1850 2122 1882; x_wconf 85' lang='lat' dir='ltr'>dictas</span> 
     </span>
     <span class='ocr_line' id='line_1_25' title="bbox 244 1915 1276 1960; baseline -0.001 -12"><span class='ocrx_word' id='word_1_214' title='bbox 244 1915 374 1948; x_wconf 87' lang='lat' dir='ltr'>bursas</span> <span class='ocrx_word' id='word_1_215' title='bbox 397 1927 459 1948; x_wconf 88' lang='lat' dir='ltr'>seu</span> <span class='ocrx_word' id='word_1_216' title='bbox 478 1917 559 1960; x_wconf 88' lang='lat' dir='ltr'>jura</span> <span class='ocrx_word' id='word_1_217' title='bbox 580 1916 697 1960; x_wconf 88' lang='lat' dir='ltr'>ipsius</span> <span class='ocrx_word' id='word_1_218' title='bbox 720 1916 992 1956; x_wconf 87' lang='lat' dir='ltr'>Universitatis,</span> <span class='ocrx_word' id='word_1_219' title='bbox 1014 1923 1052 1948; x_wconf 90' lang='lat' dir='ltr'>ut</span> <span class='ocrx_word' id='word_1_220' title='bbox 1074 1916 1186 1948; x_wconf 84' lang='lat' dir='ltr'>moris</span> <span class='ocrx_word' id='word_1_221' title='bbox 1208 1922 1276 1948; x_wconf 84' lang='lat' dir='ltr'>cst.</span> 
     </span>
    </p>
   </div>
   <div class='ocr_carea' id='block_1_6' title="bbox 1212 1982 1820 2016">
    <p class='ocr_par' dir='ltr' id='par_1_11' title="bbox 1212 1982 1820 2016">
     <span class='ocr_line' id='line_1_26' title="bbox 1212 1982 1820 2016; baseline 0 0"><span class='ocrx_word' id='word_1_222' title='bbox 1212 1984 1275 2016; x_wconf 86' lang='lat' dir='ltr'>Ex</span> <span class='ocrx_word' id='word_1_223' title='bbox 1294 1982 1524 2016; x_wconf 79' lang='lat' dir='ltr'>ordinatione</span> <span class='ocrx_word' id='word_1_224' title='bbox 1545 1983 1820 2016; x_wconf 68' lang='lat' dir='ltr'>[fnium-sitatis.</span> 
     </span>
    </p>
   </div>
   <div class='ocr_carea' id='block_1_7' title="bbox 243 2094 2120 2876">
    <p class='ocr_par' dir='ltr' id='par_1_12' title="bbox 243 2094 2117 2206">
     <span class='ocr_line' id='line_1_27' title="bbox 333 2094 2117 2140; baseline 0.001 -14"><span class='ocrx_word' id='word_1_225' title='bbox 333 2096 432 2135; x_wconf 87' lang='lat' dir='ltr'>[Item</span> <span class='ocrx_word' id='word_1_226' title='bbox 450 2094 621 2139; x_wconf 84' lang='lat' dir='ltr'>jurabitis</span> <span class='ocrx_word' id='word_1_227' title='bbox 643 2094 753 2127; x_wconf 89' lang='lat' dir='ltr'>nichil</span> <span class='ocrx_word' id='word_1_228' title='bbox 774 2095 810 2127; x_wconf 91' lang='lat' dir='ltr'>in</span> <span class='ocrx_word' id='word_1_229' title='bbox 831 2095 1072 2140; x_wconf 75' lang='lat' dir='ltr'>prejudicium</span> <span class='ocrx_word' id='word_1_230' title='bbox 1094 2095 1318 2128; x_wconf 85' lang='lat' dir='ltr'>auctoritatis</span> <span class='ocrx_word' id='word_1_231' title='bbox 1340 2094 1481 2127; x_wconf 91' lang='lat' dir='ltr'>domini</span> <span class='ocrx_word' id='word_1_232' title='bbox 1504 2095 1619 2127; x_wconf 84' lang='lat' dir='ltr'>nostri</span> <span class='ocrx_word' id='word_1_233' title='bbox 1642 2095 1773 2127; x_wconf 86' lang='lat' dir='ltr'>summi</span> <span class='ocrx_word' id='word_1_234' title='bbox 1795 2094 1977 2139; x_wconf 84' lang='lat' dir='ltr'>pontificis</span> <span class='ocrx_word' id='word_1_235' title='bbox 2000 2096 2117 2140; x_wconf 88' lang='lat' dir='ltr'>quoad</span> 
     </span>
     <span class='ocr_line' id='line_1_28' title="bbox 243 2161 1958 2206; baseline -0.001 -12"><span class='ocrx_word' id='word_1_236' title='bbox 243 2161 432 2206; x_wconf 87' lang='lat' dir='ltr'>beneficia]</span> <span class='ocrx_word' id='word_1_237' title='bbox 456 2162 664 2206; x_wconf 66' lang='lat' dir='ltr'>prosequi2,</span> <span class='ocrx_word' id='word_1_238' title='bbox 684 2162 825 2195; x_wconf 90' lang='lat' dir='ltr'>scilicet</span> <span class='ocrx_word' id='word_1_239' title='bbox 846 2162 936 2195; x_wconf 88' lang='lat' dir='ltr'>viam</span> <span class='ocrx_word' id='word_1_240' title='bbox 961 2162 1236 2202; x_wconf 85' lang='lat' dir='ltr'>subtractionis,</span> <span class='ocrx_word' id='word_1_241' title='bbox 1255 2161 1469 2194; x_wconf 89' lang='lat' dir='ltr'>nullomodo</span> <span class='ocrx_word' id='word_1_242' title='bbox 1491 2161 1722 2194; x_wconf 88' lang='lat' dir='ltr'>retractando</span> <span class='ocrx_word' id='word_1_243' title='bbox 1748 2161 1958 2194; x_wconf 84' lang='lat' dir='ltr'>deliberata.</span> 
     </span>
    </p>

    <p class='ocr_par' dir='ltr' id='par_1_13' title="bbox 333 2228 2118 2274">
     <span class='ocr_line' id='line_1_29' title="bbox 333 2228 2118 2274; baseline 0.001 -14"><span class='ocrx_word' id='word_1_244' title='bbox 333 2230 420 2261; x_wconf 92' lang='lat' dir='ltr'>Item</span> <span class='ocrx_word' id='word_1_245' title='bbox 434 2228 604 2273; x_wconf 85' lang='lat' dir='ltr'>jurabitis</span> <span class='ocrx_word' id='word_1_246' title='bbox 622 2229 795 2274; x_wconf 88' lang='lat' dir='ltr'>prosequi</span> <span class='ocrx_word' id='word_1_247' title='bbox 809 2229 996 2262; x_wconf 89' lang='lat' dir='ltr'>libertates</span> <span class='ocrx_word' id='word_1_248' title='bbox 1009 2229 1166 2261; x_wconf 89' lang='lat' dir='ltr'>ecclesie</span> <span class='ocrx_word' id='word_1_249' title='bbox 1183 2229 1302 2273; x_wconf 90' lang='lat' dir='ltr'>quoad</span> <span class='ocrx_word' id='word_1_250' title='bbox 1316 2229 1489 2273; x_wconf 87' lang='lat' dir='ltr'>pecunias</span> <span class='ocrx_word' id='word_1_251' title='bbox 1507 2235 1542 2261; x_wconf 88' lang='lat' dir='ltr'>et</span> <span class='ocrx_word' id='word_1_252' title='bbox 1559 2240 1618 2261; x_wconf 90' lang='lat' dir='ltr'>eas</span> <span class='ocrx_word' id='word_1_253' title='bbox 1634 2228 1898 2261; x_wconf 86' lang='lat' dir='ltr'>inviolabiliter</span> <span class='ocrx_word' id='word_1_254' title='bbox 1910 2228 2118 2262; x_wconf 86' lang='lat' dir='ltr'>observare.</span> 
     </span>
    </p>

    <p class='ocr_par' dir='ltr' id='par_1_14' title="bbox 243 2295 2120 2540">
     <span class='ocr_line' id='line_1_30' title="bbox 333 2295 2120 2340; baseline 0.001 -13"><span class='ocrx_word' id='word_1_255' title='bbox 333 2296 421 2327; x_wconf 89' lang='lat' dir='ltr'>Item</span> <span class='ocrx_word' id='word_1_256' title='bbox 437 2295 608 2339; x_wconf 88' lang='lat' dir='ltr'>jurabitis</span> <span class='ocrx_word' id='word_1_257' title='bbox 631 2296 805 2340; x_wconf 87' lang='lat' dir='ltr'>prosequi</span> <span class='ocrx_word' id='word_1_258' title='bbox 827 2296 1096 2329; x_wconf 88' lang='lat' dir='ltr'>revocationem</span> <span class='ocrx_word' id='word_1_259' title='bbox 1119 2302 1153 2328; x_wconf 86' lang='lat' dir='ltr'>et</span> <span class='ocrx_word' id='word_1_260' title='bbox 1174 2296 1460 2328; x_wconf 88' lang='lat' dir='ltr'>annullationem</span> <span class='ocrx_word' id='word_1_261' title='bbox 1484 2295 1583 2327; x_wconf 89' lang='lat' dir='ltr'>bulle</span> <span class='ocrx_word' id='word_1_262' title='bbox 1606 2295 1889 2327; x_wconf 81' lang='lat' dir='ltr'>Mendieantium</span> <span class='ocrx_word' id='word_1_263' title='bbox 1921 2308 1984 2339; x_wconf 90' lang='lat' dir='ltr'>per</span> <span class='ocrx_word' id='word_1_264' title='bbox 2005 2296 2120 2328; x_wconf 90' lang='lat' dir='ltr'>domi-</span> 
     </span>
     <span class='ocr_line' id='line_1_31' title="bbox 244 2361 2116 2407; baseline 0.001 -14"><span class='ocrx_word' id='word_1_265' title='bbox 244 2374 328 2394; x_wconf 88' lang='lat' dir='ltr'>num</span> <span class='ocrx_word' id='word_1_266' title='bbox 352 2361 596 2394; x_wconf 84' lang='lat' dir='ltr'>Alexandrum</span> <span class='ocrx_word' id='word_1_267' title='bbox 614 2364 645 2396; x_wconf 89' lang='lat' dir='ltr'>V</span> <span class='ocrx_word' id='word_1_268' title='bbox 666 2363 781 2407; x_wconf 89' lang='lat' dir='ltr'>primo</span> <span class='ocrx_word' id='word_1_269' title='bbox 802 2375 896 2395; x_wconf 88' lang='lat' dir='ltr'>anno</span> <span class='ocrx_word' id='word_1_270' title='bbox 919 2363 1057 2395; x_wconf 91' lang='lat' dir='ltr'>eisdem</span> <span class='ocrx_word' id='word_1_271' title='bbox 1078 2374 1256 2396; x_wconf 86' lang='lat' dir='ltr'>concesse</span> <span class='ocrx_word' id='word_1_272' title='bbox 1279 2362 1497 2407; x_wconf 86' lang='lat' dir='ltr'>surrepticie</span> <span class='ocrx_word' id='word_1_273' title='bbox 1519 2369 1578 2394; x_wconf 90' lang='lat' dir='ltr'>aut</span> <span class='ocrx_word' id='word_1_274' title='bbox 1599 2362 1699 2402; x_wconf 77' lang='lat' dir='ltr'>alias,</span> <span class='ocrx_word' id='word_1_275' title='bbox 1724 2368 1759 2393; x_wconf 91' lang='lat' dir='ltr'>ut</span> <span class='ocrx_word' id='word_1_276' title='bbox 1783 2361 1928 2402; x_wconf 86' lang='lat' dir='ltr'>dieitur,</span> <span class='ocrx_word' id='word_1_277' title='bbox 1953 2374 1991 2394; x_wconf 88' lang='lat' dir='ltr'>ac</span> <span class='ocrx_word' id='word_1_278' title='bbox 2014 2363 2116 2394; x_wconf 84' lang='lat' dir='ltr'>etiam</span> 
     </span>
     <span class='ocr_line' id='line_1_32' title="bbox 244 2428 2118 2473; baseline 0 -12"><span class='ocrx_word' id='word_1_279' title='bbox 244 2428 408 2461; x_wconf 83' lang='lat' dir='ltr'>laborare</span> <span class='ocrx_word' id='word_1_280' title='bbox 437 2441 502 2473; x_wconf 89' lang='lat' dir='ltr'>pro</span> <span class='ocrx_word' id='word_1_281' title='bbox 525 2429 768 2462; x_wconf 86' lang='lat' dir='ltr'>declaratione</span> <span class='ocrx_word' id='word_1_282' title='bbox 795 2430 955 2463; x_wconf 88' lang='lat' dir='ltr'>omnium</span> <span class='ocrx_word' id='word_1_283' title='bbox 982 2430 1218 2462; x_wconf 89' lang='lat' dir='ltr'>articulorum</span> <span class='ocrx_word' id='word_1_284' title='bbox 1248 2437 1283 2462; x_wconf 86' lang='lat' dir='ltr'>et</span> <span class='ocrx_word' id='word_1_285' title='bbox 1310 2429 1461 2462; x_wconf 87' lang='lat' dir='ltr'>aliorum</span> <span class='ocrx_word' id='word_1_286' title='bbox 1491 2430 1582 2461; x_wconf 86' lang='lat' dir='ltr'>infra</span> <span class='ocrx_word' id='word_1_287' title='bbox 1609 2435 1861 2461; x_wconf 88' lang='lat' dir='ltr'>contentorum</span> <span class='ocrx_word' id='word_1_288' title='bbox 1889 2429 1925 2460; x_wconf 90' lang='lat' dir='ltr'>in</span> <span class='ocrx_word' id='word_1_289' title='bbox 1954 2429 2118 2462; x_wconf 81' lang='lat' dir='ltr'>Consilio</span> 
     </span>
     <span class='ocr_line' id='line_1_33' title="bbox 243 2496 837 2540; baseline 0.003 -13"><span class='ocrx_word' id='word_1_290' title='bbox 243 2496 407 2540; x_wconf 85' lang='lat' dir='ltr'>generali</span> <span class='ocrx_word' id='word_1_291' title='bbox 428 2496 647 2529; x_wconf 86' lang='lat' dir='ltr'>universalis</span> <span class='ocrx_word' id='word_1_292' title='bbox 669 2497 837 2529; x_wconf 89' lang='lat' dir='ltr'>ecclesie.</span> 
     </span>
    </p>

    <p class='ocr_par' dir='ltr' id='par_1_15' title="bbox 244 2561 2119 2729">
     <span class='ocr_line' id='line_1_34' title="bbox 332 2561 2119 2608; baseline 0.001 -13"><span class='ocrx_word' id='word_1_293' title='bbox 332 2564 456 2595; x_wconf 89' lang='lat' dir='ltr'>Tertio</span> <span class='ocrx_word' id='word_1_294' title='bbox 478 2562 650 2607; x_wconf 87' lang='lat' dir='ltr'>jurabitis</span> <span class='ocrx_word' id='word_1_295' title='bbox 681 2575 754 2595; x_wconf 92' lang='lat' dir='ltr'>non</span> <span class='ocrx_word' id='word_1_296' title='bbox 786 2576 923 2608; x_wconf 90' lang='lat' dir='ltr'>ponere</span> <span class='ocrx_word' id='word_1_297' title='bbox 953 2564 990 2596; x_wconf 89' lang='lat' dir='ltr'>in</span> <span class='ocrx_word' id='word_1_298' title='bbox 1018 2563 1284 2597; x_wconf 85' lang='lat' dir='ltr'>deliberatione</span> <span class='ocrx_word' id='word_1_299' title='bbox 1314 2563 1572 2596; x_wconf 78' lang='lat' dir='ltr'>Universitatis</span> <span class='ocrx_word' id='word_1_300' title='bbox 1602 2561 1934 2594; x_wconf 88' lang='lat' dir='ltr'>reconsiliationem</span> <span class='ocrx_word' id='word_1_301' title='bbox 1965 2563 2119 2607; x_wconf 79' lang='lat' dir='ltr'>alicujus</span> 
     </span>
     <span class='ocr_line' id='line_1_35' title="bbox 245 2629 2119 2675; baseline 0.001 -14"><span class='ocrx_word' id='word_1_302' title='bbox 245 2629 409 2674; x_wconf 86' lang='lat' dir='ltr'>religiosi</span> <span class='ocrx_word' id='word_1_303' title='bbox 439 2630 482 2662; x_wconf 92' lang='lat' dir='ltr'>de</span> <span class='ocrx_word' id='word_1_304' title='bbox 509 2630 647 2663; x_wconf 86' lang='lat' dir='ltr'>Ordine</span> <span class='ocrx_word' id='word_1_305' title='bbox 669 2631 1000 2675; x_wconf 87' lang='lat' dir='ltr'>Augustinensium</span> <span class='ocrx_word' id='word_1_306' title='bbox 1021 2643 1060 2664; x_wconf 86' lang='lat' dir='ltr'>ac</span> <span class='ocrx_word' id='word_1_307' title='bbox 1081 2631 1230 2663; x_wconf 87' lang='lat' dir='ltr'>fratrum</span> <span class='ocrx_word' id='word_1_308' title='bbox 1253 2630 1472 2670; x_wconf 80' lang='lat' dir='ltr'>Minorum³,</span> <span class='ocrx_word' id='word_1_309' title='bbox 1504 2630 1573 2662; x_wconf 90' lang='lat' dir='ltr'>nisi</span> <span class='ocrx_word' id='word_1_310' title='bbox 1605 2629 1706 2673; x_wconf 88' lang='lat' dir='ltr'>prius</span> <span class='ocrx_word' id='word_1_311' title='bbox 1732 2635 1934 2661; x_wconf 87' lang='lat' dir='ltr'>conventus</span> <span class='ocrx_word' id='word_1_312' title='bbox 1957 2631 2119 2663; x_wconf 88' lang='lat' dir='ltr'>reconsi—</span> 
     </span>
     <span class='ocr_line' id='line_1_36' title="bbox 244 2695 484 2729; baseline 0.004 -1"><span class='ocrx_word' id='word_1_313' title='bbox 244 2695 352 2728; x_wconf 85' lang='lat' dir='ltr'>lietur</span> <span class='ocrx_word' id='word_1_314' title='bbox 374 2703 484 2729; x_wconf 89' lang='lat' dir='ltr'>totus.</span> 
     </span>
    </p>

    <p class='ocr_par' dir='ltr' id='par_1_16' title="bbox 247 2762 2120 2876">
     <span class='ocr_line' id='line_1_37' title="bbox 333 2762 2120 2809; baseline 0.001 -14"><span class='ocrx_word' id='word_1_315' title='bbox 333 2764 469 2806; x_wconf 85' lang='lat' dir='ltr'>Quarto</span> <span class='ocrx_word' id='word_1_316' title='bbox 485 2763 658 2808; x_wconf 85' lang='lat' dir='ltr'>jurabitis</span> <span class='ocrx_word' id='word_1_317' title='bbox 677 2776 749 2796; x_wconf 91' lang='lat' dir='ltr'>non</span> <span class='ocrx_word' id='word_1_318' title='bbox 770 2777 907 2809; x_wconf 87' lang='lat' dir='ltr'>ponere</span> <span class='ocrx_word' id='word_1_319' title='bbox 929 2765 965 2797; x_wconf 93' lang='lat' dir='ltr'>in</span> <span class='ocrx_word' id='word_1_320' title='bbox 987 2764 1253 2797; x_wconf 88' lang='lat' dir='ltr'>deliberatione</span> <span class='ocrx_word' id='word_1_321' title='bbox 1276 2763 1610 2796; x_wconf 84' lang='lat' dir='ltr'>reconsiliationem</span> <span class='ocrx_word' id='word_1_322' title='bbox 1632 2763 1786 2806; x_wconf 85' lang='lat' dir='ltr'>alicujus</span> <span class='ocrx_word' id='word_1_323' title='bbox 1804 2762 1946 2795; x_wconf 92' lang='lat' dir='ltr'>illorum</span> <span class='ocrx_word' id='word_1_324' title='bbox 1966 2769 2120 2796; x_wconf 83' lang='lat' dir='ltr'>eonven-</span> 
     </span>
     <span class='ocr_line' id='line_1_38' title="bbox 247 2829 1937 2876; baseline -0.001 -14"><span class='ocrx_word' id='word_1_325' title='bbox 247 2836 344 2862; x_wconf 88' lang='lat' dir='ltr'>tuum</span> <span class='ocrx_word' id='word_1_326' title='bbox 362 2831 693 2875; x_wconf 72' lang='lat' dir='ltr'>Augustinensium</span> <span class='ocrx_word' id='word_1_327' title='bbox 716 2838 750 2864; x_wconf 89' lang='lat' dir='ltr'>ct</span> <span class='ocrx_word' id='word_1_328' title='bbox 771 2832 966 2873; x_wconf 81' lang='lat' dir='ltr'>Minorum,</span> <span class='ocrx_word' id='word_1_329' title='bbox 986 2832 1057 2864; x_wconf 88' lang='lat' dir='ltr'>nisi</span> <span class='ocrx_word' id='word_1_330' title='bbox 1079 2832 1180 2876; x_wconf 88' lang='lat' dir='ltr'>prius</span> <span class='ocrx_word' id='word_1_331' title='bbox 1201 2830 1321 2863; x_wconf 91' lang='lat' dir='ltr'>habita</span> <span class='ocrx_word' id='word_1_332' title='bbox 1345 2830 1568 2863; x_wconf 88' lang='lat' dir='ltr'>revocatoria</span> <span class='ocrx_word' id='word_1_333' title='bbox 1590 2836 1623 2862; x_wconf 87' lang='lat' dir='ltr'>et</span> <span class='ocrx_word' id='word_1_334' title='bbox 1644 2829 1721 2874; x_wconf 79' lang='lat' dir='ltr'>ipsa</span> <span class='ocrx_word' id='word_1_335' title='bbox 1744 2829 1937 2874; x_wconf 89' lang='lat' dir='ltr'>publicata.</span> 
     </span>
    </p>
   </div>
   <div class='ocr_carea' id='block_1_8' title="bbox 335 2897 2117 2942">
    <p class='ocr_par' dir='ltr' id='par_1_17' title="bbox 335 2897 2117 2942">
     <span class='ocr_line' id='line_1_39' title="bbox 335 2897 2117 2942; baseline 0.001 -13"><span class='ocrx_word' id='word_1_336' title='bbox 335 2898 421 2929; x_wconf 91' lang='lat' dir='ltr'>Item</span> <span class='ocrx_word' id='word_1_337' title='bbox 450 2898 568 2942; x_wconf 89' lang='lat' dir='ltr'>quoad</span> <span class='ocrx_word' id='word_1_338' title='bbox 597 2898 774 2940; x_wconf 75' lang='lat' dir='ltr'>Minores,</span> <span class='ocrx_word' id='word_1_339' title='bbox 805 2899 910 2931; x_wconf 87' lang='lat' dir='ltr'>etiam</span> <span class='ocrx_word' id='word_1_340' title='bbox 939 2911 1012 2932; x_wconf 88' lang='lat' dir='ltr'>non</span> <span class='ocrx_word' id='word_1_341' title='bbox 1039 2897 1387 2937; x_wconf 88' lang='lat' dir='ltr'>reconsiliabuntur,</span> <span class='ocrx_word' id='word_1_342' title='bbox 1411 2897 1481 2929; x_wconf 84' lang='lat' dir='ltr'>nisi</span> <span class='ocrx_word' id='word_1_343' title='bbox 1504 2897 1605 2941; x_wconf 78' lang='lat' dir='ltr'>prius</span> <span class='ocrx_word' id='word_1_344' title='bbox 1625 2897 1828 2940; x_wconf 78' lang='lat' dir='ltr'>juraverint</span> <span class='ocrx_word' id='word_1_345' title='bbox 1861 2903 1933 2929; x_wconf 90' lang='lat' dir='ltr'>tres</span> <span class='ocrx_word' id='word_1_346' title='bbox 1963 2897 2117 2930; x_wconf 89' lang='lat' dir='ltr'>ministri</span> 
     </span>
    </p>
   </div>
  </div>
 </body>
</html>
