2502 3418
271 341 365 378 1445]
618 355 664 376 AB
699 355 803 377 ,xxxo
837 354 1125 377 nicccrxxxxw
1159 355 1289 383 USQUE
1325 357 1372 378 An
1406 357 1543 378 xxxvii
1579 358 1783 381 mccccmi.
2066 349 2129 381 651

267 427 323 451 Vid.
341 430 467 457 Auctar.,
485 429 515 457 ll,
533 437 559 460 p.
577 430 631 457 588,
648 430 686 458 29,
702 432 727 452 et
738 432 791 452 not.
806 430 828 458 3,
845 431 870 451 et
886 429 940 455 593,
957 431 1010 451 not.
1029 428 1051 452 1.
1069 441 1098 446 -·
1112 427 1137 453 4.
1157 429 1213 452 Vid.
1229 437 1311 460 supra
1325 434 1354 452 η’)
1367 431 1436 459 2590,
1453 434 1505 453 not.
1521 432 1543 453 ἱ).
1558 445 1586 448 —
1600 430 1623 456 5.
1639 432 1772 454 Sententia
1788 441 1800 453 «
1816 432 1846 454 Et
1907 432 2059 462 regionibus
2077 441 2086 454 11
2105 432 2130 455 in

266 472 316 495 fine
334 473 481 496 documenti
502 473 591 496 additu
608 476 648 496 est
663 481 721 496 cum
742 473 818 504 signo
833 472 994 502 insertionis,
1017 476 1043 495 at
1060 472 1134 495 illam
1154 473 1244 496 omisit
1264 474 1399 499 BL‘LAEUS.
1421 488 1446 492 —
1471 474 1495 499 6.
1515 475 1638 498 Induviae
1659 477 1742 498 sactae
1760 479 1821 498 sunt
1840 484 1853 498 n
1874 476 1945 499 Junii
1967 476 1977 498 1
2000 485 2082 507 usque
2098 477 2131 500 nd

266 524 308 540 an.
326 517 395 546 1446,
411 517 495 548 April.
508 518 529 544 1,
544 517 700 547 (CuAR‘rnm,
717 518 757 541 ed.
773 518 879 541 VALLET
895 525 928 540 DE
941 518 1091 543 Vnus-uma.
1109 518 1140 547 11,
1161 519 1209 547 43).
1228 531 1253 535 -
1270 517 1295 543 Ί.
1312 519 1373 542 Scil.
1390 519 1508 542 Johnnne
1525 520 1555 542 de
1572 519 1648 543 Oliva
1662 522 1686 542 et
1701 520 1819 542 Johnnne
1832 521 1961 543 {lanei-on.
1977 520 2035 544 Vid.
2050 529 2132 552 supra

266 565 294 583 n⁰
310 562 378 589 2580,
396 565 449 584 not.
466 563 488 584 2.
503 575 533 579 -
548 561 572 586 8.
589 561 662 584 Nunc
678 561 871 585 desiderantur.
886 575 913 579 —
930 560 954 586 9.
971 561 1070 584 Minuta
1087 569 1092 584 z
1110 571 1122 582 at
1138 565 1253 585 cetutum
1270 571 1292 586 )›.
1308 576 1339 581 -
1353 563 1395 588 10.
1413 572 1423 585 (1
1443 564 1644 594 Ingerrnrnnum
1660 564 1691 586 de
1709 564 1843 592 Thumeri,
1860 565 1964 587 Petrum
1981 565 2012 587 de
2028 565 2131 595 Curnny

265 608 290 628 et
311 613 372 628 suos
395 606 536 637 complices
557 613 568 628 »
588 605 613 628 in
629 614 715 637 marg.
735 605 787 629 imo
808 605 870 629 add.
888 606 915 628 ln
931 605 1008 628 Arch.
1025 609 1088 636 nat.,
1105 607 1148 629 ΖΝ
1163 607 1201 635 15,
1219 607 1262 630 sol.
1280 607 1330 635 13b‚
1347 607 1378 630 nd
1396 616 1438 631 nu.
1456 608 1525 636 1445,
1542 608 1624 639 April.
1642 610 1664 637 5,
1681 608 1812 639 posterior
1831 611 1959 631 vocatur:
1978 617 1991 629 n
2008 608 2090 631 ι10111111
2108 609 2132 632 le

265 650 374 673 Cau-nien-
392 659 413 673 ».
429 664 459 668 -
474 650 515 675 11.
532 650 588 673 vid.
606 658 687 681 supra
703 655 732 673 11⁰
746 651 820 680 2586;
837 658 887 673 non
907 653 992 673 tamen
1017 658 1150 673 sermones
1175 652 1328 682 resumpsit.
1349 665 1375 669 —
1398 651 1441 676 12.
1459 652 1516 675 Vid.
1540 652 1680 681 Chartam,
1698 653 1716 677 1,
1737 661 1763 683 p.
1781 653 1834 681 138,
1858 652 1905 675 lin.
1925 653 1947 675 2.
1963 666 1994 670 —
2012 652 2050 677 13.
2072 653 2131 677 Vid.

265 699 293 718 n⁰
308 695 377 718 2586.
395 708 422 711 —
439 694 479 719 14.
498 694 594 718 Deinde
610 695 635 718 in
651 703 736 726 marg.
753 695 814 718 add.
828 702 834 718 ζ
847 704 860 716 κ
877 694 999 718 similiter
1014 695 1092 718 vadia
1107 699 1185 726 capta
1200 704 1215 719 a
1230 696 1329 719 nostris
1343 697 1489 727 suppositis
1502 705 1552 719 non
1564 697 1772 726 restituuntur»,
1783 697 1914 728 quodjum
1929 697 1954 719 in
1966 698 2133 727 praecedeuti

263 739 401 767 sententia,
417 740 475 771 ipsa
490 739 589 770 primae
605 739 749 762 reductioni
769 739 946 771 superposita,
961 739 1128 771 exprimitur.
1145 740 1180 763 De
1195 740 1236 763 his
1255 741 1420 764 Universitas
1442 742 1474 764 ab
1497 742 1544 764 hoc
1559 745 1678 773 tempore
1696 741 1817 766 continue
1837 741 2056 772 conquerebatur.
2074 742 2132 766 Vid.

264 784 333 807 infra
346 784 378 807 nd
397 792 438 807 an.
456 784 524 812 1450,
537 788 565 806 n⁰
580 784 649 807 2655.

265 943 408 980 2593.
432 954 497 978 Dua:
512 952 694 986 Bur-glandine
708 952 808 978 scribit
826 953 1012 978 Universitati
1026 953 1120 979 Paris.
1137 953 1213 988 quod
1227 957 1271 979 est
1283 957 1431 989 promptus
1445 954 1520 979 omni
1536 963 1597 979 cum
1611 954 1718 988 affectu
1730 954 1822 990 ipsius
1838 953 2036 979 Universitatis
2046 954 2133 989 privi-

352 1001 430 1036 legia
443 1005 469 1027 et
482 1001 631 1027 libertates
644 1001 799 1027 secundum
813 1010 895 1027 suum
907 1011 993 1037 posse
1007 1006 1201 1029 manutenere.

1525 1048 1599 1077 7445,
1614 1051 1675 1074 ante
1689 1049 1808 1074 danum-li
1820 1049 1846 1074 8.

355 1106 474 1128 Auctor.
493 1104 620 1128 Chartul.
640 1103 761 1128 Univers.
777 1103 882 1134 Paris„
897 1104 929 1133 Π,
944 1112 969 1135 p.
984 1105 1039 1133 608,
1056 1104 1084 1127 15
1100 1112 1158 1135 sqq.

262 1288 406 1325 2594.
431 1297 568 1323 Facultas
581 1297 758 1324 decretorum
775 1298 909 1324 Milonem
923 1298 1057 1333 d’llliers,
1074 1303 1189 1335 petente
1202 1298 1274 1325 duce
1290 1299 1502 1333 Aurelianensi,
1522 1299 1561 1324 ad
1575 1299 1712 1324 lecturam
1729 1298 1927 1324 matutinalem
1944 1299 2081 1324 admittit.

1485 1386 1561 1413 7445.
1577 1387 1664 1412 Martii
1680 1387 1711 1415 11,
1730 1387 1842 1412 Parisiis.

353 1473 416 1506 Die
438 1475 470 1517 xj
494 1474 631 1506 mensis
654 1474 771 1506 Martii
793 1486 886 1506 anno
908 1474 1055 1506 Domini
1077 1474 1243 1507 MCCCC
1255 1475 1401 1513 XLIIII,
1426 1473 1659 1518 presentibus
1681 1474 1840 1507 dominis
1856 1474 1936 1507 Joh.
1956 1475 1999 1507 de
2022 1475 2133 1508 Conr-

262 1539 378 1581 cellis,
405 1540 485 1574 Joh.
510 1540 707 1579 Chuffart¹,
735 1542 782 1573 M.
811 1541 855 1573 de
882 1541 1060 1580 Fraxinis,
1090 1542 1126 1573 P.
1150 1541 1194 1573 de
1222 1542 1350 1581 Brena,
1377 1542 1414 1573 L.
1442 1541 1560 1582 Bailli,
1590 1542 1627 1573 P.
1658 1541 1823 1586 Maugier
1849 1548 1881 1574 et
1909 1543 1939 1574 J.
1968 1542 2011 1574 de
2039 1543 2133 1575 Mola

263 1607 494 1640 decretorum
525 1607 750 1648 doctoribus,
783 1607 916 1640 auditis
945 1607 1277 1652 supplicationibus
1308 1608 1344 1639 in
1376 1607 1545 1640 facultate
1578 1607 1686 1640 hodie
1712 1608 1814 1640 sactis
1845 1620 1909 1652 per
1938 1609 2135 1653 magistros

263 1678 449 1711 Millonem
473 1678 649 1711 d⁷Illiers²
668 1685 702 1711 et
716 1678 915 1711 Johannem
935 1679 1087 1719 Guerin,
1107 1679 1371 1711 contendentes
1389 1685 1423 1711 et
1445 1679 1667 1711 contendere
1684 1678 1850 1712 volentes
1868 1691 1978 1724 super
1999 1679 2135 1712 lectura

262 1745 431 1778 lectionis
452 1745 686 1786 11111111111111115Ἴ
709 1745 859 1778 facultas
887 1758 951 1790 pro
973 1745 1069 1778 bono
1097 1746 1195 1790 pacis
1217 1752 1251 1778 et
1272 1746 1467 1778 concordie
1495 1752 1529 1778 et
1555 1745 1601 1778 oh
1628 1746 1866 1778 reverentiam
1895 1746 2135 1779 illustrissimi

263 1812 439 1857 principis
461 1812 597 1844 domini
620 1812 723 1845 ducis
744 1812 1035 1853 Aurelianensis,
1054 1813 1115 1857 qui
1138 1812 1335 1857 supplicari
1351 1812 1436 1845 fecit
1453 1824 1517 1857 pro
1536 1813 1631 1845 dicto
1650 1824 1742 1857 mag.
1762 1812 1910 1853 Milone,
1931 1819 1962 1845 et
1981 1813 2132 1845 aliorum

263 1879 458 1911 multorum
480 1879 708 1911 dominorum
733 1886 767 1912 et
783 1879 1040 1924 magistrorum
1063 1879 1124 1924 qui
1143 1892 1207 1924 pro
1230 1879 1337 1912 dictis
1359 1878 1667 1912 contendentibus
1690 1879 1999 1924 supplicaverunt,
2023 1880 2134 1913 certis

260 1946 365 1979 etiam
389 1945 468 1978 aliis
499 1946 618 1978 causis
648 1945 837 1991 legittimis
865 1946 979 1990 ipsam
1010 1945 1215 1978 facultatem
1242 1945 1486 1991 moventibus,
1515 1946 1708 1986 ordinavit,
1739 1945 1954 1979 deliberavit
1982 1953 2015 1979 et
2043 1959 2129 1979 con-

261 2012 381 2054 clusit,
415 2012 512 2057 quod
541 2013 714 2057 magister
742 2012 843 2045 Millo
871 2012 970 2057 leget
996 2013 1219 2045 ordinarium
1249 2012 1291 2045 ab
1320 2012 1384 2045 hac
1411 2013 1468 2045 die
1496 2024 1611 2057 usque
1642 2012 1686 2045 ad
1712 2013 1843 2045 festum
1872 2013 2132 2046 Penthecostes

262 2080 423 2124 proxime
440 2080 597 2112 futurum
622 2079 818 2120 exclusive,
843 2086 877 2112 et
897 2092 915 2112 a
932 2080 1027 2112 dicto
1049 2080 1142 2112 festo
1164 2079 1425 2112 penthecostes
1446 2086 1481 2112 et
1497 2080 1672 2124 deinceps
1690 2080 1808 2112 dictus
1829 2079 2012 2112 Johannes
2034 2080 2131 2113 Gue-

262 2146 331 2178 rini
356 2146 454 2191 leget
478 2146 613 2179 dictum
635 2146 857 2179 ordinarium
880 2147 916 2178 in
938 2147 1079 2191 magnis
1101 2146 1213 2179 scolis
1240 2153 1275 2179 et
1294 2158 1375 2178 cum
1398 2159 1495 2191 capa,
1520 2153 1555 2179 et
1578 2147 1682 2179 etiam
1709 2146 1752 2179 al)
1778 2146 1841 2178 hac
1864 2146 1921 2178 die
1949 2158 2064 2191 usque
2085 2147 2129 2179 ad

259 2213 391 2245 festum
410 2212 671 2246 Penthecostes
690 2214 850 2258 proxime
867 2214 1026 2245 futurum
1045 2213 1163 2246 dictus
1179 2213 1364 2246 ,lohannes
1377 2214 1530 2246 Guerini
1548 2213 1645 2258 leget
1663 2213 1885 2246 ordinarium
1903 2214 1939 2245 in
1957 2214 2130 2246 secundis

261 2279 384 2320 scolis,
404 2280 434 2312 si
452 2279 625 2319 voluerit;
650 2280 821 2324 quodque
838 2280 924 2313 dicti
944 2280 1208 2313 contendentes
1227 2280 1436 2325 promittent
1454 2280 1663 2324 hujusmodi
1681 2280 1953 2313 conclusionem
1972 2280 2130 2313 fideliter

261 2353 384 2379 tenere
406 2353 440 2378 et
461 2358 606 2379 servare
628 2353 663 2379 et
683 2359 755 2379 non
776 2347 901 2380 venire
923 2347 1157 2391 aliquomodo
1179 2354 1303 2380 contra
1325 2347 1453 2380 dictam
1481 2347 1769 2386 conclusionem,
1793 2347 1928 2379 directe
1950 2347 2007 2380 vel
2034 2347 2128 2380 indi-

262 2419 370 2453 recte,
394 2412 538 2457 publice
560 2413 617 2446 vel
634 2413 774 2446 occulte
796 2414 832 2445 in
854 2414 947 2446 dicta
968 2413 1104 2446 lectura
1127 2420 1161 2446 et
1182 2413 1408 2458 temporibus
1431 2414 1618 2458 predictis,
1638 2413 1705 2446 sub
1727 2414 1824 2446 omni
1848 2426 1937 2458 pena
1959 2414 2128 2458 possibili

260 2479 403 2519 inserri;
427 2479 487 2524 qui
511 2480 775 2512 contendentes
800 2480 845 2512 ita
866 2480 1126 2525 promiserunt,
1152 2487 1184 2512 et
1207 2480 1296 2513 dixit
1322 2492 1495 2525 expresse
1522 2480 1640 2512 dictus
1669 2492 1761 2524 mag.
1786 2480 1886 2512 Mitto
1909 2481 2005 2524 quod
2031 2487 2124 2513 stare

260 2546 404 2579 volebat
424 2546 652 2579 conclusioni
674 2552 709 2579 et
729 2546 878 2579 arbitrio
900 2547 994 2579 dicte
1015 2547 1207 2579 facultatis.

353 2645 460 2667 Memor.
480 2646 529 2668 sac.
549 2644 656 2674 decret„
674 2645 692 2671 I,
710 2645 756 2668 fol.
776 2645 830 2668 221.
846 2659 876 2663 —
892 2646 926 2668 De
943 2645 1036 2668 iisdem
1052 2653 1131 2676 super
1150 2644 1261 2667 lectione
1277 2644 1494 2667 contendentibus
1510 2644 1611 2675 pluries
1634 2644 1659 2666 in
1681 2644 1850 2675 sequentibus
1874 2645 2125 2676 congregationibus

259 2689 357 2720 agitur.

351 2773 375 2798 1.
392 2774 464 2796 Tunc
481 2774 522 2803 (ab
539 2782 580 2797 an.
596 2775 664 2802 1444,
677 2775 741 2797 Nov,
756 2775 778 2803 7)
795 2774 901 2797 decano.
915 2788 944 2791 —
961 2774 984 2798 2.
1002 2774 1038 2797 Ab
1050 2783 1092 2797 an.
1109 2774 1169 2796 1443
1182 2774 1310 2797 decanum
1326 2774 1481 2797 Cal-notens.
1496 2774 1558 2802 (vid.
1577 2774 1651 2797 Gall.
1667 2774 1772 2798 christ..
1784 2775 1851 2801 VIII,
1867 2783 1893 2805 p.
1907 2775 1986 2805 1205).
2005 2777 2051 2799 An.
2067 2776 2126 2799 1452

258 2826 318 2840 cum
332 2818 455 2841 facultate
466 2818 562 2841 decret.
578 2818 693 2848 litigavit
708 2822 817 2849 propter
829 2819 957 2845 ordinem,
975 2827 1026 2850 quo
1047 2819 1212 2841 doctoratum
1236 2819 1261 2841 iu
1278 2820 1327 2842 sac.
1344 2819 1413 2841 decr.
1436 2821 1572 2849 receperat
1589 2818 1651 2847 (vid.
1668 2819 1756 2846 iusi-a).
1773 2820 1819 2842 An.
1837 2816 2002 2848 l459.⁴1v1ai0,
2024 2820 2050 2843 iu
2069 2821 2126 2851 cpi—

259 2871 368 2893 scopum
385 2862 538 2886 Carnotens.
556 2871 570 2885 a
590 2863 706 2893 capitulo
722 2863 829 2891 electus,
847 2865 913 2894 Aug.
928 2864 954 2886 31
972 2871 987 2886 a
1003 2864 1047 2886 Pio
1064 2864 1086 2886 11
1103 2863 1276 2886 confirmatus
1289 2867 1329 2886 est
1345 2863 1430 2892 (Gall.
1447 2864 1553 2890 christ..
1571 2863 1589 2886 1.
1605 2871 1637 2887 c..
1654 2871 1680 2894 p.
1698 2863 1778 2890 1185).
1793 2863 1849 2887 Vid.
1871 2864 1901 2887 de
1920 2864 1977 2895 ipso
1995 2866 2022 2888 Α.
2040 2865 2125 2888 CLER-

261 2914 319 2935 vn,
339 2907 389 2931 Les
404 2907 490 2931 ἐσθίω*
505 2908 538 2931 de
555 2908 693 2934 Chccrcres,
710 2916 736 2938 p.
753 2909 797 2930 524
814 2907 923 2938 (Index).
2089 2904 2093 2906 ”
