2502 3418
381 329 445 362 718
955 338 1273 360 CHARTULARIUM
1309 339 1499 361 umvnns.
1536 339 1665 361 Panis.
2143 326 2242 363 [1452

469 415 556 446 Item
580 413 791 446 ordinamus
818 420 853 446 et
878 413 1070 446 statuimus
1099 413 1195 458 quod
1222 425 1411 446 sermones
1440 420 1475 446 et
1504 414 1766 458 responsiones
1787 425 1879 458 quos
1905 425 1948 446 ex
1969 414 2112 447 statutis
2134 413 2243 459 preli-

379 480 471 513 batis
492 481 610 513 facere
631 487 801 513 tenentur
818 480 904 513 dicti
925 480 1132 521 bachalarii,
1157 487 1224 513 tam
1247 492 1418 513 cursores
1440 492 1545 525 quam
1566 481 1723 522 formati,
1742 487 1777 513 et
1796 480 1900 513 etiam
1927 480 2104 525 magistri,
2127 480 2243 513 nulla-

378 554 485 580 tenus
507 559 572 592 per
599 559 663 581 eos
689 548 912 581 omittantur.
940 547 1153 592 Specialiter
1179 554 1296 580 autem
1323 547 1367 580 de
1396 547 1628 580 sermonibus
1659 554 1693 580 et
1718 547 1976 580 collationibus
2001 547 2049 580 ita
2075 547 2243 581 duximus

379 614 623 655 statuendum,
642 621 681 647 ut
701 615 799 647 omni
820 615 1053 647 excusatione
1073 621 1252 655 cessante,
1271 621 1499 659 preterquam
1522 615 1729 660 egritudine
1750 614 1868 660 aliqua
1890 614 2140 660 prepediente,
2158 614 2245 648 fiant

379 692 568 714 sermones
590 688 658 714 tam
681 681 910 726 magistrales
932 693 1036 726 quam
1059 681 1119 714 alii
1147 681 1348 714 seeundum
1375 693 1512 714 morem
1539 682 1725 727 antiquum
1753 681 1970 714 laudabilem
1995 693 2002 714 ε
2029 681 2191 727 alioquin
2212 682 2243 714 si

380 748 552 793 magister
573 760 777 781 sermonem
801 748 870 781 sibi
892 748 1115 792 assignatum
1134 747 1339 793 neglexerit
1359 754 1394 781 et
1409 748 1585 789 omiserit,
1603 761 1621 781 a
1642 749 1807 794 regentia
1828 748 1927 781 illius
1948 749 2046 790 anni,
2065 755 2099 782 et
2119 748 2244 781 bacha-

378 815 489 847 larius
514 814 557 848 ab
579 827 651 848 uno
668 815 811 859 jubileo
836 814 973 859 absque
1000 815 1221 847 relaxatione
1252 815 1431 859 privetur,
1460 822 1494 848 et
1518 815 1586 848 11οο
1614 822 1785 849 statutum
1813 816 2026 849 auctoritate
2046 815 2243 861 apostolica

377 882 579 914 districtius
607 881 793 915 observari
816 882 1028 914 mandamus
1054 881 1121 914 sub
1143 893 1234 926 pena
1256 882 1420 926 perjurii,
1444 894 1548 926 quam
1575 889 1871 928 transgressores
1896 883 2073 928 magistri,
2096 894 2161 916 seu
2183 882 2244 915 ba-

379 948 539 990 chalarii,
562 960 626 981 seu
649 949 754 981 etiam
777 948 1052 981 dissimulantes
1072 948 1163 981 illud
1185 948 1381 981 observare
1403 948 1483 993 ipso
1505 949 1597 982 facto
1619 950 1851 983 incurrant²¹.

466 1017 553 1048 Item
577 1015 770 1048 statuimus
791 1015 885 1048 circa
907 1015 1084 1048 lectiones
1106 1015 1376 1060 magistrorum,
1400 1022 1578 1060 quatenus
1600 1016 1723 1061 legant
1748 1016 1792 1049 ad
1817 1017 1938 1050 minus
1964 1017 2009 1049 de
2035 1017 2243 1062 quindecim

377 1082 507 1115 diebus
527 1083 564 1114 111
586 1083 792 1127 quindecim
816 1082 907 1123 dies,
931 1089 1039 1127 prout
1058 1083 1258 1127 antiquitus
1280 1083 1396 1116 extitit
1417 1090 1650 1124 consuetum,
1669 1084 1740 1117 nisi
1761 1083 1829 1117 hoc
1850 1084 2022 1129 impediat
2041 1084 2245 1129 frequentia

376 1156 411 1181 et
436 1149 629 1182 multitudo
655 1156 797 1182 actuum
824 1149 1101 1182 scolasticorum
1123 1149 1320 1191 facultatis;
1352 1150 1526 1195 quicquid
1555 1151 1613 1192 sit,
1638 1158 1756 1184 tamen
1787 1163 1860 1184 11011
1888 1157 2110 1196 prorogetur
2136 1151 2243 1185 lectio

374 1217 630 1261 magistrorum
652 1216 745 1249 ultra
767 1223 840 1249 tres
863 1217 1097 1262 septimanas.

467 1284 664 1317 Statuimus
693 1284 786 1317 circa
816 1283 975 1317 bidellos
1005 1284 1185 1318 facultatis
1214 1284 1413 1331 theologie,
1442 1292 1481 1318 ut
1508 1293 1740 1331 compareant
1771 1286 1807 1319 in
1835 1286 1976 1320 actibus
2000 1286 2180 1320 facultatis
2205 1286 2241 1319 iu

374 1351 498 1384 habitu
520 1351 679 1391 decenti,
704 1357 738 1384 et
759 1350 966 1396 specialiter
988 1351 1199 1384 ordinamus
1221 1358 1259 1384 ut
1279 1353 1393 1397 major
1413 1352 1573 1386 bidellus
1593 1352 1724 1386 habeat
1742 1353 1968 1398 epithogium
1995 1365 2059 1386 seu
2085 1353 2239 1386 hulciam

374 1430 454 1451 cum
481 1418 630 1463 capucio
651 1418 814 1451 foderato
837 1418 873 1450 in
894 1418 1034 1451 actibus
1062 1418 1301 1459 solemnibus,
1330 1426 1438 1464 prout
1462 1426 1543 1453 ante
1569 1420 1635 1453 ista
1664 1427 1823 1466 tempora
1848 1420 1916 1454 fuit
1940 1420 2170 1454 observatum
2196 1421 2240 1454 ad

375 1485 550 1518 honorem
567 1485 759 1518 facultatis.

464 1553 593 1586 Cetera
613 1558 731 1585 autem
754 1559 898 1594 statuta,
920 1559 990 1586 tam
1011 1553 1210 1598 apostolica
1228 1566 1332 1599 quam
1350 1555 1456 1587 etiam
1474 1566 1539 1599 per
1554 1554 1759 1588 facultatem
1775 1555 1879 1596 facta,
1898 1567 2012 1600 eaque
2029 1554 2241 1588 nominatim

372 1631 441 1665 que
463 1619 643 1664 exquisito
666 1619 787 1652 studio
809 1619 852 1652 ad
874 1620 1167 1654 reformationem
1190 1621 1284 1654 edita
1302 1628 1387 1654 sunt
1402 1634 1419 1654 a
1437 1621 1532 1654 bone
1549 1622 1723 1655 memorie
1741 1622 2060 1656 reverendissimis
2077 1622 2241 1668 patribus

373 1686 530 1719 dominis
554 1686 717 1720 Johanne
744 1687 779 1719 S.
807 1687 931 1727 Marci,
959 1694 993 1720 et
1021 1688 1152 1732 Egidio
1181 1688 1275 1721 tituli
1304 1689 1337 1722 S.
1367 1689 1512 1721 Martini
1543 1689 1579 1721 in
1610 1688 1797 1722 Montibus
1825 1689 1859 1722 S.
1893 1691 2053 1723 Romane
2084 1689 2240 1723 ecclesie

373 1753 633 1795 cardinalibus,
650 1754 850 1798 apostolice
871 1754 970 1787 sedis
991 1754 1136 1800 legatis,
1160 1755 1357 1789 dummodo
1379 1756 1516 1789 nostris
1533 1756 1794 1801 suprascriptis
1816 1768 1888 1790 non
1910 1763 2118 1802 repugnent
2137 1757 2242 1790 insti-

372 1821 471 1862 tutis,
498 1820 700 1862 laudamus,
728 1821 972 1866 approbamus
998 1829 1034 1855 et
1057 1822 1270 1856 auctoritate
1300 1822 1499 1868 apostolica
1526 1822 1754 1856 roboramus.
1782 1824 1973 1857 Contraria
1997 1836 2084 1858 vero
2115 1836 2242 1870 supra-

373 1887 480 1920 dictis
503 1888 640 1921 nostris
669 1889 967 1922 resormationum
994 1889 1138 1922 statutis
1164 1890 1288 1922 eadem
1315 1890 1528 1923 auctoritate
1558 1891 1705 1936 penitus
1731 1902 1934 1932 cassamus,
1961 1891 2181 1936 abrogamus
2205 1897 2241 1924 et

373 1954 573 1987 abolemus.
591 1955 770 1988 Volumus
786 1962 902 1988 autem
922 1962 957 1989 et
973 1956 1137 1989 districte
1155 1957 1377 2002 precipimus
1394 1957 1641 2003 suprascripta
1657 1964 1781 1991 nostra
1798 1958 2092 1991 resormationum
2111 1964 2241 1992 statuta

373 2022 410 2054 in
437 2021 542 2054 libris
568 2028 783 2055 statutorum
810 2023 989 2056 facultatis
1015 2024 1059 2056 ad
1085 2030 1296 2069 perpetuam
1324 2025 1532 2057 memoriam
1559 2025 1674 2058 inseri
1700 2032 1735 2058 et
1764 2025 1941 2067 annotari,
1969 2032 2006 2058 ut
2031 2037 2074 2058 eo
2099 2025 2239 2059 firmius

373 2088 630 2130 observentur,
652 2101 723 2134 quo
745 2090 870 2135 sepius
891 2091 1027 2124 suerint
1047 2092 1221 2124 memorie
1239 2092 1409 2137 repetita·,
1430 2092 1644 2125 mandantes
1665 2092 1702 2125 in
1718 2093 1851 2126 virtuto
1872 2099 1995 2125 sancte
2016 2092 2239 2135 obedientie,

373 2167 413 2188 ea
434 2162 563 2189 statuta
585 2168 649 2201 per
670 2156 839 2202 singulos
859 2169 974 2191 annos
994 2158 1031 2190 in
1052 2158 1243 2203 principiis
1264 2159 1543 2192 Ordinariorum
1564 2159 1755 2204 publicari.

1126 2267 1184 2297 De
1208 2267 1489 2298 decretistis22.

463 2357 549 2389 Post
578 2356 761 2402 theologie
791 2357 996 2390 facultatem
1024 2358 1185 2391 studium
1219 2359 1448 2393 decretorum
1480 2361 1516 2393 in
1546 2360 1637 2394 alma
1667 2360 1732 2393 hac
1766 2361 1963 2394 Parisiensi
1996 2362 2238 2395 Universitate

373 2422 498 2466 vigere
531 2435 569 2455 ac
600 2423 731 2456 ssorere
759 2425 1032 2469 prospeximus;
1065 2426 1169 2470 cujus
1197 2426 1343 2471 quidem
1372 2427 1552 2460 facultatis
1581 2427 1713 2460 honori
1743 2440 1782 2460 ac
1813 2428 1936 2461 decori
1966 2428 2173 2470 consulere,
2205 2435 2240 2462 et

375 2500 499 2521 eorum
521 2501 641 2522 mores
662 2497 768 2535 atque
788 2498 918 2524 statuta
940 2492 1136 2525 reformare
1158 2505 1289 2538 equum
1312 2500 1347 2527 et
1367 2494 1612 2527 necessarium
1635 2494 1816 2527 duximus.
1836 2496 1923 2539 Ejus
1944 2495 2039 2527 enim
2059 2495 2239 2528 facultatis

375 2556 604 2599 professores
622 2557 934 2591 moderatissimos
956 2570 1038 2591 esse
1059 2559 1175 2597 decet,
1194 2572 1274 2592 cum
1291 2561 1366 2605 juri
1387 2572 1531 2605 operam
1550 2561 1649 2603 dent,
1667 2561 1764 2606 quod
1786 2568 1877 2594 teste
1894 2561 2162 2606 jurisconsulto
2184 2568 2239 2595 est

375 2633 432 2654 ars
454 2622 539 2654 boni
560 2629 595 2655 et
615 2624 711 2668 equi,
735 2625 838 2668 cujus
864 2637 927 2658 eos
954 2626 1083 2658 merito
1110 2627 1191 2671 quis
1218 2627 1427 2660 sacerdotes
1453 2628 1621 2673 appellat.
1645 2628 1780 2661 Taliter
1803 2640 1892 2674 ergo
1913 2629 1984 2662 vita
2012 2635 2048 2662 et
2074 2628 2238 2662 moribus

375 2700 437 2720 eos
459 2693 522 2729 [se]
544 2701 673 2733 gerere
695 2698 875 2735 opportet,
899 2699 937 2725 ut
962 2693 1072 2737 digne
1095 2700 1163 2726 tam
1186 2694 1388 2738 preclarum
1410 2707 1544 2728 nomen
1568 2695 1760 2729 videantur
1786 2707 1869 2729 esse
1890 2695 2022 2737 sortiti,
2045 2695 2237 2741 presertim

376 2766 454 2786 cum
477 2755 543 2788 hoc
565 2756 644 2789 aliis
666 2757 845 2802 imperent
865 2765 970 2803 atque
992 2760 1204 2805 precipiunt.
1227 2762 1324 2794 Juris
1352 2762 1445 2794 enim
1469 2769 1638 2807 precepta
1664 2762 1725 2795 illa
1751 2762 1940 2795 notissima
1966 2769 2062 2804 sunt,
2085 2762 2237 2796 honeste

375 2821 508 2863 vivere,
531 2822 680 2855 alterum
704 2836 776 2856 non
797 2824 934 2867 ledere,
951 2827 1013 2869 jus
1034 2839 1139 2859 suum
1166 2828 1363 2873 unicuique
1389 2829 1564 2862 tribuere.
1591 2830 1707 2875 Igitur
1733 2830 1826 2862 circa
1852 2830 1981 2862 dictam
2007 2830 2235 2862 decretorum

374 2888 575 2920 facultatem
594 2890 820 2923 reformanda
843 2898 874 2924 et
898 2894 1086 2926 statuenda
1108 2894 1278 2928 videntur
1299 2908 1368 2940 que
1390 2903 1606 2941 sequuntur.

2482 2908 2502 3222 ,-..ι;,ωμει.11.-..Δ-η...ὲωι.ω
2495 2896 2500 2898 .
2488 2859 2502 2880 51³
