2502 3418
373 321 436 352 412
952 330 1270 353 CHARTULARIUM
1305 331 1495 353 UN1vssns.
1532 331 1661 352 rmus.
2134 316 2233 354 [1422

376 447 519 484 2203.
543 457 669 483 Litterae
683 457 846 483 credentiae
867 457 1064 483 Universitatis
1078 466 1130 493 pro
1146 457 1407 484 ambassiatoribus
1420 457 1459 483 ad
1477 457 1659 483 Catherinam
1672 457 1801 492 reginam
1816 456 1948 491 Angliae.

1553 545 1623 574 1422,
1639 544 1785 571 Decembris
1799 545 1823 573 3,
1837 544 1950 570 Parisiis.

700 635 722 663 Α
738 636 794 661 tres
810 635 919 664 haulte,
937 636 993 661 tres
1007 635 1163 661 excellente
1175 636 1203 660 et
1217 636 1273 660 tres
1288 634 1435 668 puissante
1446 634 1542 663 danie,
1557 634 1583 659 la
1598 641 1688 667 royne
1701 633 1908 666 d’Angleterre.

465 723 555 754 Tres
576 721 696 754 haulte
718 729 753 755 et
773 729 847 755 tres
869 723 1055 767 puissante
1076 723 1192 763 (lame,
1214 734 1307 755 nous
1328 733 1514 767 envoyons
1536 722 1580 754 de
1606 727 1755 766 present
1783 733 1846 766 par
1867 721 1997 754 devers
2017 728 2140 755 vostre
2160 727 2235 754 tres

376 788 484 821 noble
507 789 716 833 seigneurie
737 801 804 822 noz
830 801 967 834 suppoz
992 789 1238 822 honourables
1266 789 1433 822 maistres
1460 788 1573 822 Jehan
1604 790 1790 833 Beaupere
1811 788 1963 821 docteur
1984 800 2028 821 en
2050 787 2235 834 theologie

376 863 411 888 et
438 857 570 901 Jaques
598 857 825 901 Sacquespee
847 856 993 889 maistre
1019 869 1063 889 en
1085 856 1277 897 medicine,
1300 868 1393 901 pour
1413 867 1574 889 aucunes
1604 855 1734 889 choses
1762 856 1939 889 touchans
1965 855 1998 889 la
2025 855 2235 901 seigneurie

377 922 420 955 de
437 929 561 955 nostre
579 923 771 955 souverain
789 923 964 968 seigneur
985 923 1095 955 Henri
1117 935 1180 968 roy
1197 923 1240 956 de
1262 924 1398 956 France
1419 929 1453 955 et
1474 922 1729 968 d’Angleterre
1750 935 1814 968 par
1833 923 1865 956 la
1886 924 1992 967 grece
2012 923 2056 955 de
2077 922 2183 964 Dieu,
2201 928 2237 955 et

374 989 407 1022 le
424 989 508 1022 bien
526 990 569 1022 de
590 990 671 1034 paix
692 989 846 1022 d'iceulx
867 1002 1070 1035 royaumes,
1090 997 1125 1022 et
1144 1002 1237 1035 pour
1253 1002 1347 1023 nous
1369 996 1404 1023 et
1424 996 1548 1022 nostre
1570 996 1662 1023 estat
1682 990 1957 1023 recommendet·
1977 996 2012 1023 et
2033 989 2236 1035 respondre

375 1068 442 1089 aux
462 1063 535 1089 tres
556 1057 767 1101 gracieuses
788 1056 915 1089 lettres
937 1056 1023 1101 qu’il
1043 1069 1135 1090 vous
1156 1069 1173 1090 a
1195 1057 1278 1102 pleu
1304 1059 1322 1089 a
1347 1069 1440 1090 nous
1466 1069 1637 1102 envoyer‚
1666 1057 1878 1102 desquelles
1898 1069 1992 1090 nous
2012 1057 2236 1090 remercions

374 1130 448 1156 tant
468 1124 791 1156 affectueusement
810 1135 880 1168 que
900 1123 988 1156 faire
1010 1136 1138 1169 poons.
1163 1125 1209 1169 Sy
1228 1136 1320 1157 vous
1341 1124 1546 1169 supplions,
1570 1131 1695 1157 nostre
1716 1131 1791 1158 tres
1811 1123 2011 1157 redoubtee
2032 1124 2148 1165 dame,
2166 1135 2236 1169 que

374 1190 500 1222 nosdiz
521 1189 802 1223 ambassiateurs
823 1190 978 1224 vueillcs
1007 1190 1269 1236 benignement
1297 1191 1379 1224 ouir
1404 1198 1439 1224 et
1465 1191 1653 1236 adjouster
1676 1191 1798 1236 pleine
1825 1192 1884 1237 foy
1904 1194 1922 1224 a
1947 1203 1987 1224 ce
2017 1191 2105 1236 qu'il
2132 1197 2195 1224 ont
2219 1193 2237 1224 ὲ

375 1257 452 1289 dire
474 1257 517 1289 de
546 1269 608 1302 par
629 1269 736 1298 nous.,
763 1269 807 1290 en
835 1257 914 1290 leur
935 1257 1098 1291 donnant
1117 1258 1196 1291 aide
1218 1265 1253 1291 et
1279 1258 1469 1303 gracieuse
1491 1259 1616 1291 saveur
1636 1270 1681 1291 en
1701 1265 1800 1292 toute
1822 1258 1902 1292 leur
1922 1258 2123 1304 poursuite.
2146 1259 2237 1291 Tres

373 1323 494 1356 haulte
516 1330 550 1356 et
570 1330 644 1357 tres
666 1324 854 1368 puissante
876 1324 992 1365 dame,
1011 1325 1043 1357 le
1066 1325 1165 1358 Saint
1182 1326 1327 1370 Esperit
1347 1337 1439 1358 vous
1459 1325 1594 1359 vueille
1615 1326 1809 1359 continuer
1825 1338 1869 1359 en
1890 1325 2012 1359 bonne
2033 1325 2238 1371 prosperite

372 1403 414 1423 au
437 1390 521 1423 bien
542 1397 577 1423 et,
597 1390 714 1424 utilite
735 1391 799 1424 des
821 1391 916 1424 deux
937 1404 1127 1437 royaumcs
1148 1399 1183 1425 et
1203 1405 1247 1425 en
1268 1392 1300 1425 13
1318 1392 1366 1425 fin
1383 1393 1525 1426 donner
1540 1393 1572 1426 la
1588 1394 1665 1438 joie
1687 1393 1917 1438 pardurable.
1941 1393 2087 1438 Escript
2103 1395 2121 1426 ὲ
2137 1393 2236 1426 Paris

372 1470 416 1490 en
447 1465 571 1491 nostre
602 1458 866 1503 congregation
891 1459 1064 1504 generale
1089 1459 1396 1505 solempnelment
1420 1459 1587 1493 celebree
1613 1463 1631 1494 a
1652 1461 1752 1494 Saint
1775 1460 1946 1502 Maturin‚
1968 1460 2001 1493 le
2022 1460 2074 1505 iij⁰
2089 1461 2176 1505 jour
2192 1459 2237 1493 de

373 1524 586 1558 Decembre.

591 1592 659 1625 Vos
674 1592 827 1626 lzumbles
841 1593 994 1638 subgiez,
1013 1593 1061 1627 les
1078 1599 1228 1635 recteur,
1246 1595 1411 1630 docteurs
1425 1602 1459 1630 et
1479 1596 1644 1630 maistres
1657 1595 1699 1630 de
1714 1595 1952 1630 I’Universite'
1965 1594 2007 1629 de
2024 1595 2145 1629 Paris.

466 1690 601 1722 Originule
614 1691 728 1714 chartac.
745 1691 771 1714 in
787 1691 863 1715 Areh.
878 1692 956 1715 Univ.
973 1692 1066 1719 Paris„
1083 1692 1151 1716 theo.
1165 1693 1196 1722 Π,
1211 1694 1261 1717 ΛΑ.
1278 1702 1303 1717 n.
1319 1708 1349 1711 —
1364 1694 1439 1721 B1<1„,
1456 1695 1485 1724 V,
1503 1695 1556 1717 360.

372 1858 515 1895 2204.
540 1867 666 1893 Litterae
682 1867 845 1894 credentiae
855 1877 909 1904 pro
925 1868 1035 1894 duobus
1052 1869 1313 1896 ambassiatoribus
1335 1871 1534 1897 Universitatis
1550 1871 1578 1897 in
1593 1870 1727 1906 Angliam
1743 1870 1848 1897 missis.

1532 1959 1606 1989 7422,
1623 1959 1769 1985 Decemer's
1785 1959 1822 1989 72,
1837 1959 1951 1985 Parisiis.

461 2042 542 2074 Paci
567 2053 764 2087 regnorum
794 2044 928 2088 pariter
953 2051 988 2077 et
1016 2045 1174 2087 utilitati,
1202 2047 1404 2079 reverende
1432 2047 1469 2079 in
1490 2046 1636 2081 Christo
1666 2054 1780 2092 pater,
1808 2059 1873 2092 pro
1901 2053 2023 2080 nostra
2044 2047 2237 2080 vocatione>

372 2109 575 2149 studentes,
598 2121 681 2142 ecce
702 2110 877 2143 mittimus
898 2111 941 2144 ad
962 2112 1181 2156 presentiam
1203 2120 1359 2146 vestram
1381 2114 1543 2148 delectos
1564 2121 1600 2147 et
1620 2114 1814 2160 perdoctos
1834 2114 1934 2148 viros
1954 2113 2234 2147 ambassiatores

371 2182 518 2208 nostros
540 2176 735 2221 magistros
757 2177 999 2211 Guillermum
1022 2179 1172 2212 Euvrie¹
1197 2192 1289 2225 mag.
1319 2181 1355 2213 in
1383 2181 1534 2223 artibus,
1564 2181 1698 2215 baccal.
1720 2182 1911 2215 formatum
1933 2181 1970 2214 in
1990 2180 2175 2226 theologia
2194 2192 2234 2214 ac

372 2242 545 2275 decanum
565 2242 719 2276 ecclesie
742 2245 967 2286 Remensis²,
986 2252 1021 2278 et
1036 2246 1207 2279 Jacobum
1227 2247 1457 2293 Sacquespee
1477 2275 1527 2290 .,.,
1546 2249 1680 2294 quibus
1701 2248 1876 2282 nonnulla
1894 2250 1967 2292 (etc.
1986 2253 2024 2282 ut
2045 2248 2081 2282 in
2096 2247 2231 2282 docum.

372 2315 411 2341 n⁰
431 2310 541 2352 2202).
564 2311 642 2342 Dat.
666 2310 827 2344 Parisius
848 2312 885 2344 in
906 2319 1029 2345 nostra
1050 2314 1336 2359 congregatione
1357 2316 1521 2360 generali
1549 2316 1643 2361 apud
1674 2317 1842 2350 Sanctum
1870 2315 2088 2349 Maturinum
2112 2314 2234 2348 solen-

372 2376 466 2408 niter
486 2376 665 2409 celebrata
686 2377 744 2410 die
765 2378 812 2422 xij
835 2380 972 2412 mensis
994 2380 1221 2414 Decembris.

1340 2437 1471 2470 Rector
1485 2442 1518 2470 et
1539 2437 1762 2471 Universa-as
1779 2437 2010 2471 Parisiensis.

1766 2506 1921 2538 Hnnnnw.

463 2594 610 2625 Originnlia
624 2596 675 2619 duo
690 2604 810 2627 pergam.
826 2597 853 2620 in
868 2597 945 2621 Arch.
961 2598 1038 2622 Univ.
1051 2599 1146 2628 Puris„
1162 2600 1231 2624 thee.
1246 2601 1264 2628 1,
1278 2602 1307 2624 A.
1321 2601 1343 2624 1.
1356 2601 1381 2629 d,
1395 2605 1420 2624 et
1434 2602 1502 2625 thee.
1519 2602 1551 2630 11,
1565 2603 1615 2625 ΑΑ.
1632 2611 1654 2626 c.
1670 2616 1700 2620 —
1713 2603 1760 2626 An.
1774 2602 1844 2632 1423,
1857 2602 1945 2625 Martii
1960 2603 1998 2630 30,
2015 2602 2066 2625 duo
2086 2588 2241 2634 amnestia-7¹

368 2640 437 2661 tores
453 2638 507 2670 jam
522 2640 621 2662 reversi
639 2644 722 2670 erant,
740 2644 765 2664 et
782 2641 940 2665 Guillelmus
958 2651 969 2666 «
986 2643 1080 2674 Eyvrie
1095 2652 1106 2666 »
1126 2644 1152 2667 in
1168 2645 1372 2676 congregatione
1394 2646 1510 2677 generali
1527 2655 1538 2669 «
1557 2647 1616 2670 fecit
1636 2647 1791 2670 relationem
1810 2655 1885 2670 suam
1901 2647 1932 2670 de
1947 2646 2041 2678 Anglin
2057 2654 2079 2670 u.
2101 2646 2183 2677 April.
2203 2646 2232 2669 17

368 2682 486 2713 deputati
501 2692 512 2707 «
523 2684 697 2708 visitaverunt
706 2686 831 2709 articulos
848 2690 1002 2718 apportatus
1017 2696 1065 2719 per
1078 2697 1148 2719 mag.
1161 2689 1332 2713 Guillelmum
1349 2690 1443 2722 Eyvrie
1458 2692 1489 2714 de
1505 2687 1625 2714 Tornaco‘
1638 2700 1649 2714 »
1667 2692 1746 2721 (Bibl.
1760 2695 1814 2715 nat..
1827 2691 1921 2720 Puris„
1934 2699 1984 2715 ms,
1996 2692 2044 2715 lat.
2055 2691 2125 2720 5494,
2141 2699 2167 2722 p.
2184 2683 2233 2720 2¹02

462 2766 485 2791 1.
502 2768 551 2790 Pro
566 2768 684 2792 Johanne
703 2770 895 2801 Pulchripatris
916 2771 1036 2795 missum.
1055 2772 1114 2796 Vid.
1131 2777 1159 2795 n⁰
1176 2773 1245 2802 2202,
1262 2777 1316 2797 not.
1339 2787 1362 2791 —-
1383 2774 1407 2799 2.
1425 2774 1552 2802 Quamvis
1570 2776 1760 2799 Normannum.
1776 2775 1834 2799 Vid.
1853 2783 1935 2807 supra
1951 2783 1977 2806 p.
1998 2775 2051 2802 100,
2068 2777 2093 2798 et
2107 2774 2232 2803 Deum-E,

371 2811 431 2834 Cab.
448 2812 492 2835 des
504 2819 578 2841 mss.‚
593 2813 612 2841 Ι,
627 2821 653 2843 p.
671 2815 715 2836 538
731 2822 771 2845 sq.
787 2815 905 2838 Decanus
921 2816 954 2839 ab
970 2824 1012 2839 an.
1028 2817 1089 2840 1420
1105 2817 1188 2846 (Gall.
1204 2818 1310 2848 christ„
1327 2819 1369 2848 1x,
1387 2819 1451 2850 174).
