2502 3418
384 324 448 356 408
962 334 1277 356 cuisn'rULAan
1312 335 1502 358 UN1VERS.
1539 335 1666 356 PAHIS.
2149 321 2248 358 [1422

385 464 529 501 2198.
552 473 676 499 lacobus
695 473 784 505 Galet,
803 478 895 499 rector
910 474 1108 500 Universitatis
1124 475 1231 508 Paris.,
1243 475 1364 500 mandat
1377 479 1407 500 ut
1425 483 1520 500 omnes
1530 475 1626 509 jurati
1641 478 1668 500 et
1683 483 1738 500 non
1748 474 1843 510 jurati
1858 474 2056 500 Universitatis
2072 475 2247 504 conveniant.

474 523 649 548 associaturi
663 532 764 559 corpus
780 523 910 557 defuncti
925 524 1000 558 regis
1018 524 1166 552 Franciae,

1585 560 1659 590 7422,
1677 559 1792 586 Moremb,
1811 560 1834 588 9.
1850 559 1964 585 Parisiis.

475 649 561 688 Nos,
583 647 738 680 Jacobus
760 648 876 688 Galet,
906 654 1024 680 rector
1049 649 1304 681 Universitatis
1336 649 1591 693 magistrorum
1624 655 1659 681 et
1689 647 1881 681 scolarium
1909 647 2070 681 Parisius
2101 647 2251 680 studen-

387 715 486 755 tium,
510 726 553 747 ex
573 714 835 747 deliberatione
857 715 1019 759 ejusdem
1043 715 1298 747 Universitatis
1320 715 1531 747 mandamus
1553 722 1588 747 et
1604 715 1825 760 precipimus
1846 714 2016 747 omnibus
2038 721 2073 747 et
2093 714 2251 760 singulis

387 781 587 826 suppositis
609 781 771 825 ejusdem
796 782 1064 822 >Universitatis,
1091 788 1155 814 tam
1174 782 1306 826 juratis
1328 794 1431 827 quam
1456 794 1527 814 non
1545 782 1690 827 juratis,
1714 783 1975 827 cujuscumque
1998 788 2124 823 status,
2147 794 2251 827 pree-

389 848 572 889 minentie,
595 848 731 893 gradus
752 855 812 880 aut
832 849 1052 881 conditionis
1075 849 1242 889 existant,
1265 856 1443 893 quatenus
1466 861 1530 894 per
1552 861 1615 882 sua
1632 850 1836 894 juramenta
1859 856 1894 882 et
1915 848 1982 882 sub
2008 849 2113 894 penis
2139 849 2251 894 priva-

388 915 496 948 tionis
525 922 557 947 et
585 915 833 955 resecationis,
866 915 974 947 hodie
1006 915 1093 948 hora
1118 916 1183 960 xija
1213 916 1355 960 precise
1386 923 1618 961 compareant
1647 917 1683 948 in
1711 915 1896 949 habitibus
1920 915 2136 949 decentibus
2157 916 2252 961 apud

389 983 553 1015 Sanctum
591 982 808 1014 Maturinum
840 982 924 1015 ituri
959 983 1280 1027 processionaliter
1311 983 1405 1028 apud
1439 983 1628 1016 ecclesiam
1660 984 1767 1016 Reate
1798 983 1924 1024 Marie,
1957 990 1992 1016 et
2017 983 2160 1024 exinde,
2193 983 2252 1016 die

388 1049 527 1081 scilicet
547 1048 734 1088 hodierna,
757 1049 800 1081 ad
822 1049 965 1081 domum
990 1050 1109 1082 Sancti
1131 1050 1230 1082 Pauli
1251 1050 1466 1083 associaturi
1484 1062 1616 1095 corpus
1635 1050 1807 1083 deffuncti
1825 1062 1942 1095 nuper
1958 1050 2252 1083 christianissimi

390 1116 563 1160 principis
598 1115 734 1147 domini
766 1116 881 1148 nostri
915 1116 1013 1161 regis
1044 1128 1160 1161 usque
1195 1117 1231 1149 in
1262 1117 1452 1150 ecclesiam
1488 1117 1699 1162 predictam.
1732 1117 2028 1162 Durantibusque
2063 1117 2252 1150 solemniis

389 1182 647 1226 obsequiorum
670 1183 924 1227 unusquisque
948 1195 1076 1228 preces
1104 1184 1180 1228 pias
1202 1191 1234 1216 et
1257 1185 1440 1217 orationes
1462 1185 1654 1217 effundens
1676 1185 1719 1217 ad
1741 1185 1947 1225 Dominum,
1976 1185 2105 1218 devote
2133 1184 2254 1218 nobis-

388 1261 466 1281 cum
490 1255 630 1281 maneat
651 1249 687 1281 in
710 1249 863 1282 ecclesia
885 1257 1091 1283 memorata.
1111 1252 1259 1283 Necnon
1282 1251 1419 1284 eisdem
1443 1251 1598 1296 peractis
1620 1251 1822 1296 obsequiis,
1846 1252 1903 1284 die
1925 1251 2066 1285 scilicet
2085 1252 2254 1291 crastina,

388 1328 457 1348 una
486 1315 674 1348 nobiscum
703 1328 826 1349 eorum
851 1316 1004 1361 quilibet
1028 1318 1349 1362 processionaliter
1377 1319 1520 1351 incedat
1547 1318 1675 1351 ordine
1704 1331 1770 1351 suo
1796 1331 1912 1364 usque
1938 1319 1982 1351 ad
2010 1319 2129 1351 locum
2158 1325 2256 1352 extra

388 1383 478 1415 hanc
499 1382 626 1415 urbem
652 1383 894 1416 Parisiensem
922 1386 1126 1426 statutum¹,
1150 1385 1217 1418 sub
1239 1386 1343 1430 penis
1371 1386 1576 1426 antedictis,
1601 1397 1689 1430 quas
1720 1386 1843 1418 eadem
1872 1386 2098 1419 Universitas
2125 1386 2255 1431 exequi

388 1450 494 1482 saciet
519 1456 554 1482 et
580 1450 758 1483 conclusit
785 1451 821 1482 in
847 1450 956 1495 hujus
986 1452 1141 1484 mandati
1172 1459 1444 1498 contemptores
1475 1465 1539 1485 seu
1571 1465 1643 1485 non
1669 1452 1884 1486 obedientes
1914 1453 2044 1485 eidem.
2068 1454 2112 1486 Et
2136 1465 2254 1498 neque

390 1517 447 1549 (lie
468 1517 535 1549 ista
558 1517 648 1549 ultra
670 1529 798 1558 nonas,
817 1530 883 1551 nec
901 1518 958 1551 die
981 1519 1135 1551 crastina
1158 1519 1276 1564 aliqua
1294 1520 1381 1552 hora
1403 1520 1578 1565 legetur?
1599 1521 1637 1552 In
1724 1521 1808 1563 (sic).

483 1630 597 1653 Minuta
619 1630 734 1653 chartac.
756 1630 781 1652 in
798 1630 875 1653 Arcb.
897 1633 949 1653 nat.
967 1630 1061 1660 Paris„
1082 1632 1105 1654 M
1125 1634 1176 1658 6:1¹²,
1195 1636 1224 1654 n⁰
1239 1633 1277 1655 28.
1301 1646 1330 1650 —-
1349 1632 1442 1656 Octob.
1461 1633 1488 1655 21
1512 1632 1623 1656 Carolus
1640 1633 1672 1656 VI
1689 1633 1828 1656 defunctus
1850 1635 1890 1656 est
1910 1632 1934 1655 in
1951 1632 2051 1664 palatio
2073 1633 2099 1656 S.
2115 1632 2190 1656 Pauli
2211 1632 2257 1664 (cf.

390 1677 516 1703 Auctar.‚
534 1675 565 1703 11,
581 1683 608 1705 p.
625 1675 678 1702 292,
695 1675 736 1701 183
750 1675 855 1697 VALLE‘r
869 1683 902 1698 m:
914 1676 1063 1702 Vnuvnimz.
1080 1677 1183 1700 Clzron.
1197 1678 1229 1700 de
1245 1677 1359 1701 Chttrles
1375 1677 1435 1706 VII,
1449 1681 1466 1701 t.
1482 1678 1501 1707 1,
1515 1686 1542 1709 p.
1555 1679 1577 1705 3,
1594 1681 1648 1701 not.
1662 1678 1673 1700 1
1689 1686 1694 1700 ·.
1709 1686 1719 1701 α
1732 1677 1825 1701 Octob.
1842 1679 1871 1700 22
1884 1678 1916 1709 1));
1933 1677 2059 1701 Novemb.
2071 1679 2086 1700 9
2100 1681 2161 1709 post
2178 1677 2258 1701 meri-

390 1718 458 1741 diem
474 1727 569 1749 corpus
584 1722 718 1750 portatum
733 1719 782 1742 suit
797 1719 829 1742 ud
843 1720 964 1742 Nostram
981 1720 1116 1743 Dominam
1132 1721 1201 1749 (Rel.
1218 1723 1250 1745 de
1266 1722 1469 1752 Saint-Denys,
1484 1723 1526 1750 VI,
1540 1723 1600 1752 48&
1613 1723 1735 1747 Journal
1747 1723 1814 1746 d’un
1830 1722 1985 1753 bourgeois,
2001 1731 2027 1753 p.
2042 1723 2087 1745 180
2101 1730 2105 1745 :
2122 1731 2133 1745 (t
2146 1722 2220 1746 lundi
2235 1731 2257 1750 »‚

390 1763 407 1786 i.
424 1772 446 1787 e.
462 1764 588 1787 Novemb.
606 1765 644 1795 9);
662 1763 786 1787 Novelnb.
805 1765 833 1787 10
850 1764 947 1787 ibidem
964 1765 1045 1787 inissa
1065 1766 1207 1795 celebrata,
1227 1770 1372 1798 posteaque
1387 1775 1483 1798 corpus
1499 1767 1532 1790 ad
1551 1768 1576 1790 S,
1594 1767 1747 1798 Dionysium
1765 1767 1884 1790 ablatum
1901 1767 1964 1796 (vid.
1982 1767 2047 1790 ibid.
2066 1770 2091 1790 et
2108 1767 2212 1791 Chron.
2226 1769 2258 1791 de

392 1809 570 1837 M'onstrelet„
585 1809 625 1837 lv,
642 1809 684 1831 121
702 1810 760 1839 sq.).
778 1808 819 1832 die
833 1809 956 1832 mercurii
972 1810 1097 1833 Novemh.
1116 1810 1153 1840 11,
1167 1810 1334 1834 inhumatum
1348 1815 1388 1835 est
1403 1812 1429 1842 (Ι.
1446 1813 1490 1843 c.).

485 1906 508 1931 1.
523 1907 611 1938 Usque
630 1916 643 1928 a
660 1907 688 1930 la
712 1906 796 1931 Croix
812 1913 873 1931 aum
892 1908 960 1939 fiens
979 1917 999 1931 ».
1016 1908 1074 1931 vid.
1090 1908 1149 1933 Rel-
1171 1910 1204 1932 de
1225 1909 1430 1940 Saint-Denys‚
1445 1910 1487 1938 VI,
1507 1919 1534 1941 p.
1550 1911 1603 1933 4¹³0.
1622 1924 1647 1928 —
1666 1910 1689 1935 2.
1708 1911 1734 1933 1η
1751 1910 1871 1941 margine
1891 1910 1998 1934 additur
2014 1918 2019 1934 ⁴.
2036 1919 2047 1933 «
2063 1910 2150 1934 et.die
2170 1910 2257 1939 tertia,

391 1951 456 1974 hora
470 1951 583 1982 septima
599 1952 629 1974 de
645 1960 720 1974 inane
736 1960 757 1974 u.

393 2092 420 2127 2
431 2092 536 2129 199.
561 2110 575 2127 <<
594 2103 728 2137 Sequitur
741 2102 809 2128 ordo
824 2112 904 2138 quem
919 2107 994 2129 tenet
1015 2104 1189 2130 Universitas
1204 2105 1231 2130 in
1247 2105 1394 2132 delatione
1407 2115 1554 2142 corporum
1571 2115 1667 2141 regum
1683 2107 1833 2132 Franciae.
1852 2116 1866 2131 »

1622 2195 1694 2220 Circa
1709 2202 1747 2220 an.
1765 2194 1840 2223 7422.
1856 2194 1972 2220 Parisiis.

482 2277 547 2309 Die
565 2277 822 2311 celebrationis
843 2279 1048 2324 vigiliarum
1071 2293 1136 2326 pro
1159 2282 1320 2315 remedio
1341 2283 1458 2315 anime
1479 2282 1774 2316 christianissimi
1795 2282 1971 2327 principis
1993 2282 2154 2315 defuncti
2175 2281 2260 2316 talis

394 2344 492 2388 regis
515 2345 675 2386 Francie,
699 2347 916 2391 congregari
943 2347 1052 2380 debet
1073 2349 1299 2382 Universitas
1326 2350 1362 2382 in
1392 2350 1426 2382 S.
1455 2350 1636 2382 Maturino
1662 2356 1721 2382 aut
1743 2349 1813 2382 alio
1841 2349 1922 2382 loco
1944 2350 2031 2382 citra
2053 2356 2202 2394 pontes3
2225 2355 2261 2382 et

394 2409 443 2441 ibi
472 2423 680 2455 comparere
710 2412 844 2445 debent
874 2425 999 2446 omnes
1031 2416 1207 2460 magistri,
1244 2416 1427 2454 doctores,
1461 2417 1635 2458 scolares,
1666 2423 1734 2449 tam
1762 2417 1873 2461 jurati
1901 2428 2005 2461 quam
2037 2428 2109 2448 non
2134 2416 2258 2460 jurati,

394 2478 508 2509 vocati
531 2490 594 2522 per
615 2478 762 2511 cedulas
786 2481 950 2516 rectoris,
979 2481 1091 2514 valvis
1113 2482 1349 2516 ecclesiarum
1379 2484 1514 2523 affixas,
1536 2483 1710 2516 habituati
1739 2484 1838 2528 capis
1865 2482 2127 2524 doctoralibus,
2153 2482 2260 2516 hous-

396 2544 460 2575 siis
482 2550 514 2576 et
541 2544 620 2577 aliis
644 2545 866 2579 indumentis
897 2548 1112 2590 scolasticis,
1144 2550 1229 2582 ituri
1260 2550 1583 2595 processionaliter
1612 2550 1751 2584 obviam
1782 2550 1926 2595 corpori
1957 2550 2117 2582 defuncti
2146 2550 2258 2595 regis.

396 2610 465 2652 Qui
493 2611 638 2654 quidem
666 2623 739 2652 rex,
770 2613 800 2644 si
826 2613 1041 2647 Vicenarum
1065 2628 1213 2649 nemore
1240 2617 1454 2658 decesserit,
1484 2624 1518 2650 et
1545 2630 1678 2662 corpus
1706 2617 1850 2650 allatum
1873 2617 1982 2649 suerit
2003 2616 2047 2649 ad
2069 2616 2259 2649 ecelesiam

398 2677 430 2708 S.
455 2677 627 2709 Anthonii
649 2678 692 2710 de
719 2679 877 2723 Campis,
908 2680 1097 2714 levandum
1133 2695 1196 2727 per
1221 2684 1432 2728 episcopum
1465 2685 1707 2717 Parisiensem
1735 2691 1768 2717 et
1797 2695 1884 2716 suos
1913 2683 1957 2716 de
1984 2683 2137 2716 ecclesia
2166 2683 2259 2716 Pari-

398 2743 522 2784 siensi,
551 2750 634 2777 tunc
660 2746 886 2779 Universitas
912 2747 977 2781 ibit
1003 2749 1143 2782 obviam
1167 2751 1311 2795 corpori
1332 2763 1448 2796 usque
1470 2751 1514 2784 ad
1535 2763 1641 2784 unam
1667 2763 1824 2791 crucem,
1848 2762 1917 2795 que
1939 2757 1995 2783 est
2015 2750 2117 2794 quasi
2144 2750 2260 2782 media

398 2809 492 2842 inter
508 2810 635 2842 dictam
655 2812 843 2845 ecclesiam
863 2814 897 2846 S.
917 2815 1090 2848 Anthonii
1108 2824 1141 2849 et
1159 2818 1325 2850 Castrum
1343 2818 1440 2863 quod
1457 2818 1629 2852 Bastillia
1646 2824 1886 2863 nuncupatur,
1906 2828 2096 2850 reversura
2113 2828 2260 2862 proces-

399 2876 585 2909 sionaliter
608 2889 686 2909 cum
712 2879 863 2912 ccclesia
886 2882 1082 2915 Parisiensi
1103 2884 1146 2916 ad
1173 2885 1332 2918 eamdem
1356 2885 1559 2918 ecclesiam.
1588 2885 1623 2918 Si
1649 2891 1767 2918 autem
1790 2896 1851 2917 rex
1878 2884 2038 2917 Parisius
2060 2883 2261 2917 decesserit
