2502 3418
267 331 364 367 1437]
609 345 656 366 AB
691 344 796 366 ΑΝΝΟ
830 343 1118 366 mcchxxxxiv
1153 344 1283 372 USQUE
1318 344 1365 365 An
1400 343 1537 365 ANNUM
1574 344 1777 365 nccccmr
2063 335 2126 368 603

264 496 409 533 2518.
437 506 612 532 Urziversitas
627 506 722 532 Paris.
748 506 788 531 ad
811 505 961 541 quemdam
982 505 1142 542 principem
1160 505 1272 539 (ducem
1294 505 1518 540 BurgundiaeP),
1542 509 1571 531 ut
1593 515 1623 531 se
1642 514 1694 541 pro
1716 506 1844 531 Iohanne
1863 506 1991 539 Jordani,
2019 507 2125 533 abbate

352 557 377 581 S.
394 555 472 581 Petri
485 555 514 581 in
535 555 613 582 Valle
631 557 806 589 Car-notens„
826 555 998 591 interponat.

1556 618 1713 647 7434-7437.
1729 618 1843 644 Parisiis.

351 743 442 788 Tres
458 741 558 775 hault
577 748 612 774 et
628 748 701 774 tres
717 742 882 786 puissant
898 742 1022 786 prince
1040 749 1075 774 et
1091 749 1216 775 nostre
1233 749 1307 775 tres
1325 742 1502 775 redoubte
1524 742 1712 786 seigneur,
1726 748 1799 774 tres
1816 741 1964 774 humble
1983 754 2122 774 recom-

262 808 477 841 mendaeion
503 808 711 853 precedent.
730 809 854 842 Verite
876 815 932 841 est
947 821 1017 853 que
1039 821 1132 841 nous
1153 821 1265 842 avons
1282 821 1326 842 eu
1344 809 1582 854 longuement
1602 809 1817 841 demourant
1833 820 2011 853 aveequcs
2033 821 2125 841 nous

263 887 307 908 θη
328 875 483 908 l'estude
500 875 701 908 honorable
723 882 758 908 et
779 876 908 909 devote
930 888 1113 921 personne
1133 876 1263 909 ,Ιθὶιηη1
1286 876 1378 909 abbe
1400 876 1444 908 de
1467 876 1566 909 Saint
1586 877 1674 909 Pere
1696 888 1740 908 en
1762 876 1793 908 la
1812 876 1923 909 Valee
1949 876 1993 908 de
2015 875 2127 909 Char-

262 949 349 984 tres,
371 949 496 975 nostre
522 942 691 983 escolier,
719 942 841 987 lequel
862 949 918 975 est
938 942 1081 976 homme
1103 943 1147 976 de
1169 943 1366 988 religieuse
1389 950 1423 976 et.
1443 943 1622 975 honneste
1645 943 1715 983 vie,
1744 943 1787 975 de
1814 942 1909 975 belle
1935 954 2128 976 conversa-

261 1009 344 1042 cion
366 1016 401 1042 et
421 1015 495 1042 tres
516 1009 628 1054 digne
649 1009 693 1042 de
710 1015 810 1042 toute
831 1010 1183 1051 recommendacion,
1208 1017 1242 1042 et
1262 1022 1307 1042 ne
1330 1021 1442 1043 avons
1464 1010 1566 1054 point
1585 1021 1765 1054 apperceu
1787 1021 1856 1054 que
1878 1009 1902 1042 il
1924 1021 1963 1042 se
1989 1009 2060 1042 soit
2081 1021 2125 1042 ou

262 1083 378 1121 temps
395 1079 501 1121 passe
523 1076 697 1109 entremis
713 1076 789 1109 fors
810 1076 1015 1109 seulement
1031 1077 1075 1109 de
1098 1077 1215 1110 servir
1236 1077 1327 1110 Dieu
1350 1084 1383 1110 et
1409 1077 1452 1109 de
1474 1088 1682 1122 gouverner
1697 1077 1890 1109 deuement
1916 1088 1983 1109 son
2011 1076 2126 1121 eglise

261 1143 365 1176 selon
387 1155 425 1176 sa
443 1143 650 1188 profession
668 1143 865 1188 reguliere,
889 1150 924 1176 et
944 1156 1053 1188 aussy
1079 1146 1096 1177 a
1118 1156 1266 1177 exercer
1288 1150 1322 1176 et
1341 1144 1429 1176 faire
1451 1155 1511 1177 ses
1533 1144 1600 1176 saiz
1621 1144 1786 1176 d‘estude
1808 1155 1852 1176 en
1873 1143 1906 1176 la
1928 1144 2072 1176 science
2094 1150 2128 1176 et

260 1210 391 1243 faculte
412 1210 457 1243 de
478 1210 593 1244 sainte
624 1210 822 1256 theologie,
844 1223 889 1243 θη
923 1210 1081 1256 laquelle
1102 1223 1165 1256 par
1185 1223 1245 1244 ses
1275 1210 1417 1244 bonnes
1446 1211 1593 1244 merites
1627 1210 1652 1243 il
1680 1223 1698 1243 a
1728 1210 1863 1243 obtenu
1888 1210 1922 1243 le
1944 1211 2056 1256 degre
2084 1211 2127 1243 de

260 1277 463 1310 bachelier²
484 1277 804 1311 honorablement.
829 1279 871 1311 Et
892 1278 1060 1311 comhien
1077 1290 1146 1323 que
1168 1278 1258 1311 ledit
1274 1277 1366 1311 abbe
1387 1278 1435 1311 ait
1454 1281 1530 1311 este
1547 1277 1661 1310 moult
1673 1277 1978 1322 canoniquement
1993 1284 2028 1311 et
2043 1289 2128 1311 sans

260 1344 441 1377 contredit
460 1345 611 1378 institue
631 1345 748 1390 prelat
768 1351 803 1378 et
827 1344 919 1378 abbe
941 1357 985 1378 θη
1007 1357 1045 1378 sa
1067 1345 1161 1378 dicte
1178 1345 1307 1390 eglise,
1333 1352 1368 1378 et
1393 1357 1462 1390 que
1493 1345 1635 1377 d'icelle
1661 1345 1686 1377 il
1713 1345 1760 1377 ait
1780 1345 1843 1389 joy
1864 1357 1927 1390 par
1956 1344 2127 1389 pluseurs

259 1415 396 1444 annees
418 1411 688 1457 paisiblement,
710 1412 940 1445 neantmoins
966 1425 1009 1445 au
1031 1412 1226 1457 pourchas,
1244 1424 1381 1445 comme
1403 1424 1449 1444 on
1478 1412 1542 1453 dit,
1562 1412 1605 1444 de
1635 1424 1772 1444 aucuns
1804 1423 1863 1444 ses
1886 1411 2065 1457 religieux
2082 1424 2126 1445 ou

259 1485 381 1512 autres
402 1479 463 1524 qui
483 1479 632 1513 veulent
647 1479 733 1512 bien
754 1487 850 1513 estre
872 1491 956 1513 sans
978 1486 1126 1525 pasteur
1150 1486 1185 1512 et
1205 1480 1351 1512 maistre
1369 1486 1404 1512 et
1424 1491 1508 1512 sans
1530 1479 1723 1524 discipline
1745 1485 1779 1511 et
1800 1479 2003 1511 correction
2020 1491 2129 1524 regu-

259 1546 383 1587 lieres,
405 1553 439 1579 et
460 1547 521 1592 qui
541 1547 690 1580 veulent
707 1547 898 1592 appliquer
923 1550 941 1580 ἐι
961 1547 1041 1580 leur
1066 1547 1193 1591 plaisir
1223 1547 1276 1580 les
1303 1558 1459 1580 revenus
1484 1546 1624 1579 d‘icelle
1650 1546 1779 1591 eglise,
1807 1553 1931 1579 nostre
1955 1546 2007 1579 dit
2027 1558 2129 1579 esco-

260 1613 328 1646 lier
347 1626 366 1646 a
386 1617 463 1646 este
483 1620 519 1646 et
539 1620 595 1647 est
611 1614 804 1647 durement
821 1614 1028 1659 empeschie
1050 1626 1094 1647 en
1114 1614 1147 1647 la
1162 1615 1357 1659 joyssance
1375 1621 1410 1646 et
1428 1614 1643 1659 possession
1663 1613 1805 1646 d‘icelle
1821 1613 1949 1658 eglise.
1968 1615 2011 1646 Et
2026 1613 2129 1646 telle-

260 1687 359 1713 ment
380 1693 443 1725 par
468 1680 521 1713 les
543 1681 751 1715 dessusdits
779 1688 842 1714 ont
870 1685 947 1714 este
974 1682 1148 1714 informez
1174 1688 1300 1714 contre
1328 1681 1418 1714 ledit
1449 1680 1605 1714 escolier
1628 1681 1890 1725 monseigneur
1926 1680 1959 1712 le
1994 1679 2129 1713 bastart

261 1747 467 1788 d’Orleans,
485 1748 518 1780 le
539 1749 741 1793 cappitaine
763 1748 808 1781 de
829 1748 1002 1782 Chartres
1023 1757 1057 1781 et
1073 1755 1194 1782 autres
1212 1749 1406 1793 seigneurs
1428 1747 1552 1780 desdis
1573 1747 1682 1787 lieux,
1706 1759 1775 1792 que
1797 1747 1886 1780 ledit
1907 1747 2063 1780 escolier
2083 1759 2128 1779 ne

261 1826 324 1847 ose
341 1814 417 1847 aler
433 1817 450 1847 a
467 1827 505 1848 sa
528 1815 622 1848 dicte
640 1816 769 1861 eglise.
794 1817 838 1849 Et
853 1828 946 1849 nous
967 1828 985 1849 a
1006 1816 1058 1848 dit
1078 1815 1195 1848 oultre
1213 1815 1336 1848 icellui
1354 1815 1535 1855 escollier,
1555 1827 1624 1859 que
1640 1815 1751 1859 jasoit
1771 1826 1811 1847 ce
1831 1826 1901 1859 que
1923 1826 2015 1858 pour
2032 1821 2127 1847 estre

260 1881 353 1926 obey
369 1882 469 1915 audit
484 1882 557 1915 lieu
575 1889 610 1916 et
625 1883 699 1927 joir
715 1883 857 1916 d’icelle
880 1883 995 1928 eglise
1017 1883 1042 1915 il
1067 1884 1115 1916 ait
1140 1883 1275 1916 obtenu
1302 1882 1473 1927 pluseurs
1496 1882 1733 1914 mandemens
1754 1881 1880 1919 roialx,
1904 1882 2127 1914 toutesvoiez

260 1960 306 1981 on
329 1961 374 1981 ne
396 1949 429 1982 le
450 1962 468 1982 a
489 1953 553 1983 ose
575 1956 703 1983 mettre
730 1953 747 1983 a
768 1951 966 1983 execucion
994 1962 1086 1995 pour
1111 1949 1246 1983 doubte
1268 1949 1393 1982 (lesdis
1415 1949 1655 1994 cappitaines3
1683 1955 1718 1981 et
1742 1960 1894 1981 encores
1916 1949 2046 1993 depuis
2073 1961 2126 1990 ce,

259 2018 277 2048 ἱι
293 2015 324 2048 la
346 2016 597 2061 supplicacion
614 2017 718 2050 (ludit
734 2017 904 2059 escolier,
923 2017 1019 2050 aient
1036 2017 1135 2062 parle
1147 2017 1247 2049 audit
1262 2016 1525 2061 monseigneur
1545 2015 1578 2048 le
1596 2015 1730 2048 bastart
1752 2027 1818 2048 nos
1838 2022 1911 2048 tres
1928 2015 2126 2048 redoubtez

262 2083 456 2128 seigneurs
478 2083 511 2116 le
528 2084 740 2117 conestable
763 2091 798 2117 et
817 2084 850 2117 le
872 2084 1094 2117 chancellier
1121 2084 1166 2116 de
1196 2085 1331 2116 Franco
1353 2095 1445 2128 pour
1474 2082 1505 2115 la
1529 2082 1742 2115 restitucion
1773 2082 1877 2115 dudit
1908 2082 2064 2115 escolier
2099 2084 2127 2125 (a

261 2162 357 2195 quoy
373 2151 458 2184 n'ait
472 2151 582 2184 voulu
605 2152 782 2185 entendre
804 2152 891 2185 ledit
913 2152 1176 2196 monseigneur
1192 2151 1225 2183 le
1247 2150 1406 2193 bastart),
1430 2157 1465 2183 et
1484 2150 1576 2183 ainsi
1598 2150 1669 2182 soit
1688 2150 1835 2182 demore
1863 2149 1952 2182 ledit
1972 2149 2127 2182 escolier

261 2229 399 2250 comme
417 2218 540 2251 desert
560 2225 595 2251 et
614 2219 771 2252 destruit
790 2226 825 2252 et
844 2219 888 2252 de
910 2219 973 2252 fait
994 2219 1095 2264 prive
1117 2219 1161 2251 de
1183 2230 1221 2251 sa
1243 2218 1337 2251 dicte
1360 2217 1475 2263 eglise
1497 2217 1752 2262 pitensement.
1777 2218 1819 2249 Et
1840 2223 2021 2261 potu-tant,
2054 2223 2126 2249 tres

260 2284 358 2317 hault
380 2291 415 2318 et
442 2292 516 2318 tres
546 2286 712 2330 puissant
732 2287 856 2331 prince
892 2293 927 2319 et
956 2293 1082 2319 nostre
1113 2292 1186 2318 tres
1213 2284 1390 2318 redoubte
1421 2285 1608 2329 seigneur,
1633 2296 1701 2328 que
1736 2284 1780 2316 de
1815 2290 1937 2317 vostre
1968 2283 2126 2328 henigne

261 2354 368 2397 grace
389 2364 480 2385 vous
505 2365 589 2386 avez
616 2354 802 2398 tousjours
828 2366 921 2387 nous
947 2360 982 2386 et
1007 2365 1074 2386 nos
1100 2359 1274 2398 suppostz
1304 2352 1419 2385 aidiez
1450 2358 1483 2384 et
1510 2351 1688 2384 savorisez
1713 2363 1759 2383 en
1782 2350 1903 2383 bonne
1932 2351 2067 2395 justice
2093 2357 2128 2383 et

261 2419 395 2464 equite,
419 2426 455 2452 et
470 2431 534 2453 euz
551 2432 595 2452 en
613 2420 814 2465 singuliere
836 2421 1022 2462 dilection,
1044 2432 1176 2453 encore
1203 2420 1247 2452 de
1270 2425 1419 2464 present
1440 2430 1533 2451 nous
1556 2418 1747 2463 supplions
1769 2424 1842 2450 tres
1877 2417 2128 2450 humblement

263 2498 332 2531 que
352 2493 474 2520 vostre
495 2486 616 2520 haulte
635 2488 857 2532 providence
878 2488 985 2521 veille
1007 2488 1107 2521 avoir
1128 2487 1309 2520 nostredit
1335 2486 1491 2519 escolier
1517 2498 1560 2518 cn
1590 2485 1711 2517 bonne
1734 2485 2072 2517 recommeudacion
2094 2492 2128 2518 et

262 2553 313 2586 lui
333 2553 421 2586 saire
443 2556 566 2587 ouvrir
582 2554 614 2587 la
635 2555 716 2588 voie
734 2555 924 2600 dejustice
946 2562 981 2588 et
1001 2566 1127 2588 cesser
1147 2561 1246 2587 toute
1267 2553 1432 2586 violence
1455 2559 1490 2585 et
1509 2552 1590 2585 voie
1611 2552 1655 2584 de
1676 2552 1739 2584 fait
1760 2564 1804 2584 en
1830 2552 2046 2593 ens[uivant]
2066 2563 2127 2584 ces

262 2620 464 2654 abolicions
487 2621 756 2655 derrainement
776 2623 955 2655 octroieez
976 2622 1163 2655 tellement
1185 2633 1254 2666 que
1275 2620 1364 2653 ledit
1384 2619 1475 2652 abbe
1497 2619 1569 2652 soit
1591 2618 1684 2663 obey
1704 2631 1749 2651 en
1775 2630 1813 2651 sa
1835 2619 1929 2651 dicte
1957 2618 2073 2663 eglise
2095 2625 2129 2652 et

263 2700 370 2721 receu
392 2691 410 2721 a
431 2688 748 2722 l'administration
766 2689 907 2722 d'ieelle
931 2701 1070 2722 comme
1095 2701 1181 2733 vray
1201 2687 1292 2720 abbe
1315 2693 1349 2719 et.
1366 2693 1514 2732 pasteur
1534 2698 1579 2718 en
1595 2686 1626 2718 la
1649 2686 1807 2718 maniere
1828 2689 2061 2718 acoustumee
2083 2698 2127 2718 en

265 2755 312 2788 tel
341 2768 412 2797 caz,
450 2768 494 2788 en
522 2756 726 2801 escripsant
749 2769 812 2789 sur
837 2769 876 2789 ce
898 2768 962 2790 vos
991 2756 1171 2801 benignos
1202 2755 1328 2787 lettres
1355 2753 1726 2786 recommendatoires
1750 2765 1791 2786 au
1814 2753 1953 2785 eouseil
1976 2753 2021 2785 du
2051 2765 2127 2798 roy,

263 2823 387 2855 ausdiz
409 2824 670 2868 monseigneur
691 2823 724 2856 le
745 2823 882 2856 bastart
903 2830 938 2856 et
958 2823 1159 2868 eappitaine
1177 2822 1220 2854 de
1242 2821 1413 2855 Chartrcs
1431 2833 1476 2853 ou
1498 2827 1619 2853 autres
1641 2820 1712 2853 telx
1729 2820 1815 2865 qu'il
1837 2820 1948 2865 plaira
1969 2822 1986 2853 a
2007 2827 2129 2853 vostre

264 2889 385 2923 haulte
413 2890 602 2932 noblesce,
628 2893 645 2923 a
671 2890 828 2936 laquelle
860 2902 952 2923 nous
985 2891 1122 2923 offrons
1149 2900 1327 2934 oroysons
1359 2894 1393 2920 et
1419 2887 1558 2932 prieres
1587 2887 1737 2920 devotos
1761 2893 1796 2920 et
1817 2893 1899 2920 tous
1925 2887 2085 2920 services
2112 2890 2129 2920 a
