2502 3418
381 313 445 345 634
954 323 1274 345 CliAnTULARIUM
1310 323 1501 345 ustvmzs.
1539 323 1667 344 ranis.
2152 309 2252 346 [1443

384 409 478 441 mag.
502 397 666 430 Odonem
692 397 736 429 de
758 397 945 430 CreduliO.
973 398 1090 442 Super
1111 409 1182 442 quo
1204 397 1420 430 deliberavit
1441 397 1518 442 ipsa
1540 397 1693 429 facultas
1715 395 1773 429 vel
1795 395 1912 428 saltim
1934 396 2048 440 major
2069 402 2104 428 et
2129 396 2253 428 sanior

385 476 466 508 pars
488 464 603 508 ipsius
621 464 718 508 quod
736 464 880 508 utrique
901 464 1005 497 fieret
1021 464 1162 509 equalis
1178 464 1305 509 gratia.
1323 464 1557 508 Interempta’
1571 464 1655 508 fuit
1669 462 1886 507 supplicacio
1907 462 2020 507 ipsius
2034 467 2067 495 et
2082 462 2248 503 alterius,

384 536 423 564 ut
436 536 540 575 patet
557 531 592 564 in
612 531 770 576 sequenti
786 531 934 576 pagina.

475 628 620 651 comment.
637 630 686 652 sae.
700 628 779 658 med,
797 628 828 657 11,
844 637 870 659 p.
884 629 924 652 45.

479 713 503 737 1.
519 713 592 740 Quae
606 716 761 744 sequuntur,
777 713 909 743 posterius
922 713 1011 735 addita
1025 716 1095 735 sunt.
1113 712 1171 735 Vid.
1188 716 1216 735 n⁰
1232 713 1301 737 2582.

384 894 529 930 2575.
553 912 567 928 «
583 902 790 928 Determinatio
803 902 957 936 facultatis
971 901 1172 936 [medicinae]
1183 911 1217 927 ne
1227 904 1283 936 fiat
1298 901 1417 928 licentia
1433 901 1460 927 in
1478 901 1622 927 medicina
1639 901 1666 926 in
1680 909 1755 926 anno
1766 900 1948 936 nonjubileo,
1963 904 2102 936 perpetuo
2116 900 2250 934 tenenda,

473 952 524 978 sed
540 951 616 987 quod
630 951 721 977 solum
737 953 793 985 fiat
809 951 836 976 in
851 951 1052 986 annojuln'leo,
1071 959 1125 976 non
1142 950 1324 976 obstantibus
1339 950 1567 986 quibuscunque.
1583 959 1598 976 »

1559 1040 1633 1070 7443,
1650 1040 1742 1072 aprilis
1756 1040 1782 1070 8,
1800 1041 1836 1070 16,
1853 1039 1968 1066 Parisiis.

472 1129 537 1161 Die
568 1129 666 1169 lune,
695 1128 835 1173 Aprilis
864 1135 1000 1167 octava,
1028 1129 1111 1161 anni
1134 1128 1321 1161 millesimi
1343 1128 1696 1173 quadringentesimi
1721 1128 1991 1173 quadragesimi
2013 1127 2165 1160 secundi
2186 1127 2254 1160 suit

382 1195 530 1228 facultas
566 1195 780 1228 solemniter
808 1202 1029 1240 congregata
1060 1207 1125 1240 per
1150 1195 1351 1229 Guerinum
1381 1195 1424 1228 de
1456 1197 1641 1228 Roneourt
1662 1194 1861 1236 bedellum,
1889 1201 1925 1227 ut
1952 1194 2065 1227 moris
2091 1201 2158 1235 est,
2187 1206 2253 1239 per

383 1262 559 1295 cedullam
583 1269 616 1294 et
643 1262 711 1295 sub
740 1261 863 1295 debito
888 1262 1085 1306 juramenti
1118 1274 1231 1307 super
1253 1261 1397 1295 duobus
1419 1262 1595 1295 articulis.
1627 1262 1770 1294 Primus
1791 1262 1859 1294 fuit
1885 1262 1927 1294 ad
1952 1261 2183 1294 referendum
2211 1272 2251 1294 ea

379 1341 448 1374 que
465 1330 605 1362 fuerant
623 1329 783 1362 advisata
805 1341 869 1374 per
890 1329 1082 1374 deputatos
1105 1329 1206 1374 prius
1228 1329 1331 1362 datos
1353 1342 1370 1361 a
1387 1329 1554 1362 facultate
1571 1329 1665 1362 circa
1686 1329 1817 1362 factum
1835 1328 2119 1361 baccalariorum
2137 1327 2251 1360 licen-

380 1396 584 1429 tiandorum
606 1395 674 1428 hoc
696 1408 790 1428 anno
814 1408 886 1428 non
903 1395 1045 1440 jubileo
1067 1396 1289 1435 volentium;
1313 1403 1346 1429 et
1369 1396 1474 1429 etiam
1497 1396 1540 1428 ad
1562 1395 1782 1429 audiendum
1806 1408 1845 1428 ea
1863 1407 1933 1440 que
1950 1395 2045 1428 circa
2062 1394 2129 1427 hoc
2146 1395 2251 1427 inno-

376 1470 452 1496 vata
475 1464 634 1503 fuerant,
658 1470 691 1496 et
714 1463 819 1495 etiam
844 1463 1110 1507 providendum
1133 1463 1177 1495 (le
1201 1463 1362 1496 remedio
1381 1469 1602 1508 opportuno.
1622 1463 1813 1496 Secundus
1830 1462 1897 1495 fuit
1918 1462 2122 1495 communis
2139 1474 2252 1506 super

378 1529 709 1575 supplicationibus
732 1536 767 1562 et
787 1530 946 1574 injuriis.

467 1598 647 1639 Quantum
670 1597 713 1629 ad
736 1597 891 1641 primum
914 1603 947 1629 et
972 1597 1077 1629 etiam
1100 1603 1272 1641 quantum
1295 1597 1338 1629 ad
1356 1597 1571 1637 secundum,
1602 1597 1817 1630 deliberavit
1837 1596 1988 1629 facultas
2013 1596 2111 1629 istud
2136 1603 2248 1629 totum

378 1664 564 1708 negotium
592 1664 735 1696 tractari
761 1663 798 1695 in
829 1663 906 1708 ipsa
932 1663 1113 1704 facultate7
1144 1670 1179 1696 et
1207 1663 1421 1696 nullomodo
1446 1664 1544 1697 exire
1570 1664 1726 1709 amplius
1755 1663 1924 1696 facultate
1952 1663 2042 1708 ipsa.
2071 1662 2253 1696 Condolet

377 1731 480 1763 etiam
500 1730 798 1763 innovationibus
825 1731 942 1770 sactis,
967 1742 1037 1775 que
1062 1730 1212 1763 veniunt
1236 1730 1272 1764 in
1294 1742 1459 1775 magnam
1485 1738 1603 1764 notam
1627 1738 1662 1764 et
1687 1742 1856 1776 magnum
1885 1730 2110 1763 scandallum
2133 1729 2250 1774 ipsius

375 1797 555 1830 facultatis
578 1797 723 1842 (quibus
744 1797 821 1830 vult
842 1797 989 1830 obviare
1019 1796 1190 1830 omnibus
1211 1797 1281 1830 viis
1303 1804 1338 1830 et
1359 1798 1477 1831 modis
1501 1797 1766 1843 possibilibus),
1795 1797 1899 1830 etiam
1923 1797 2082 1842 quitquit
2101 1796 2251 1842 prefatis

377 1864 587 1897 barcalariis
609 1864 842 1897 lieentiandis
863 1863 1111 1897 favorabiliter
1132 1871 1191 1897 aut
1212 1864 1373 1909 gratiose
1394 1865 1632 1898 concesserit.
1656 1866 1740 1898 Post
1759 1864 1889 1897 multas
1906 1871 2024 1897 tamen
2042 1870 2077 1896 et
2094 1870 2251 1896 maturas

375 1931 660 1964 deliberationes
673 1931 847 1963 attentius
865 1931 1105 1963 considerans
1121 1937 1155 1963 et
1173 1931 1333 1964 sanctius
1348 1933 1722 1976 tractansjuramenta
1739 1931 1884 1976 propria
1901 1930 2026 1975 sepius
2041 1930 2247 1975 prestita...

377 1999 519 2031 tandem
542 1998 787 2039 concorditer,
813 1998 958 2030 nemine
981 1998 1085 2030 etiam
1110 1998 1341 2039 reclamante,
1364 1998 1546 2032 conclusit
1571 1999 1655 2031 dare
1677 1998 1868 2044 deputatos
1895 2009 1983 2030 suos
2009 1997 2194 2030 solemnes
2216 2004 2251 2030 et

376 2065 555 2098 notabiles
577 2065 688 2106 viros,
713 2064 854 2097 scilicet
870 2065 1056 2097 dominum
1081 2065 1383 2109 penitenciarium
1406 2078 1499 2111 mag.
1529 2066 1723 2098 llenricum
1746 2065 1902 2110 Tybout,
1925 2076 2019 2109 mag.
2048 2063 2249 2097 Johannem
2295 2062 2297 2067 ’

377 2132 552 2176 Tipbaine
569 2139 604 2164 et
624 2144 718 2177 mag.
742 2131 978 2164 Guillelmum
1003 2131 1047 2164 de
1069 2132 1187 2176 Algia,
1210 2139 1289 2165 actu
1313 2140 1484 2177 regentes
1508 2133 1543 2165 in
1565 2133 1688 2165 cadem
1712 2132 1891 2173 facultate,
1920 2138 2090 2176 presente
2112 2131 2250 2163 decano

377 2206 411 2231 et
440 2211 562 2232 secum
593 2205 720 2231 vocato
750 2198 925 2243 magistro
960 2199 1213 2243 Inguerrcndo
1247 2199 1291 2231 de
1323 2199 1466 2232 Parenti
1497 2200 1528 2232 si
1560 2199 1670 2232 vellet
1699 2199 1893 2232 interesse.
1927 2197 2071 2241 Quibus
2102 2197 2249 2242 quidem

378 2266 559 2310 deputatis
581 2265 890 2310 supranominatis
908 2265 1009 2298 dedit
1025 2266 1148 2298 eadem
1167 2266 1317 2299 facultas
1334 2266 1531 2311 plenariam
1550 2273 1583 2299 et
1603 2266 1844 2298 omnimodam
1865 2271 2078 2310 potestatem
2097 2264 2251 2297 honeste

379 2340 411 2365 et
440 2333 576 2365 utiliter
597 2332 772 2365 tractandi
801 2332 904 2365 istam
928 2333 1211 2365 controversiam
1220 2359 1286 2365 .....
1317 2333 1459 2376 Quibus
1481 2333 1627 2378 quidem
1650 2333 1831 2378 deputatis
1860 2333 1918 2365 die
1944 2338 2053 2373 certa,
2080 2331 2252 2365 videlieet

381 2400 518 2440 martis,
543 2399 681 2444 Aprilis
708 2399 963 2439 sextadecima,
986 2399 1022 2431 in
1049 2399 1203 2432 ecclesia
1229 2401 1268 2432 B.
1292 2400 1406 2432 Marie
1432 2400 1651 2433 Parisiensis
1679 2399 1983 2433 convenientibus
2011 2405 2046 2431 et
2072 2398 2249 2443 premissa

381 2462 488 2494 simul
525 2461 774 2502 tractantibus,
816 2467 851 2493 ut
885 2461 1055 2505 superius
1092 2461 1238 2502 dicitur,
1274 2462 1386 2507 longo
1421 2469 1535 2495 tractu
1569 2469 1603 2495 et
1634 2469 1770 2495 matura
1803 2461 2066 2494 deliberatione
2098 2460 2248 2505 previis,

381 2528 525 2560 demum
569 2528 801 2560 concorditer
841 2534 876 2560 et
916 2528 1138 2560 unanimiter
1164 2528 1440 2570 concluserunt,
1476 2529 1608 2561 nedum
1649 2535 1842 2573 presentes
1880 2527 2103 2560 baccalarios
2142 2527 2247 2559 etiam

379 2595 539 2629 ambos¹,
573 2606 696 2627 verum
732 2601 766 2626 et
796 2606 1045 2639 quoscumque
1080 2596 1221 2627 futuros
1251 2602 1427 2640 perpetuo
1458 2595 1593 2628 debere
1627 2595 1757 2628 remitti
1793 2601 1825 2628 et
1855 2594 2033 2628 reservari
2065 2605 2182 2638 usque
2205 2593 2248 2625 ad

379 2673 509 2693 annum
528 2661 706 2705 jubileum
733 2673 796 2705 pro
821 2661 965 2694 licentia
993 2668 1027 2694 et
1048 2662 1259 2706 magisterio
1283 2662 1506 2695 obtinendis.
1530 2664 1574 2695 Et
1600 2663 1630 2695 si
1652 2663 1734 2707 quis
1754 2661 2021 2695 interventione
2043 2660 2247 2705 principum

381 2734 436 2759 aut
460 2727 611 2759 aliorum
634 2728 877 2768 ‹loniinoruim
902 2728 1115 2761 excellentia
1133 2729 1360 2770 meritorum,
1379 2729 1549 2774 precibus
1566 2730 1776 2770 amicorum,
1795 2735 1854 2761 aut
1870 2728 1951 2761 aliis
1967 2727 2248 2772 quibuscunque

382 2794 510 2825 mediis
550 2794 787 2838 protenderit,
822 2794 1082 2838 imploraverit,
1116 2795 1334 2828 laboraverit
1367 2803 1427 2829 aut
1458 2796 1546 2829 alias
1581 2796 1757 2840 quesierit
1786 2807 1850 2840 per
1880 2806 1920 2827 Se
1949 2794 2007 2827 vel
2041 2805 2106 2838 per
2138 2792 2247 2825 alium

383 2860 621 2903 quovismodo
644 2866 785 2904 tempus
807 2872 1009 2905 congruum
1033 2868 1066 2893 et
1089 2861 1234 2894 solitum
1259 2874 1322 2906 pro
1346 2862 1489 2895 licentia
1513 2870 1547 2895 et
1561 2863 1674 2907 gradu
1693 2862 1806 2895 altero
1824 2860 2023 2894 obtinendo
2042 2859 2247 2904 prevenire,

507 2919 545 2939 so.
