<?xml version="1.0" encoding="UTF-8"?>
<!DOCTYPE html PUBLIC "-//W3C//DTD XHTML 1.0 Transitional//EN"
    "http://www.w3.org/TR/xhtml1/DTD/xhtml1-transitional.dtd">
<html xmlns="http://www.w3.org/1999/xhtml" xml:lang="en" lang="en">
 <head>
  <title>
</title>
<meta http-equiv="Content-Type" content="text/html;charset=utf-8" />
  <meta name='ocr-system' content='tesseract 3.04.00' />
  <meta name='ocr-capabilities' content='ocr_page ocr_carea ocr_par ocr_line ocrx_word'/>
</head>
<body>
  <div class='ocr_page' id='page_1' title='image "./chartulariumuniv04univuoft_0273.png"; bbox 0 0 2502 3418; ppageno 0'>
   <div class='ocr_carea' id='block_1_1' title="bbox 261 317 2128 360">
    <p class='ocr_par' dir='ltr' id='par_1_1' title="bbox 261 317 2128 360">
     <span class='ocr_line' id='line_1_1' title="bbox 261 317 2128 360; baseline 0.002 -8"><span class='ocrx_word' id='word_1_1' title='bbox 261 317 355 354; x_wconf 81' lang='lat'><strong>1412]</strong></span> <span class='ocrx_word' id='word_1_2' title='bbox 604 331 649 351; x_wconf 69' lang='grc' dir='ltr'>ΑΒ</span> <span class='ocrx_word' id='word_1_3' title='bbox 684 331 789 352; x_wconf 72' lang='grc' dir='ltr'><strong>ΑΝΝο</strong></span> <span class='ocrx_word' id='word_1_4' title='bbox 824 330 1115 352; x_wconf 72' lang='lat' dir='ltr'>MCCCLxxxxw</span> <span class='ocrx_word' id='word_1_5' title='bbox 1146 331 1279 358; x_wconf 81' lang='lat' dir='ltr'>USQUE</span> <span class='ocrx_word' id='word_1_6' title='bbox 1314 331 1363 352; x_wconf 71' lang='lat' dir='ltr'>An</span> <span class='ocrx_word' id='word_1_7' title='bbox 1397 331 1535 353; x_wconf 66' lang='lat' dir='ltr'>ANNUM</span> <span class='ocrx_word' id='word_1_8' title='bbox 1572 332 1779 356; x_wconf 75' lang='lat' dir='ltr'>MCCCCLH.</span> <span class='ocrx_word' id='word_1_9' title='bbox 2065 329 2128 360; x_wconf 69' lang='lat'>229</span> 
     </span>
    </p>
   </div>
   <div class='ocr_carea' id='block_1_2' title="bbox 235 403 2128 2850">
    <p class='ocr_par' dir='ltr' id='par_1_2' title="bbox 250 403 2128 1315">
     <span class='ocr_line' id='line_1_2' title="bbox 259 403 2126 454; baseline 0.003 -18"><span class='ocrx_word' id='word_1_10' title='bbox 259 404 433 444; x_wconf 87' lang='lat' dir='ltr'>futurum,</span> <span class='ocrx_word' id='word_1_11' title='bbox 460 403 558 436; x_wconf 90' lang='lat' dir='ltr'>illam</span> <span class='ocrx_word' id='word_1_12' title='bbox 586 403 736 436; x_wconf 78' lang='lat' dir='ltr'>liberam</span> <span class='ocrx_word' id='word_1_13' title='bbox 765 410 800 436; x_wconf 86' lang='lat' dir='ltr'>et</span> <span class='ocrx_word' id='word_1_14' title='bbox 827 403 1070 436; x_wconf 82' lang='lat' dir='ltr'>omnimodam</span> <span class='ocrx_word' id='word_1_15' title='bbox 1095 410 1311 448; x_wconf 77' lang='lat' dir='ltr'>potestatem</span> <span class='ocrx_word' id='word_1_16' title='bbox 1340 411 1375 436; x_wconf 89' lang='lat' dir='ltr'>et</span> <span class='ocrx_word' id='word_1_17' title='bbox 1401 405 1605 437; x_wconf 79' lang='lat' dir='ltr'>facultatem</span> <span class='ocrx_word' id='word_1_18' title='bbox 1632 417 1705 437; x_wconf 91' lang='lat' dir='ltr'>non</span> <span class='ocrx_word' id='word_1_19' title='bbox 1733 406 1859 440; x_wconf 89' lang='lat' dir='ltr'>habeat</span> <span class='ocrx_word' id='word_1_20' title='bbox 1891 409 2063 454; x_wconf 67' lang='lat' dir='ltr'>deinceps</span> <span class='ocrx_word' id='word_1_21' title='bbox 2094 412 2126 443; x_wconf 87' lang='lat' dir='ltr'>in</span> 
     </span>
     <span class='ocr_line' id='line_1_3' title="bbox 258 470 2128 520; baseline 0.003 -18"><span class='ocrx_word' id='word_1_22' title='bbox 258 482 372 515; x_wconf 86' lang='lat' dir='ltr'>regno</span> <span class='ocrx_word' id='word_1_23' title='bbox 394 470 544 502; x_wconf 86' lang='lat' dir='ltr'>Francie</span> <span class='ocrx_word' id='word_1_24' title='bbox 570 470 783 503; x_wconf 88' lang='lat' dir='ltr'>conserendi</span> <span class='ocrx_word' id='word_1_25' title='bbox 806 482 1053 514; x_wconf 90' lang='lat' dir='ltr'>quascumque</span> <span class='ocrx_word' id='word_1_26' title='bbox 1076 470 1273 514; x_wconf 82' lang='lat' dir='ltr'>dignitates</span> <span class='ocrx_word' id='word_1_27' title='bbox 1296 477 1330 503; x_wconf 90' lang='lat' dir='ltr'>et</span> <span class='ocrx_word' id='word_1_28' title='bbox 1355 470 1529 504; x_wconf 90' lang='lat' dir='ltr'>ecclesias</span> <span class='ocrx_word' id='word_1_29' title='bbox 1551 472 1780 516; x_wconf 78' lang='lat' dir='ltr'>episcopales</span> <span class='ocrx_word' id='word_1_30' title='bbox 1804 481 1861 506; x_wconf 88' lang='lat' dir='ltr'>aut</span> <span class='ocrx_word' id='word_1_31' title='bbox 1883 474 1952 507; x_wconf 78' lang='lat' dir='ltr'>hiis</span> <span class='ocrx_word' id='word_1_32' title='bbox 1974 478 2128 520; x_wconf 81' lang='lat' dir='ltr'>majores</span> 
     </span>
     <span class='ocr_line' id='line_1_4' title="bbox 255 536 2128 584; baseline 0.004 -16"><span class='ocrx_word' id='word_1_33' title='bbox 255 536 313 569; x_wconf 90' lang='lat' dir='ltr'>vel</span> <span class='ocrx_word' id='word_1_34' title='bbox 334 536 439 569; x_wconf 91' lang='lat' dir='ltr'>etiam</span> <span class='ocrx_word' id='word_1_35' title='bbox 461 536 655 569; x_wconf 83' lang='lat' dir='ltr'>inferiores</span> <span class='ocrx_word' id='word_1_36' title='bbox 676 543 712 568; x_wconf 93' lang='lat' dir='ltr'>et</span> <span class='ocrx_word' id='word_1_37' title='bbox 732 543 802 569; x_wconf 88' lang='lat' dir='ltr'>tam</span> <span class='ocrx_word' id='word_1_38' title='bbox 824 536 1010 569; x_wconf 87' lang='lat' dir='ltr'>seculares</span> <span class='ocrx_word' id='word_1_39' title='bbox 1027 536 1084 569; x_wconf 90' lang='lat' dir='ltr'>vel</span> <span class='ocrx_word' id='word_1_40' title='bbox 1106 536 1308 581; x_wconf 72' lang='lat' dir='ltr'>regulares,</span> <span class='ocrx_word' id='word_1_41' title='bbox 1331 537 1545 582; x_wconf 87' lang='lat' dir='ltr'>collegiatas</span> <span class='ocrx_word' id='word_1_42' title='bbox 1568 544 1602 570; x_wconf 89' lang='lat' dir='ltr'>et</span> <span class='ocrx_word' id='word_1_43' title='bbox 1622 550 1695 570; x_wconf 89' lang='lat' dir='ltr'>non</span> <span class='ocrx_word' id='word_1_44' title='bbox 1716 539 1940 584; x_wconf 70' lang='lat' dir='ltr'>collegiatus,</span> <span class='ocrx_word' id='word_1_45' title='bbox 1959 542 2128 575; x_wconf 75' lang='lat' dir='ltr'>electivas</span> 
     </span>
     <span class='ocr_line' id='line_1_5' title="bbox 256 602 2128 649; baseline 0.004 -15"><span class='ocrx_word' id='word_1_46' title='bbox 256 609 290 635; x_wconf 92' lang='lat' dir='ltr'>et</span> <span class='ocrx_word' id='word_1_47' title='bbox 318 615 391 635; x_wconf 91' lang='lat' dir='ltr'>non</span> <span class='ocrx_word' id='word_1_48' title='bbox 415 602 599 644; x_wconf 87' lang='lat' dir='ltr'>electivas,</span> <span class='ocrx_word' id='word_1_49' title='bbox 628 614 693 636; x_wconf 92' lang='lat' dir='ltr'>seu</span> <span class='ocrx_word' id='word_1_50' title='bbox 724 609 943 647; x_wconf 74' lang='lat' dir='ltr'>personatus</span> <span class='ocrx_word' id='word_1_51' title='bbox 971 603 1099 644; x_wconf 86' lang='lat' dir='ltr'>officia,</span> <span class='ocrx_word' id='word_1_52' title='bbox 1130 603 1379 644; x_wconf 73' lang='lat' dir='ltr'>canonicatus,</span> <span class='ocrx_word' id='word_1_53' title='bbox 1410 603 1616 648; x_wconf 87' lang='lat' dir='ltr'>prebendas</span> <span class='ocrx_word' id='word_1_54' title='bbox 1645 612 1679 637; x_wconf 91' lang='lat' dir='ltr'>et</span> <span class='ocrx_word' id='word_1_55' title='bbox 1707 606 1834 649; x_wconf 91' lang='lat' dir='ltr'>quevis</span> <span class='ocrx_word' id='word_1_56' title='bbox 1862 607 1929 639; x_wconf 92' lang='lat' dir='ltr'>alia</span> <span class='ocrx_word' id='word_1_57' title='bbox 1953 607 2128 641; x_wconf 77' lang='lat' dir='ltr'>beneficia</span> 
     </span>
     <span class='ocr_line' id='line_1_6' title="bbox 255 669 2126 719; baseline 0.003 -18"><span class='ocrx_word' id='word_1_58' title='bbox 255 669 515 710; x_wconf 89' lang='lat' dir='ltr'>ecclesiastica,</span> <span class='ocrx_word' id='word_1_59' title='bbox 543 681 623 702; x_wconf 90' lang='lat' dir='ltr'>cum</span> <span class='ocrx_word' id='word_1_60' title='bbox 652 681 737 702; x_wconf 91' lang='lat' dir='ltr'>cura</span> <span class='ocrx_word' id='word_1_61' title='bbox 764 669 821 702; x_wconf 91' lang='lat' dir='ltr'>vel</span> <span class='ocrx_word' id='word_1_62' title='bbox 847 669 927 702; x_wconf 90' lang='lat' dir='ltr'>sine</span> <span class='ocrx_word' id='word_1_63' title='bbox 955 681 1052 710; x_wconf 85' lang='lat' dir='ltr'>cura,</span> <span class='ocrx_word' id='word_1_64' title='bbox 1081 676 1151 702; x_wconf 85' lang='lat' dir='ltr'>tarn</span> <span class='ocrx_word' id='word_1_65' title='bbox 1178 670 1339 702; x_wconf 88' lang='lat' dir='ltr'>vacantia</span> <span class='ocrx_word' id='word_1_66' title='bbox 1368 682 1472 714; x_wconf 90' lang='lat' dir='ltr'>quam</span> <span class='ocrx_word' id='word_1_67' title='bbox 1496 677 1674 711; x_wconf 90' lang='lat' dir='ltr'>vacatura,</span> <span class='ocrx_word' id='word_1_68' title='bbox 1703 678 1738 704; x_wconf 93' lang='lat' dir='ltr'>et</span> <span class='ocrx_word' id='word_1_69' title='bbox 1765 672 1869 704; x_wconf 87' lang='lat' dir='ltr'>etiam</span> <span class='ocrx_word' id='word_1_70' title='bbox 1891 674 1954 717; x_wconf 85' lang='lat' dir='ltr'>jus</span> <span class='ocrx_word' id='word_1_71' title='bbox 1981 675 2023 706; x_wconf 91' lang='lat' dir='ltr'>ad</span> <span class='ocrx_word' id='word_1_72' title='bbox 2051 676 2126 719; x_wconf 76' lang='lat' dir='ltr'>ipsa</span> 
     </span>
     <span class='ocr_line' id='line_1_7' title="bbox 254 736 2128 786; baseline 0.002 -18"><span class='ocrx_word' id='word_1_73' title='bbox 254 742 420 768; x_wconf 85' lang='lat' dir='ltr'>vacatura</span> <span class='ocrx_word' id='word_1_74' title='bbox 449 736 677 777; x_wconf 81' lang='lat' dir='ltr'>conserendi,</span> <span class='ocrx_word' id='word_1_75' title='bbox 704 736 808 768; x_wconf 88' lang='lat' dir='ltr'>sicud</span> <span class='ocrx_word' id='word_1_76' title='bbox 835 736 1012 769; x_wconf 88' lang='lat' dir='ltr'>hactenus</span> <span class='ocrx_word' id='word_1_77' title='bbox 1039 736 1099 768; x_wconf 87' lang='lat' dir='ltr'>alii</span> <span class='ocrx_word' id='word_1_78' title='bbox 1128 737 1280 769; x_wconf 85' lang='lat' dir='ltr'>Romani</span> <span class='ocrx_word' id='word_1_79' title='bbox 1306 737 1499 781; x_wconf 87' lang='lat' dir='ltr'>pontifices</span> <span class='ocrx_word' id='word_1_80' title='bbox 1529 737 1737 771; x_wconf 88' lang='lat' dir='ltr'>habuerunt</span> <span class='ocrx_word' id='word_1_81' title='bbox 1765 745 1797 771; x_wconf 89' lang='grc'>01</span> <span class='ocrx_word' id='word_1_82' title='bbox 1826 739 2036 784; x_wconf 88' lang='lat' dir='ltr'>hujusmodi</span> <span class='ocrx_word' id='word_1_83' title='bbox 2066 754 2128 786; x_wconf 77' lang='lat' dir='ltr'>po-</span> 
     </span>
     <span class='ocr_line' id='line_1_8' title="bbox 254 802 2127 851; baseline 0.003 -17"><span class='ocrx_word' id='word_1_84' title='bbox 254 802 364 835; x_wconf 88' lang='lat' dir='ltr'>tentia</span> <span class='ocrx_word' id='word_1_85' title='bbox 390 803 447 835; x_wconf 92' lang='lat' dir='ltr'>usi</span> <span class='ocrx_word' id='word_1_86' title='bbox 472 809 557 835; x_wconf 91' lang='lat' dir='ltr'>sunt</span> <span class='ocrx_word' id='word_1_87' title='bbox 576 802 799 843; x_wconf 76' lang='lat' dir='ltr'>indiscusse,</span> <span class='ocrx_word' id='word_1_88' title='bbox 822 809 997 835; x_wconf 87' lang='lat' dir='ltr'>conantes</span> <span class='ocrx_word' id='word_1_89' title='bbox 1024 815 1134 847; x_wconf 92' lang='lat' dir='ltr'>super</span> <span class='ocrx_word' id='word_1_90' title='bbox 1160 803 1231 836; x_wconf 91' lang='lat' dir='ltr'>hiis</span> <span class='ocrx_word' id='word_1_91' title='bbox 1257 815 1369 836; x_wconf 89' lang='lat' dir='ltr'>novas</span> <span class='ocrx_word' id='word_1_92' title='bbox 1396 803 1512 849; x_wconf 86' lang='lat' dir='ltr'>leges,</span> <span class='ocrx_word' id='word_1_93' title='bbox 1535 804 1806 847; x_wconf 87' lang='lat' dir='ltr'>instituciones,</span> <span class='ocrx_word' id='word_1_94' title='bbox 1829 806 1975 851; x_wconf 87' lang='lat' dir='ltr'>regulas</span> <span class='ocrx_word' id='word_1_95' title='bbox 2002 814 2035 839; x_wconf 90' lang='lat' dir='ltr'>et</span> <span class='ocrx_word' id='word_1_96' title='bbox 2059 815 2127 840; x_wconf 84' lang='lat' dir='ltr'>sta-</span> 
     </span>
     <span class='ocr_line' id='line_1_9' title="bbox 255 869 2124 916; baseline 0.004 -16"><span class='ocrx_word' id='word_1_97' title='bbox 255 875 327 901; x_wconf 88' lang='lat' dir='ltr'>tuta</span> <span class='ocrx_word' id='word_1_98' title='bbox 347 875 519 913; x_wconf 86' lang='lat' dir='ltr'>quantum</span> <span class='ocrx_word' id='word_1_99' title='bbox 542 869 579 901; x_wconf 94' lang='lat' dir='ltr'>in</span> <span class='ocrx_word' id='word_1_100' title='bbox 604 869 656 902; x_wconf 91' lang='lat' dir='ltr'>eis</span> <span class='ocrx_word' id='word_1_101' title='bbox 679 876 733 902; x_wconf 90' lang='lat' dir='ltr'>est</span> <span class='ocrx_word' id='word_1_102' title='bbox 753 869 871 901; x_wconf 88' lang='lat' dir='ltr'>facere</span> <span class='ocrx_word' id='word_1_103' title='bbox 895 875 955 901; x_wconf 90' lang='lat' dir='ltr'>aut</span> <span class='ocrx_word' id='word_1_104' title='bbox 975 869 1017 901; x_wconf 90' lang='lat' dir='ltr'>ab</span> <span class='ocrx_word' id='word_1_105' title='bbox 1039 869 1109 902; x_wconf 89' lang='lat' dir='ltr'>alio</span> <span class='ocrx_word' id='word_1_106' title='bbox 1136 869 1302 914; x_wconf 88' lang='lat' dir='ltr'>quolibet</span> <span class='ocrx_word' id='word_1_107' title='bbox 1323 882 1428 914; x_wconf 88' lang='lat' dir='ltr'>quam</span> <span class='ocrx_word' id='word_1_108' title='bbox 1451 871 1532 915; x_wconf 87' lang='lat' dir='ltr'>ipso</span> <span class='ocrx_word' id='word_1_109' title='bbox 1555 872 1715 904; x_wconf 84' lang='lat' dir='ltr'>Romano</span> <span class='ocrx_word' id='word_1_110' title='bbox 1741 872 1913 916; x_wconf 88' lang='lat' dir='ltr'>pontifice</span> <span class='ocrx_word' id='word_1_111' title='bbox 1941 880 2070 906; x_wconf 88' lang='lat' dir='ltr'>statuta</span> <span class='ocrx_word' id='word_1_112' title='bbox 2095 882 2124 907; x_wconf 83' lang='lat' dir='ltr'>et</span> 
     </span>
     <span class='ocr_line' id='line_1_10' title="bbox 253 935 2126 983; baseline 0.003 -16"><span class='ocrx_word' id='word_1_113' title='bbox 253 935 398 968; x_wconf 90' lang='lat' dir='ltr'>decreta</span> <span class='ocrx_word' id='word_1_114' title='bbox 422 935 634 980; x_wconf 87' lang='lat' dir='ltr'>hujusmodi</span> <span class='ocrx_word' id='word_1_115' title='bbox 662 942 722 968; x_wconf 88' lang='lat' dir='ltr'>aut</span> <span class='ocrx_word' id='word_1_116' title='bbox 745 947 871 968; x_wconf 93' lang='lat' dir='ltr'>eorum</span> <span class='ocrx_word' id='word_1_117' title='bbox 893 936 1207 968; x_wconf 89' lang='lat' dir='ltr'>confirmationem</span> <span class='ocrx_word' id='word_1_118' title='bbox 1229 937 1422 981; x_wconf 89' lang='lat' dir='ltr'>impetrare</span> <span class='ocrx_word' id='word_1_119' title='bbox 1450 948 1514 969; x_wconf 89' lang='lat' dir='ltr'>seu</span> <span class='ocrx_word' id='word_1_120' title='bbox 1538 938 1663 970; x_wconf 81' lang='lat' dir='ltr'>verius</span> <span class='ocrx_word' id='word_1_121' title='bbox 1689 945 1926 983; x_wconf 67' lang='lat' dir='ltr'>extorquere,</span> <span class='ocrx_word' id='word_1_122' title='bbox 1955 947 1987 972; x_wconf 86' lang='lat' dir='ltr'>et</span> <span class='ocrx_word' id='word_1_123' title='bbox 2014 948 2126 973; x_wconf 74' lang='lat' dir='ltr'>atten-</span> 
     </span>
     <span class='ocr_line' id='line_1_11' title="bbox 252 1001 2123 1050; baseline 0.003 -16"><span class='ocrx_word' id='word_1_124' title='bbox 252 1001 343 1034; x_wconf 90' lang='lat' dir='ltr'>dens</span> <span class='ocrx_word' id='word_1_125' title='bbox 374 1002 472 1046; x_wconf 90' lang='lat' dir='ltr'>quod</span> <span class='ocrx_word' id='word_1_126' title='bbox 499 1001 567 1034; x_wconf 89' lang='lat' dir='ltr'>hoc</span> <span class='ocrx_word' id='word_1_127' title='bbox 598 1002 677 1035; x_wconf 88' lang='lat' dir='ltr'>fieri</span> <span class='ocrx_word' id='word_1_128' title='bbox 709 1002 756 1035; x_wconf 89' lang='lat' dir='ltr'>sit</span> <span class='ocrx_word' id='word_1_129' title='bbox 783 1002 931 1035; x_wconf 88' lang='lat' dir='ltr'>omnino</span> <span class='ocrx_word' id='word_1_130' title='bbox 963 1014 1021 1036; x_wconf 88' lang='lat' dir='ltr'>res</span> <span class='ocrx_word' id='word_1_131' title='bbox 1050 1003 1237 1047; x_wconf 82' lang='lat' dir='ltr'>pestifera,</span> <span class='ocrx_word' id='word_1_132' title='bbox 1265 1003 1492 1045; x_wconf 88' lang='lat' dir='ltr'>scandalosa,</span> <span class='ocrx_word' id='word_1_133' title='bbox 1523 1004 1688 1048; x_wconf 89' lang='lat' dir='ltr'>exemplo</span> <span class='ocrx_word' id='word_1_134' title='bbox 1718 1006 1925 1050; x_wconf 85' lang='lat' dir='ltr'>perniciosa</span> <span class='ocrx_word' id='word_1_135' title='bbox 1955 1008 2062 1040; x_wconf 86' lang='lat' dir='ltr'>statui</span> <span class='ocrx_word' id='word_1_136' title='bbox 2094 1015 2123 1040; x_wconf 80' lang='lat' dir='ltr'>et</span> 
     </span>
     <span class='ocr_line' id='line_1_12' title="bbox 253 1068 2123 1116; baseline 0.003 -16"><span class='ocrx_word' id='word_1_137' title='bbox 253 1068 397 1101; x_wconf 81' lang='lat' dir='ltr'>utilitati</span> <span class='ocrx_word' id='word_1_138' title='bbox 423 1068 580 1102; x_wconf 85' lang='lat' dir='ltr'>ecclesie</span> <span class='ocrx_word' id='word_1_139' title='bbox 606 1069 826 1102; x_wconf 87' lang='lat' dir='ltr'>universalis</span> <span class='ocrx_word' id='word_1_140' title='bbox 853 1076 888 1101; x_wconf 87' lang='lat' dir='ltr'>et</span> <span class='ocrx_word' id='word_1_141' title='bbox 912 1069 1077 1110; x_wconf 88' lang='lat' dir='ltr'>aliarum,</span> <span class='ocrx_word' id='word_1_142' title='bbox 1105 1081 1250 1102; x_wconf 90' lang='lat' dir='ltr'>necnon</span> <span class='ocrx_word' id='word_1_143' title='bbox 1275 1070 1485 1115; x_wconf 84' lang='lat' dir='ltr'>specialiter</span> <span class='ocrx_word' id='word_1_144' title='bbox 1512 1078 1546 1103; x_wconf 92' lang='lat' dir='ltr'>et</span> <span class='ocrx_word' id='word_1_145' title='bbox 1571 1071 1810 1116; x_wconf 83' lang='lat' dir='ltr'>singulariter</span> <span class='ocrx_word' id='word_1_146' title='bbox 1840 1073 2123 1107; x_wconf 78' lang='lat' dir='ltr'>Universitatum</span> 
     </span>
     <span class='ocr_line' id='line_1_13' title="bbox 251 1135 2125 1185; baseline 0.004 -18"><span class='ocrx_word' id='word_1_147' title='bbox 251 1135 455 1167; x_wconf 89' lang='lat' dir='ltr'>studiorum</span> <span class='ocrx_word' id='word_1_148' title='bbox 483 1142 518 1168; x_wconf 90' lang='lat' dir='ltr'>et</span> <span class='ocrx_word' id='word_1_149' title='bbox 547 1136 786 1178; x_wconf 79' lang='lat' dir='ltr'>studentium,</span> <span class='ocrx_word' id='word_1_150' title='bbox 819 1143 854 1168; x_wconf 91' lang='lat' dir='ltr'>et</span> <span class='ocrx_word' id='word_1_151' title='bbox 882 1136 1035 1169; x_wconf 87' lang='lat' dir='ltr'>maxime</span> <span class='ocrx_word' id='word_1_152' title='bbox 1060 1136 1206 1169; x_wconf 91' lang='lat' dir='ltr'>illorum</span> <span class='ocrx_word' id='word_1_153' title='bbox 1235 1137 1279 1169; x_wconf 89' lang='lat' dir='ltr'>de</span> <span class='ocrx_word' id='word_1_154' title='bbox 1307 1137 1476 1170; x_wconf 86' lang='lat' dir='ltr'>facultate</span> <span class='ocrx_word' id='word_1_155' title='bbox 1504 1138 1667 1182; x_wconf 87' lang='lat' dir='ltr'>predicta</span> <span class='ocrx_word' id='word_1_156' title='bbox 1698 1139 1896 1184; x_wconf 89' lang='lat' dir='ltr'>dampnosa</span> <span class='ocrx_word' id='word_1_157' title='bbox 1922 1141 2068 1185; x_wconf 89' lang='lat' dir='ltr'>penitus</span> <span class='ocrx_word' id='word_1_158' title='bbox 2094 1150 2125 1174; x_wconf 81' lang='lat' dir='ltr'>et</span> 
     </span>
     <span class='ocr_line' id='line_1_14' title="bbox 250 1202 2125 1243; baseline 0.004 -10"><span class='ocrx_word' id='word_1_159' title='bbox 250 1202 441 1243; x_wconf 87' lang='lat' dir='ltr'>contraria,</span> <span class='ocrx_word' id='word_1_160' title='bbox 470 1214 512 1234; x_wconf 90' lang='lat' dir='ltr'>ex</span> <span class='ocrx_word' id='word_1_161' title='bbox 540 1202 664 1235; x_wconf 89' lang='lat' dir='ltr'>multis</span> <span class='ocrx_word' id='word_1_162' title='bbox 696 1203 817 1236; x_wconf 89' lang='lat' dir='ltr'>causis</span> <span class='ocrx_word' id='word_1_163' title='bbox 848 1209 882 1235; x_wconf 89' lang='lat' dir='ltr'>et</span> <span class='ocrx_word' id='word_1_164' title='bbox 910 1202 1112 1236; x_wconf 88' lang='lat' dir='ltr'>rationibus</span> <span class='ocrx_word' id='word_1_165' title='bbox 1141 1203 1388 1243; x_wconf 89' lang='lat' dir='ltr'>evidentibus,</span> <span class='ocrx_word' id='word_1_166' title='bbox 1417 1204 1620 1237; x_wconf 80' lang='lat' dir='ltr'>manifestis</span> <span class='ocrx_word' id='word_1_167' title='bbox 1653 1212 1688 1238; x_wconf 91' lang='lat' dir='ltr'>et</span> <span class='ocrx_word' id='word_1_168' title='bbox 1721 1206 1875 1239; x_wconf 90' lang='lat' dir='ltr'>notoriis</span> <span class='ocrx_word' id='word_1_169' title='bbox 1904 1207 1980 1240; x_wconf 89' lang='lat' dir='ltr'>suis</span> <span class='ocrx_word' id='word_1_170' title='bbox 2008 1215 2125 1240; x_wconf 88' lang='lat' dir='ltr'>tamen</span> 
     </span>
     <span class='ocr_line' id='line_1_15' title="bbox 250 1268 1504 1315; baseline 0.002 -15"><span class='ocrx_word' id='word_1_171' title='bbox 250 1268 330 1310; x_wconf 89' lang='grc'>1000</span> <span class='ocrx_word' id='word_1_172' title='bbox 352 1275 387 1301; x_wconf 83' lang='grc'>01</span> <span class='ocrx_word' id='word_1_173' title='bbox 407 1275 571 1314; x_wconf 90' lang='lat' dir='ltr'>tempore</span> <span class='ocrx_word' id='word_1_174' title='bbox 592 1270 784 1314; x_wconf 86' lang='lat' dir='ltr'>oportunis</span> <span class='ocrx_word' id='word_1_175' title='bbox 805 1269 913 1302; x_wconf 88' lang='lat' dir='ltr'>latius</span> <span class='ocrx_word' id='word_1_176' title='bbox 936 1269 1165 1303; x_wconf 86' lang='lat' dir='ltr'>declarandis</span> <span class='ocrx_word' id='word_1_177' title='bbox 1188 1277 1224 1303; x_wconf 89' lang='lat' dir='ltr'>et</span> <span class='ocrx_word' id='word_1_178' title='bbox 1243 1271 1504 1315; x_wconf 86' lang='lat' dir='ltr'>exprimendis.</span> 
     </span>
    </p>

    <p class='ocr_par' dir='ltr' id='par_1_3' title="bbox 249 1336 2123 1449">
     <span class='ocr_line' id='line_1_16' title="bbox 338 1336 2123 1385; baseline 0.003 -18"><span class='ocrx_word' id='word_1_179' title='bbox 338 1336 382 1367; x_wconf 87' lang='lat' dir='ltr'>Et</span> <span class='ocrx_word' id='word_1_180' title='bbox 408 1336 539 1380; x_wconf 84' lang='lat' dir='ltr'>primo,</span> <span class='ocrx_word' id='word_1_181' title='bbox 567 1336 737 1380; x_wconf 89' lang='lat' dir='ltr'>quoniam</span> <span class='ocrx_word' id='word_1_182' title='bbox 764 1336 832 1369; x_wconf 91' lang='lat' dir='ltr'>hoc</span> <span class='ocrx_word' id='word_1_183' title='bbox 861 1343 960 1369; x_wconf 88' lang='lat' dir='ltr'>esset</span> <span class='ocrx_word' id='word_1_184' title='bbox 987 1337 1193 1382; x_wconf 85' lang='lat' dir='ltr'>privilegiis</span> <span class='ocrx_word' id='word_1_185' title='bbox 1222 1344 1257 1370; x_wconf 90' lang='lat' dir='ltr'>et</span> <span class='ocrx_word' id='word_1_186' title='bbox 1286 1338 1529 1382; x_wconf 84' lang='lat' dir='ltr'>prerogativis</span> <span class='ocrx_word' id='word_1_187' title='bbox 1555 1338 1711 1371; x_wconf 90' lang='lat' dir='ltr'>ecclesie</span> <span class='ocrx_word' id='word_1_188' title='bbox 1738 1341 1896 1372; x_wconf 84' lang='lat' dir='ltr'>Romane</span> <span class='ocrx_word' id='word_1_189' title='bbox 1924 1342 2123 1385; x_wconf 67' lang='lat' dir='ltr'>apostolice</span> 
     </span>
     <span class='ocr_line' id='line_1_17' title="bbox 249 1402 1288 1449; baseline 0.003 -16"><span class='ocrx_word' id='word_1_190' title='bbox 249 1402 350 1434; x_wconf 90' lang='lat' dir='ltr'>sedis</span> <span class='ocrx_word' id='word_1_191' title='bbox 372 1403 597 1447; x_wconf 90' lang='lat' dir='ltr'>Romanique</span> <span class='ocrx_word' id='word_1_192' title='bbox 619 1403 804 1447; x_wconf 90' lang='lat' dir='ltr'>pontificis</span> <span class='ocrx_word' id='word_1_193' title='bbox 826 1403 1018 1436; x_wconf 89' lang='lat' dir='ltr'>detrahere</span> <span class='ocrx_word' id='word_1_194' title='bbox 1041 1410 1076 1436; x_wconf 91' lang='lat' dir='ltr'>et</span> <span class='ocrx_word' id='word_1_195' title='bbox 1096 1404 1288 1449; x_wconf 83' lang='lat' dir='ltr'>derogare.</span> 
     </span>
    </p>

    <p class='ocr_par' dir='ltr' id='par_1_4' title="bbox 247 1469 2122 1701">
     <span class='ocr_line' id='line_1_18' title="bbox 338 1469 2120 1516; baseline 0.004 -15"><span class='ocrx_word' id='word_1_196' title='bbox 338 1470 440 1510; x_wconf 89' lang='lat' dir='ltr'>Item,</span> <span class='ocrx_word' id='word_1_197' title='bbox 459 1469 698 1502; x_wconf 89' lang='lat' dir='ltr'>rebellionem</span> <span class='ocrx_word' id='word_1_198' title='bbox 721 1477 755 1502; x_wconf 91' lang='lat' dir='ltr'>et</span> <span class='ocrx_word' id='word_1_199' title='bbox 776 1477 1022 1515; x_wconf 89' lang='lat' dir='ltr'>contemptum</span> <span class='ocrx_word' id='word_1_200' title='bbox 1040 1470 1218 1503; x_wconf 89' lang='lat' dir='ltr'>adversus</span> <span class='ocrx_word' id='word_1_201' title='bbox 1236 1478 1394 1504; x_wconf 87' lang='lat' dir='ltr'>sanctam</span> <span class='ocrx_word' id='word_1_202' title='bbox 1412 1472 1536 1504; x_wconf 90' lang='lat' dir='ltr'>sedem</span> <span class='ocrx_word' id='word_1_203' title='bbox 1559 1473 1757 1516; x_wconf 89' lang='lat' dir='ltr'>predictam</span> <span class='ocrx_word' id='word_1_204' title='bbox 1780 1475 1969 1507; x_wconf 85' lang='lat' dir='ltr'>manifeste</span> <span class='ocrx_word' id='word_1_205' title='bbox 1990 1476 2120 1511; x_wconf 61' lang='lat' dir='ltr'>facere,</span> 
     </span>
     <span class='ocr_line' id='line_1_19' title="bbox 248 1535 2122 1587; baseline 0.004 -20"><span class='ocrx_word' id='word_1_206' title='bbox 248 1535 345 1579; x_wconf 90' lang='lat' dir='ltr'>quod</span> <span class='ocrx_word' id='word_1_207' title='bbox 367 1536 513 1580; x_wconf 88' lang='lat' dir='ltr'>quidem</span> <span class='ocrx_word' id='word_1_208' title='bbox 535 1536 672 1580; x_wconf 86' lang='lat' dir='ltr'>absque</span> <span class='ocrx_word' id='word_1_209' title='bbox 694 1537 815 1569; x_wconf 86' lang='lat' dir='ltr'>divina</span> <span class='ocrx_word' id='word_1_210' title='bbox 838 1537 976 1570; x_wconf 83' lang='lat' dir='ltr'>offensa</span> <span class='ocrx_word' id='word_1_211' title='bbox 998 1544 1030 1570; x_wconf 89' lang='lat' dir='ltr'>et</span> <span class='ocrx_word' id='word_1_212' title='bbox 1053 1537 1278 1571; x_wconf 89' lang='lat' dir='ltr'>diversarum</span> <span class='ocrx_word' id='word_1_213' title='bbox 1303 1550 1477 1583; x_wconf 92' lang='lat' dir='ltr'>penarum</span> <span class='ocrx_word' id='word_1_214' title='bbox 1499 1546 1567 1571; x_wconf 88' lang='lat' dir='ltr'>tam</span> <span class='ocrx_word' id='word_1_215' title='bbox 1591 1540 1834 1584; x_wconf 89' lang='lat' dir='ltr'>spiritualium</span> <span class='ocrx_word' id='word_1_216' title='bbox 1858 1553 1961 1586; x_wconf 88' lang='lat' dir='ltr'>quam</span> <span class='ocrx_word' id='word_1_217' title='bbox 1984 1549 2122 1587; x_wconf 88' lang='lat' dir='ltr'>tempo-</span> 
     </span>
     <span class='ocr_line' id='line_1_20' title="bbox 248 1601 2119 1649; baseline 0.004 -16"><span class='ocrx_word' id='word_1_218' title='bbox 248 1601 375 1633; x_wconf 91' lang='lat' dir='ltr'>ralium</span> <span class='ocrx_word' id='word_1_219' title='bbox 397 1602 547 1635; x_wconf 86' lang='lat' dir='ltr'>incursu</span> <span class='ocrx_word' id='word_1_220' title='bbox 569 1615 641 1635; x_wconf 92' lang='lat' dir='ltr'>non</span> <span class='ocrx_word' id='word_1_221' title='bbox 664 1603 836 1635; x_wconf 88' lang='lat' dir='ltr'>transiret</span> <span class='ocrx_word' id='word_1_222' title='bbox 856 1610 891 1636; x_wconf 90' lang='lat' dir='ltr'>et</span> <span class='ocrx_word' id='word_1_223' title='bbox 916 1615 979 1648; x_wconf 92' lang='lat' dir='ltr'>per</span> <span class='ocrx_word' id='word_1_224' title='bbox 1000 1603 1068 1636; x_wconf 91' lang='grc'>1100</span> <span class='ocrx_word' id='word_1_225' title='bbox 1090 1604 1284 1636; x_wconf 89' lang='lat' dir='ltr'>multorum</span> <span class='ocrx_word' id='word_1_226' title='bbox 1308 1605 1425 1637; x_wconf 90' lang='lat' dir='ltr'>anime</span> <span class='ocrx_word' id='word_1_227' title='bbox 1448 1605 1772 1649; x_wconf 84' lang='lat' dir='ltr'>inlaque[a]rentur</span> <span class='ocrx_word' id='word_1_228' title='bbox 1793 1614 1828 1640; x_wconf 90' lang='lat' dir='ltr'>et</span> <span class='ocrx_word' id='word_1_229' title='bbox 1849 1608 2017 1640; x_wconf 90' lang='lat' dir='ltr'>scandala</span> <span class='ocrx_word' id='word_1_230' title='bbox 2039 1622 2119 1641; x_wconf 76' lang='lat' dir='ltr'>nas-</span> 
     </span>
     <span class='ocr_line' id='line_1_21' title="bbox 247 1675 429 1701; baseline 0 -1"><span class='ocrx_word' id='word_1_231' title='bbox 247 1675 429 1701; x_wconf 86' lang='lat' dir='ltr'>cerentur.</span> 
     </span>
    </p>

    <p class='ocr_par' dir='ltr' id='par_1_5' title="bbox 335 1736 2027 1785">
     <span class='ocr_line' id='line_1_22' title="bbox 335 1736 2027 1785; baseline 0.004 -18"><span class='ocrx_word' id='word_1_232' title='bbox 335 1736 437 1776; x_wconf 90' lang='lat' dir='ltr'>Item,</span> <span class='ocrx_word' id='word_1_233' title='bbox 461 1736 592 1769; x_wconf 87' lang='lat' dir='ltr'>ceteris</span> <span class='ocrx_word' id='word_1_234' title='bbox 614 1736 824 1769; x_wconf 86' lang='lat' dir='ltr'>nationibus</span> <span class='ocrx_word' id='word_1_235' title='bbox 846 1737 993 1769; x_wconf 87' lang='lat' dir='ltr'>materia</span> <span class='ocrx_word' id='word_1_236' title='bbox 1015 1744 1050 1769; x_wconf 91' lang='lat' dir='ltr'>et</span> <span class='ocrx_word' id='word_1_237' title='bbox 1071 1738 1214 1770; x_wconf 89' lang='lat' dir='ltr'>occasio</span> <span class='ocrx_word' id='word_1_238' title='bbox 1237 1738 1369 1770; x_wconf 85' lang='lat' dir='ltr'>similia</span> <span class='ocrx_word' id='word_1_239' title='bbox 1390 1745 1450 1770; x_wconf 90' lang='lat' dir='ltr'>aut</span> <span class='ocrx_word' id='word_1_240' title='bbox 1470 1740 1594 1783; x_wconf 89' lang='lat' dir='ltr'>pejora</span> <span class='ocrx_word' id='word_1_241' title='bbox 1614 1740 1770 1772; x_wconf 91' lang='lat' dir='ltr'>faciendi</span> <span class='ocrx_word' id='word_1_242' title='bbox 1792 1748 2027 1785; x_wconf 83' lang='lat' dir='ltr'>prestaretur.</span> 
     </span>
    </p>

    <p class='ocr_par' dir='ltr' id='par_1_6' title="bbox 239 1802 2115 2047">
     <span class='ocr_line' id='line_1_23' title="bbox 335 1802 2113 1850; baseline 0.004 -16"><span class='ocrx_word' id='word_1_243' title='bbox 335 1803 438 1843; x_wconf 88' lang='lat' dir='ltr'>Item,</span> <span class='ocrx_word' id='word_1_244' title='bbox 466 1814 509 1834; x_wconf 89' lang='lat' dir='ltr'>ex</span> <span class='ocrx_word' id='word_1_245' title='bbox 536 1802 603 1835; x_wconf 92' lang='grc'>1100</span> <span class='ocrx_word' id='word_1_246' title='bbox 631 1802 731 1835; x_wconf 88' lang='lat' dir='ltr'>firma</span> <span class='ocrx_word' id='word_1_247' title='bbox 763 1803 908 1836; x_wconf 90' lang='lat' dir='ltr'>devotio</span> <span class='ocrx_word' id='word_1_248' title='bbox 940 1803 1060 1836; x_wconf 89' lang='lat' dir='ltr'>fidelis</span> <span class='ocrx_word' id='word_1_249' title='bbox 1091 1810 1126 1836; x_wconf 86' lang='lat' dir='ltr'>et</span> <span class='ocrx_word' id='word_1_250' title='bbox 1155 1803 1344 1845; x_wconf 75' lang='lat' dir='ltr'>catholica,</span> <span class='ocrx_word' id='word_1_251' title='bbox 1373 1817 1478 1849; x_wconf 88' lang='lat' dir='ltr'>quam</span> <span class='ocrx_word' id='word_1_252' title='bbox 1510 1817 1655 1850; x_wconf 90' lang='lat' dir='ltr'>semper</span> <span class='ocrx_word' id='word_1_253' title='bbox 1684 1807 1838 1840; x_wconf 89' lang='lat' dir='ltr'>ecclesia</span> <span class='ocrx_word' id='word_1_254' title='bbox 1867 1808 2051 1841; x_wconf 88' lang='lat' dir='ltr'>Gallicana</span> <span class='ocrx_word' id='word_1_255' title='bbox 2084 1817 2113 1841; x_wconf 80' lang='lat' dir='ltr'>et</span> 
     </span>
     <span class='ocr_line' id='line_1_24' title="bbox 244 1869 2115 1919; baseline 0.004 -19"><span class='ocrx_word' id='word_1_256' title='bbox 244 1880 397 1913; x_wconf 87' lang='lat' dir='ltr'>regnum</span> <span class='ocrx_word' id='word_1_257' title='bbox 425 1869 574 1901; x_wconf 87' lang='lat' dir='ltr'>Francie</span> <span class='ocrx_word' id='word_1_258' title='bbox 601 1881 687 1914; x_wconf 85' lang='lat' dir='ltr'>erga</span> <span class='ocrx_word' id='word_1_259' title='bbox 714 1877 873 1902; x_wconf 88' lang='lat' dir='ltr'>sanctam</span> <span class='ocrx_word' id='word_1_260' title='bbox 901 1870 1024 1903; x_wconf 90' lang='lat' dir='ltr'>sedem</span> <span class='ocrx_word' id='word_1_261' title='bbox 1055 1871 1170 1902; x_wconf 89' lang='lat' dir='ltr'>eterni</span> <span class='ocrx_word' id='word_1_262' title='bbox 1197 1871 1371 1916; x_wconf 89' lang='lat' dir='ltr'>clavigeri</span> <span class='ocrx_word' id='word_1_263' title='bbox 1402 1873 1567 1905; x_wconf 88' lang='lat' dir='ltr'>noscitur</span> <span class='ocrx_word' id='word_1_264' title='bbox 1592 1872 1779 1914; x_wconf 83' lang='lat' dir='ltr'>habuisse,</span> <span class='ocrx_word' id='word_1_265' title='bbox 1810 1886 1882 1906; x_wconf 90' lang='lat' dir='ltr'>non</span> <span class='ocrx_word' id='word_1_266' title='bbox 1913 1886 2036 1919; x_wconf 88' lang='lat' dir='ltr'>parum</span> <span class='ocrx_word' id='word_1_267' title='bbox 2065 1877 2115 1908; x_wconf 77' lang='lat' dir='ltr'>sic</span> 
     </span>
     <span class='ocr_line' id='line_1_25' title="bbox 240 1935 2115 1986; baseline 0.004 -19"><span class='ocrx_word' id='word_1_268' title='bbox 240 1935 406 1968; x_wconf 85' lang='lat' dir='ltr'>faciendo</span> <span class='ocrx_word' id='word_1_269' title='bbox 429 1936 683 1981; x_wconf 87' lang='lat' dir='ltr'>denigraretur</span> <span class='ocrx_word' id='word_1_270' title='bbox 705 1943 739 1969; x_wconf 91' lang='lat' dir='ltr'>et</span> <span class='ocrx_word' id='word_1_271' title='bbox 759 1937 908 1969; x_wconf 88' lang='lat' dir='ltr'>materia</span> <span class='ocrx_word' id='word_1_272' title='bbox 930 1937 1020 1969; x_wconf 88' lang='lat' dir='ltr'>male</span> <span class='ocrx_word' id='word_1_273' title='bbox 1042 1937 1218 1981; x_wconf 89' lang='lat' dir='ltr'>loquendi</span> <span class='ocrx_word' id='word_1_274' title='bbox 1241 1944 1275 1970; x_wconf 91' lang='lat' dir='ltr'>et</span> <span class='ocrx_word' id='word_1_275' title='bbox 1296 1939 1479 1971; x_wconf 87' lang='lat' dir='ltr'>sentiendi</span> <span class='ocrx_word' id='word_1_276' title='bbox 1505 1939 1548 1971; x_wconf 90' lang='lat' dir='ltr'>de</span> <span class='ocrx_word' id='word_1_277' title='bbox 1571 1940 1724 1973; x_wconf 85' lang='lat' dir='ltr'>ecclesia</span> <span class='ocrx_word' id='word_1_278' title='bbox 1750 1947 1784 1973; x_wconf 87' lang='lat' dir='ltr'>et</span> <span class='ocrx_word' id='word_1_279' title='bbox 1806 1953 1920 1986; x_wconf 91' lang='lat' dir='ltr'>regno</span> <span class='ocrx_word' id='word_1_280' title='bbox 1942 1942 2115 1986; x_wconf 71' lang='lat' dir='ltr'>predictis</span> 
     </span>
     <span class='ocr_line' id='line_1_26' title="bbox 239 2002 593 2047; baseline 0.003 -13"><span class='ocrx_word' id='word_1_281' title='bbox 239 2002 343 2035; x_wconf 84' lang='lat' dir='ltr'>facile</span> <span class='ocrx_word' id='word_1_282' title='bbox 365 2002 593 2047; x_wconf 88' lang='lat' dir='ltr'>preberetur.</span> 
     </span>
    </p>

    <p class='ocr_par' dir='ltr' id='par_1_7' title="bbox 239 2070 2111 2185">
     <span class='ocr_line' id='line_1_27' title="bbox 329 2070 2111 2121; baseline 0.004 -20"><span class='ocrx_word' id='word_1_283' title='bbox 329 2071 430 2111; x_wconf 87' lang='lat' dir='ltr'>Item,</span> <span class='ocrx_word' id='word_1_284' title='bbox 454 2082 519 2114; x_wconf 92' lang='lat' dir='ltr'>per</span> <span class='ocrx_word' id='word_1_285' title='bbox 541 2070 608 2103; x_wconf 91' lang='lat' dir='ltr'>hoc</span> <span class='ocrx_word' id='word_1_286' title='bbox 632 2082 842 2115; x_wconf 86' lang='lat' dir='ltr'>regnorum,</span> <span class='ocrx_word' id='word_1_287' title='bbox 866 2071 1136 2115; x_wconf 87' lang='lat' dir='ltr'>provinciarum</span> <span class='ocrx_word' id='word_1_288' title='bbox 1163 2078 1197 2104; x_wconf 87' lang='lat' dir='ltr'>et</span> <span class='ocrx_word' id='word_1_289' title='bbox 1219 2071 1382 2104; x_wconf 91' lang='lat' dir='ltr'>locorum</span> <span class='ocrx_word' id='word_1_290' title='bbox 1409 2084 1481 2104; x_wconf 88' lang='lat' dir='ltr'>non</span> <span class='ocrx_word' id='word_1_291' title='bbox 1504 2073 1738 2107; x_wconf 76' lang='lat' dir='ltr'>reductorum</span> <span class='ocrx_word' id='word_1_292' title='bbox 1759 2075 1802 2107; x_wconf 89' lang='lat' dir='ltr'>ad</span> <span class='ocrx_word' id='word_1_293' title='bbox 1826 2076 2010 2115; x_wconf 71' lang='lat' dir='ltr'>unionem,</span> <span class='ocrx_word' id='word_1_294' title='bbox 2034 2090 2111 2121; x_wconf 57' lang='lat' dir='ltr'>gre*-</span> 
     </span>
     <span class='ocr_line' id='line_1_28' title="bbox 239 2136 1781 2185; baseline 0.003 -17"><span class='ocrx_word' id='word_1_295' title='bbox 239 2136 348 2168; x_wconf 92' lang='lat' dir='ltr'>mium</span> <span class='ocrx_word' id='word_1_296' title='bbox 371 2143 406 2169; x_wconf 86' lang='lat' dir='ltr'>et</span> <span class='ocrx_word' id='word_1_297' title='bbox 422 2136 667 2170; x_wconf 88' lang='lat' dir='ltr'>obedientiam</span> <span class='ocrx_word' id='word_1_298' title='bbox 688 2137 765 2170; x_wconf 90' lang='lat' dir='ltr'>veri</span> <span class='ocrx_word' id='word_1_299' title='bbox 783 2138 940 2182; x_wconf 90' lang='lat' dir='ltr'>pastoris</span> <span class='ocrx_word' id='word_1_300' title='bbox 963 2144 998 2170; x_wconf 91' lang='lat' dir='ltr'>et</span> <span class='ocrx_word' id='word_1_301' title='bbox 1017 2138 1145 2182; x_wconf 88' lang='lat' dir='ltr'>capitis</span> <span class='ocrx_word' id='word_1_302' title='bbox 1166 2138 1321 2171; x_wconf 89' lang='lat' dir='ltr'>ecclesie</span> <span class='ocrx_word' id='word_1_303' title='bbox 1342 2139 1507 2172; x_wconf 87' lang='lat' dir='ltr'>reductio</span> <span class='ocrx_word' id='word_1_304' title='bbox 1530 2140 1781 2185; x_wconf 87' lang='lat' dir='ltr'>impediretur.</span> 
     </span>
    </p>

    <p class='ocr_par' dir='ltr' id='par_1_8' title="bbox 236 2203 2110 2713">
     <span class='ocr_line' id='line_1_29' title="bbox 327 2203 2110 2253; baseline 0.004 -18"><span class='ocrx_word' id='word_1_305' title='bbox 327 2204 430 2244; x_wconf 89' lang='lat' dir='ltr'>Item,</span> <span class='ocrx_word' id='word_1_306' title='bbox 451 2203 701 2236; x_wconf 88' lang='lat' dir='ltr'>verisimiliter</span> <span class='ocrx_word' id='word_1_307' title='bbox 726 2205 762 2236; x_wconf 94' lang='lat' dir='ltr'>in</span> <span class='ocrx_word' id='word_1_308' title='bbox 786 2204 1029 2237; x_wconf 86' lang='lat' dir='ltr'>electionibus</span> <span class='ocrx_word' id='word_1_309' title='bbox 1056 2211 1091 2237; x_wconf 88' lang='lat' dir='ltr'>et</span> <span class='ocrx_word' id='word_1_310' title='bbox 1116 2205 1375 2238; x_wconf 87' lang='lat' dir='ltr'>collationibus</span> <span class='ocrx_word' id='word_1_311' title='bbox 1401 2206 1619 2251; x_wconf 83' lang='lat' dir='ltr'>dignitatum</span> <span class='ocrx_word' id='word_1_312' title='bbox 1642 2215 1675 2240; x_wconf 91' lang='lat' dir='ltr'>et</span> <span class='ocrx_word' id='word_1_313' title='bbox 1697 2207 1957 2241; x_wconf 86' lang='lat' dir='ltr'>beneficiorum</span> <span class='ocrx_word' id='word_1_314' title='bbox 1985 2209 2110 2253; x_wconf 84' lang='lat' dir='ltr'>hujus-</span> 
     </span>
     <span class='ocr_line' id='line_1_30' title="bbox 239 2269 2109 2319; baseline 0.004 -18"><span class='ocrx_word' id='word_1_315' title='bbox 239 2269 348 2310; x_wconf 87' lang='lat' dir='ltr'>modi,</span> <span class='ocrx_word' id='word_1_316' title='bbox 371 2269 521 2303; x_wconf 86' lang='lat' dir='ltr'>libertas</span> <span class='ocrx_word' id='word_1_317' title='bbox 543 2270 789 2303; x_wconf 81' lang='lat' dir='ltr'>ecclesiastica</span> <span class='ocrx_word' id='word_1_318' title='bbox 809 2271 940 2304; x_wconf 85' lang='lat' dir='ltr'>fortius</span> <span class='ocrx_word' id='word_1_319' title='bbox 962 2271 1214 2316; x_wconf 89' lang='lat' dir='ltr'>impediretur,</span> <span class='ocrx_word' id='word_1_320' title='bbox 1234 2284 1327 2313; x_wconf 89' lang='lat' dir='ltr'>cum,</span> <span class='ocrx_word' id='word_1_321' title='bbox 1348 2272 1378 2304; x_wconf 90' lang='lat' dir='ltr'>si</span> <span class='ocrx_word' id='word_1_322' title='bbox 1399 2272 1443 2305; x_wconf 89' lang='lat' dir='ltr'>ad</span> <span class='ocrx_word' id='word_1_323' title='bbox 1465 2273 1669 2318; x_wconf 89' lang='lat' dir='ltr'>exemplum</span> <span class='ocrx_word' id='word_1_324' title='bbox 1692 2274 1800 2318; x_wconf 86' lang='lat' dir='ltr'>hujus</span> <span class='ocrx_word' id='word_1_325' title='bbox 1823 2276 1926 2319; x_wconf 87' lang='lat' dir='ltr'>regni</span> <span class='ocrx_word' id='word_1_326' title='bbox 1949 2277 1999 2308; x_wconf 86' lang='lat' dir='ltr'>sic</span> <span class='ocrx_word' id='word_1_327' title='bbox 2023 2278 2109 2308; x_wconf 73' lang='lat' dir='ltr'>sace-</span> 
     </span>
     <span class='ocr_line' id='line_1_31' title="bbox 239 2336 2107 2385; baseline 0.004 -17"><span class='ocrx_word' id='word_1_328' title='bbox 239 2343 318 2369; x_wconf 86' lang='lat' dir='ltr'>rent</span> <span class='ocrx_word' id='word_1_329' title='bbox 334 2336 401 2369; x_wconf 87' lang='lat' dir='ltr'>alie</span> <span class='ocrx_word' id='word_1_330' title='bbox 419 2337 598 2378; x_wconf 86' lang='lat' dir='ltr'>nationes,</span> <span class='ocrx_word' id='word_1_331' title='bbox 623 2338 773 2370; x_wconf 85' lang='lat' dir='ltr'>maxime</span> <span class='ocrx_word' id='word_1_332' title='bbox 790 2338 826 2370; x_wconf 93' lang='lat' dir='ltr'>in</span> <span class='ocrx_word' id='word_1_333' title='bbox 844 2338 977 2383; x_wconf 87' lang='lat' dir='ltr'>quibus</span> <span class='ocrx_word' id='word_1_334' title='bbox 998 2338 1210 2383; x_wconf 87' lang='lat' dir='ltr'>tyrannides</span> <span class='ocrx_word' id='word_1_335' title='bbox 1230 2338 1367 2371; x_wconf 89' lang='lat' dir='ltr'>laicalis</span> <span class='ocrx_word' id='word_1_336' title='bbox 1385 2339 1604 2380; x_wconf 86' lang='lat' dir='ltr'>dominatur,</span> <span class='ocrx_word' id='word_1_337' title='bbox 1623 2352 1709 2385; x_wconf 86' lang='lat' dir='ltr'>sepe</span> <span class='ocrx_word' id='word_1_338' title='bbox 1727 2342 1914 2385; x_wconf 82' lang='lat' dir='ltr'>expediret</span> <span class='ocrx_word' id='word_1_339' title='bbox 1930 2342 2107 2375; x_wconf 61' lang='lat' dir='ltr'>electores</span> 
     </span>
     <span class='ocr_line' id='line_1_32' title="bbox 238 2403 2103 2451; baseline 0.003 -16"><span class='ocrx_word' id='word_1_340' title='bbox 238 2414 301 2435; x_wconf 90' lang='lat' dir='ltr'>seu</span> <span class='ocrx_word' id='word_1_341' title='bbox 329 2403 539 2447; x_wconf 86' lang='lat' dir='ltr'>provisores</span> <span class='ocrx_word' id='word_1_342' title='bbox 561 2404 605 2436; x_wconf 88' lang='lat' dir='ltr'>ad</span> <span class='ocrx_word' id='word_1_343' title='bbox 631 2411 756 2437; x_wconf 90' lang='lat' dir='ltr'>nutum</span> <span class='ocrx_word' id='word_1_344' title='bbox 784 2405 1014 2437; x_wconf 90' lang='lat' dir='ltr'>dominorum</span> <span class='ocrx_word' id='word_1_345' title='bbox 1042 2405 1294 2449; x_wconf 87' lang='lat' dir='ltr'>temporalium</span> <span class='ocrx_word' id='word_1_346' title='bbox 1317 2405 1374 2438; x_wconf 89' lang='lat' dir='ltr'>vel</span> <span class='ocrx_word' id='word_1_347' title='bbox 1400 2412 1588 2450; x_wconf 88' lang='lat' dir='ltr'>potentum</span> <span class='ocrx_word' id='word_1_348' title='bbox 1617 2407 1754 2451; x_wconf 84' lang='lat' dir='ltr'>eligere</span> <span class='ocrx_word' id='word_1_349' title='bbox 1776 2408 1832 2440; x_wconf 84' lang='lat' dir='ltr'>vel</span> <span class='ocrx_word' id='word_1_350' title='bbox 1858 2409 2023 2441; x_wconf 80' lang='lat' dir='ltr'>conferre</span> <span class='ocrx_word' id='word_1_351' title='bbox 2049 2418 2103 2442; x_wconf 81' lang='lat' dir='ltr'>aut</span> 
     </span>
     <span class='ocr_line' id='line_1_33' title="bbox 237 2469 2099 2520; baseline 0.003 -19"><span class='ocrx_word' id='word_1_352' title='bbox 237 2469 323 2502; x_wconf 88' lang='lat' dir='ltr'>alias</span> <span class='ocrx_word' id='word_1_353' title='bbox 352 2470 570 2514; x_wconf 86' lang='lat' dir='ltr'>importunis</span> <span class='ocrx_word' id='word_1_354' title='bbox 603 2471 786 2515; x_wconf 83' lang='lat' dir='ltr'>precibus,</span> <span class='ocrx_word' id='word_1_355' title='bbox 814 2471 1126 2516; x_wconf 88' lang='lat' dir='ltr'>requisicionibus</span> <span class='ocrx_word' id='word_1_356' title='bbox 1158 2478 1193 2504; x_wconf 87' lang='lat' dir='ltr'>et</span> <span class='ocrx_word' id='word_1_357' title='bbox 1218 2472 1409 2505; x_wconf 87' lang='lat' dir='ltr'>instanciis</span> <span class='ocrx_word' id='word_1_358' title='bbox 1441 2472 1562 2505; x_wconf 89' lang='lat' dir='ltr'>talium</span> <span class='ocrx_word' id='word_1_359' title='bbox 1590 2474 1782 2515; x_wconf 86' lang='lat' dir='ltr'>assentire,</span> <span class='ocrx_word' id='word_1_360' title='bbox 1815 2481 1847 2506; x_wconf 86' lang='lat' dir='ltr'>et</span> <span class='ocrx_word' id='word_1_361' title='bbox 1877 2475 1928 2507; x_wconf 83' lang='lat' dir='ltr'>sic</span> <span class='ocrx_word' id='word_1_362' title='bbox 1957 2483 2014 2508; x_wconf 88' lang='lat' dir='ltr'>aut</span> <span class='ocrx_word' id='word_1_363' title='bbox 2044 2489 2099 2520; x_wconf 74' lang='lat' dir='ltr'>pei</span> 
     </span>
     <span class='ocr_line' id='line_1_34' title="bbox 237 2536 2101 2586; baseline 0.003 -18"><span class='ocrx_word' id='word_1_364' title='bbox 237 2536 501 2581; x_wconf 85' lang='lat' dir='ltr'>impressiones</span> <span class='ocrx_word' id='word_1_365' title='bbox 522 2544 582 2569; x_wconf 87' lang='lat' dir='ltr'>aut</span> <span class='ocrx_word' id='word_1_366' title='bbox 603 2544 761 2570; x_wconf 84' lang='lat' dir='ltr'>extortas</span> <span class='ocrx_word' id='word_1_367' title='bbox 786 2544 821 2570; x_wconf 90' lang='lat' dir='ltr'>et</span> <span class='ocrx_word' id='word_1_368' title='bbox 841 2538 1067 2583; x_wconf 88' lang='lat' dir='ltr'>importunas</span> <span class='ocrx_word' id='word_1_369' title='bbox 1090 2545 1282 2583; x_wconf 86' lang='lat' dir='ltr'>requestas</span> <span class='ocrx_word' id='word_1_370' title='bbox 1303 2539 1478 2571; x_wconf 88' lang='lat' dir='ltr'>laicorum</span> <span class='ocrx_word' id='word_1_371' title='bbox 1502 2540 1698 2584; x_wconf 83' lang='lat' dir='ltr'>dignitates</span> <span class='ocrx_word' id='word_1_372' title='bbox 1721 2547 1755 2572; x_wconf 89' lang='lat' dir='ltr'>et</span> <span class='ocrx_word' id='word_1_373' title='bbox 1780 2540 1956 2574; x_wconf 84' lang='lat' dir='ltr'>beneficia</span> <span class='ocrx_word' id='word_1_374' title='bbox 1982 2542 2101 2586; x_wconf 62' lang='lat' dir='ltr'>hujusv</span> 
     </span>
     <span class='ocr_line' id='line_1_35' title="bbox 236 2603 2104 2651; baseline 0.004 -16"><span class='ocrx_word' id='word_1_375' title='bbox 236 2603 333 2635; x_wconf 91' lang='lat' dir='ltr'>modi</span> <span class='ocrx_word' id='word_1_376' title='bbox 351 2610 633 2647; x_wconf 79' lang='lat' dir='ltr'>occuparentur3</span> <span class='ocrx_word' id='word_1_377' title='bbox 653 2604 714 2648; x_wconf 88' lang='lat' dir='ltr'>qui</span> <span class='ocrx_word' id='word_1_378' title='bbox 730 2605 876 2649; x_wconf 88' lang='lat' dir='ltr'>quidem</span> <span class='ocrx_word' id='word_1_379' title='bbox 899 2605 1005 2637; x_wconf 89' lang='lat' dir='ltr'>timor</span> <span class='ocrx_word' id='word_1_380' title='bbox 1021 2605 1058 2637; x_wconf 92' lang='lat' dir='ltr'>in</span> <span class='ocrx_word' id='word_1_381' title='bbox 1079 2605 1344 2638; x_wconf 87' lang='lat' dir='ltr'>collacionibus</span> <span class='ocrx_word' id='word_1_382' title='bbox 1363 2612 1395 2637; x_wconf 89' lang='lat' dir='ltr'>et</span> <span class='ocrx_word' id='word_1_383' title='bbox 1413 2606 1698 2649; x_wconf 87' lang='lat' dir='ltr'>provisionibus,</span> <span class='ocrx_word' id='word_1_384' title='bbox 1718 2619 1806 2651; x_wconf 87' lang='lat' dir='ltr'>quas</span> <span class='ocrx_word' id='word_1_385' title='bbox 1824 2608 1906 2640; x_wconf 86' lang='lat' dir='ltr'>sacit</span> <span class='ocrx_word' id='word_1_386' title='bbox 1924 2610 2104 2642; x_wconf 63' lang='lat' dir='ltr'>Romanus</span> 
     </span>
     <span class='ocr_line' id='line_1_36' title="bbox 236 2670 730 2713; baseline 0.004 -12"><span class='ocrx_word' id='word_1_387' title='bbox 236 2670 408 2713; x_wconf 88' lang='lat' dir='ltr'>pontifex,</span> <span class='ocrx_word' id='word_1_388' title='bbox 432 2671 580 2703; x_wconf 93' lang='lat' dir='ltr'>omnino</span> <span class='ocrx_word' id='word_1_389' title='bbox 601 2677 730 2703; x_wconf 90' lang='lat' dir='ltr'>cessat.</span> 
     </span>
    </p>

    <p class='ocr_par' dir='ltr' id='par_1_9' title="bbox 235 2737 2100 2850">
     <span class='ocr_line' id='line_1_37' title="bbox 324 2737 2100 2785; baseline 0.004 -17"><span class='ocrx_word' id='word_1_390' title='bbox 324 2738 426 2778; x_wconf 91' lang='lat' dir='ltr'>Item,</span> <span class='ocrx_word' id='word_1_391' title='bbox 454 2737 630 2781; x_wconf 87' lang='lat' dir='ltr'>perhanc</span> <span class='ocrx_word' id='word_1_392' title='bbox 650 2738 742 2770; x_wconf 89' lang='lat' dir='ltr'>viam</span> <span class='ocrx_word' id='word_1_393' title='bbox 765 2745 799 2770; x_wconf 92' lang='lat' dir='ltr'>et</span> <span class='ocrx_word' id='word_1_394' title='bbox 825 2738 977 2771; x_wconf 90' lang='lat' dir='ltr'>maxime</span> <span class='ocrx_word' id='word_1_395' title='bbox 1004 2739 1034 2771; x_wconf 90' lang='lat' dir='ltr'>si</span> <span class='ocrx_word' id='word_1_396' title='bbox 1060 2739 1182 2783; x_wconf 84' lang='lat' dir='ltr'>gracie</span> <span class='ocrx_word' id='word_1_397' title='bbox 1210 2740 1433 2783; x_wconf 86' lang='lat' dir='ltr'>expectative</span> <span class='ocrx_word' id='word_1_398' title='bbox 1462 2751 1526 2784; x_wconf 89' lang='lat' dir='ltr'>per</span> <span class='ocrx_word' id='word_1_399' title='bbox 1555 2741 1752 2772; x_wconf 79' lang='lat' dir='ltr'>Romanum</span> <span class='ocrx_word' id='word_1_400' title='bbox 1782 2741 1988 2785; x_wconf 87' lang='lat' dir='ltr'>pontificem</span> <span class='ocrx_word' id='word_1_401' title='bbox 2018 2757 2100 2776; x_wconf 65' lang='lat' dir='ltr'>con-</span> 
     </span>
     <span class='ocr_line' id='line_1_38' title="bbox 235 2803 2100 2850; baseline 0.004 -15"><span class='ocrx_word' id='word_1_402' title='bbox 235 2814 338 2835; x_wconf 87' lang='lat' dir='ltr'>cesse</span> <span class='ocrx_word' id='word_1_403' title='bbox 364 2803 420 2836; x_wconf 92' lang='lat' dir='ltr'>vel</span> <span class='ocrx_word' id='word_1_404' title='bbox 446 2804 681 2836; x_wconf 86' lang='lat' dir='ltr'>concedende</span> <span class='ocrx_word' id='word_1_405' title='bbox 705 2805 1006 2849; x_wconf 86' lang='lat' dir='ltr'>infringerentur,</span> <span class='ocrx_word' id='word_1_406' title='bbox 1028 2818 1155 2838; x_wconf 88' lang='lat' dir='ltr'>omnes</span> <span class='ocrx_word' id='word_1_407' title='bbox 1184 2805 1293 2849; x_wconf 88' lang='lat' dir='ltr'>hujus</span> <span class='ocrx_word' id='word_1_408' title='bbox 1319 2806 1424 2850; x_wconf 86' lang='lat' dir='ltr'>regni</span> <span class='ocrx_word' id='word_1_409' title='bbox 1451 2813 1485 2838; x_wconf 91' lang='lat' dir='ltr'>et</span> <span class='ocrx_word' id='word_1_410' title='bbox 1508 2806 1673 2847; x_wconf 82' lang='lat' dir='ltr'>aliorum,</span> <span class='ocrx_word' id='word_1_411' title='bbox 1697 2806 1758 2839; x_wconf 90' lang='lat' dir='ltr'>ubi</span> <span class='ocrx_word' id='word_1_412' title='bbox 1786 2807 1853 2840; x_wconf 92' lang='lat' dir='ltr'>hoc</span> <span class='ocrx_word' id='word_1_413' title='bbox 1881 2819 2100 2844; x_wconf 71' lang='lat' dir='ltr'>servaretur,</span> 
     </span>
    </p>
   </div>
   <div class='ocr_carea' id='block_1_3' title="bbox 236 2870 2101 2920">
    <p class='ocr_par' dir='ltr' id='par_1_10' title="bbox 236 2870 2101 2920">
     <span class='ocr_line' id='line_1_39' title="bbox 236 2870 2101 2920; baseline 0.004 -18"><span class='ocrx_word' id='word_1_414' title='bbox 236 2870 438 2902; x_wconf 87' lang='lat' dir='ltr'>studiorum</span> <span class='ocrx_word' id='word_1_415' title='bbox 461 2871 726 2903; x_wconf 88' lang='lat' dir='ltr'>Universitates</span> <span class='ocrx_word' id='word_1_416' title='bbox 748 2878 782 2903; x_wconf 90' lang='lat' dir='ltr'>et</span> <span class='ocrx_word' id='word_1_417' title='bbox 804 2871 1053 2916; x_wconf 88' lang='lat' dir='ltr'>principaliter</span> <span class='ocrx_word' id='word_1_418' title='bbox 1078 2871 1143 2904; x_wconf 90' lang='lat' dir='ltr'>hec</span> <span class='ocrx_word' id='word_1_419' title='bbox 1170 2872 1260 2904; x_wconf 89' lang='lat' dir='ltr'>alma</span> <span class='ocrx_word' id='word_1_420' title='bbox 1287 2873 1514 2905; x_wconf 84' lang='lat' dir='ltr'>Universitas</span> <span class='ocrx_word' id='word_1_421' title='bbox 1541 2880 1653 2905; x_wconf 87' lang='lat' dir='ltr'>mater</span> <span class='ocrx_word' id='word_1_422' title='bbox 1679 2881 1814 2915; x_wconf 70' lang='lat' dir='ltr'>nostra,</span> <span class='ocrx_word' id='word_1_423' title='bbox 1836 2881 1870 2907; x_wconf 89' lang='lat' dir='ltr'>et</span> <span class='ocrx_word' id='word_1_424' title='bbox 1895 2877 2101 2920; x_wconf 53' lang='lat' dir='ltr'>specialiter</span> 
     </span>
    </p>
   </div>
  </div>
 </body>
</html>
