2502 3418
272 334 368 371 1446]
617 348 664 370 ΑΒ
699 348 804 370 ΑΝΝΟ
839 348 1127 370 MCCCLxxxxiv
1161 348 1291 375 USQUE
1327 349 1374 370 AD
1408 349 1546 370 ANNUM
1581 349 1784 371 mccccmi.
2066 341 2129 373 665

357 431 453 448 revera
470 423 498 449 in
513 426 651 459 separato
667 426 801 449 conventu
813 422 940 458 plurium
961 423 1163 457 magistrorum
1181 423 1349 459 comparuit⁷
1368 431 1513 458 nunquam
1530 427 1624 449 tamen
1640 432 1734 448 coram
1751 427 1811 449 tota
1830 424 2018 450 Universitate
2033 425 2131 461 dispu-

358 472 436 503 tavit,
459 472 542 498 immo
562 481 674 508 semper
696 481 727 498 se
750 472 906 506 excusavit,
928 471 1106 507 proindeque
1133 473 1308 498 Universilas
1329 481 1399 506 eam,
1422 481 1475 508 per
1499 472 1617 507 aliquod
1641 476 1750 508 tempus
1771 473 1922 507 detentum,
1946 474 2073 500 Decemb.
2097 476 2129 501 14

358 521 477 548 dimisit.

1196 566 1270 596 7445,
1288 567 1401 593 Moremb.
1419 567 1658 593 exeunte-Decem&
1674 568 1712 596 14,
1727 567 1844 592 Parisiis.

361 655 432 682 Quae
454 655 579 678 hactenus
604 655 635 678 de
657 655 707 678 hoc
722 655 819 678 celebri
834 654 931 686 juvene
950 658 1012 678 nota
1033 658 1108 677 erant
1131 655 1238 685 collegit
1258 655 1311 678 Jul.
1334 655 1425 678 Ilm-ET
1451 655 1477 678 in
1498 655 1582 679 Μόνη.
1602 655 1678 679 dela
1698 655 1758 679 Soc.
1775 657 1808 679 de
1822 655 1905 679 l'hisc.
1921 657 1953 679 de
1973 655 2068 686 Paris,
2086 657 2126 684 lx,

266 707 293 731 p.
310 699 422 723 292-222.
441 700 506 723 Eum
526 701 651 731 sugerunt
670 708 737 731 quae
756 702 898 722 narrantur
918 699 944 722 in
964 699 1023 723 Lib.
1035 706 1114 729 proc.
1136 704 1198 723 nat.
1221 699 1409 724 Alemanniae
1426 702 1565 731 (Aua-car„
1587 700 1619 728 ΙΙ,
1637 701 1692 729 632,
1711 700 1753 727 16;
1774 701 1829 730 633,
1850 701 1892 728 36;
1913 701 1966 728 635,
1988 701 2052 723 3-’12.
2069 700 2126 723 Vid.

266 747 319 768 not.
338 744 366 774 Ι),
380 753 427 776 per
445 753 510 776 quae
524 745 604 776 plura
618 744 651 768 ab
666 744 725 776 ipso
740 747 841 768 asserta
857 744 1027 775 corriguntur
1041 747 1067 767 et
1081 745 1165 767 relatu
1179 753 1194 767 a
1207 744 1348 768 chronistis
1365 745 1397 767 ad
1415 748 1512 768 rectum
1529 753 1679 768 mensuram
1695 744 1861 775 rediguntur.
1877 745 2052 775 Exposuiinus
2066 745 2129 768 haec

264 788 340 820 ibid„
355 798 382 820 p.
398 789 453 819 631,
467 792 521 813 not.
536 791 558 815 5.

265 923 409 960 2604.
437 931 555 958 Carolus
586 933 639 958 VII
653 940 706 968 per
724 940 795 957 suas
818 931 931 957 litteras
946 940 961 957 ‹<
980 940 1068 967 super
1091 931 1215 957 materia
1237 931 1407 967 injuriarum
1432 930 1511 956 alias
1540 931 1724 957 Universitati
1750 930 1899 956 illatarum
1923 939 1938 957 »
1959 930 2127 957 dilationem

353 982 476 1008 actionis
492 981 661 1016 injuriarum
681 990 770 1016 usque
786 980 958 1006 dominicam
974 981 1152 1014 Quasimodo
1169 980 1286 1015 geniti',
1303 989 1361 1016 qua
1375 982 1451 1015 forte
1463 980 1659 1016 personaliter
1683 981 1899 1006 Universitatem
1915 980 1950 1006 de
1968 980 2082 1016 injuriis
2102 981 2129 1006 ei

353 1030 431 1057 alias
445 1030 473 1056 in
487 1040 570 1056 suum
584 1034 720 1057 rectorem
737 1030 829 1056 illatis
844 1033 1004 1056 contentam
1020 1030 1140 1056 reddere
1153 1034 1259 1066 posset,
1278 1030 1392 1056 indixit.

1567 1079 1641 1109 7445,
1656 1079 1771 1106 Decemb.

356 1171 474 1193 Aue-tar.
488 1168 616 1193 chartul.
632 1168 763 1197 Univers„
776 1169 808 1196 ΙΙ,
824 1176 852 1199 p.
863 1169 917 1196 634,
931 1169 960 1191 39
974 1176 1031 1199 sqq.
1041 1167 1173 1199 -Agitur
1188 1168 1219 1190 de
1234 1167 1332 1198 injuria
1345 1175 1387 1192 an.
1401 1168 1469 1196 1444,
1483 1167 1626 1199 Septemb.,
1640 1168 1735 1191 rectori
1751 1167 1855 1191 Alberto
1870 1167 2012 1199 Scriptoris
2027 1171 2052 1191 et
2065 1176 2128 1199 pro-

263 1213 430 1237 curatoribus
444 1213 569 1237 Franciae
584 1216 609 1236 et
621 1213 756 1237 Picnrdiae
768 1213 852 1236 illata.
869 1212 927 1236 vid.
944 1221 1026 1244 supra
1042 1217 1069 1235 n⁰
1083 1213 1152 1236 2586.
1169 1213 1216 1236 An.
1232 1213 1301 1240 1446,
1316 1212 1400 1243 April.
1415 1214 1438 1242 6,
1457 1212 1542 1235 adhuc
1555 1213 1686 1236 conclusit
1701 1213 1865 1236 Universitas
1881 1213 1937 1243 regi
1953 1213 1984 1236 de
1999 1213 2048 1236 hoc
2063 1213 2128 1236 scri-

262 1258 377 1282 bendum
392 1266 449 1282 esse
465 1259 603 1288 (Auctar.,
619 1267 645 1289 p.
661 1259 716 1289 650,
730 1259 759 1281 24
775 1259 853 1289 sqq.)-

355 1342 380 1368 1.
394 1342 477 1374 April.
494 1344 532 1367 211.

261 1466 406 1504 2605.
428 1476 584 1502 Licentiati
598 1476 626 1501 in
641 1475 784 1510 facultate
798 1474 970 1509 theologiae.

1449 1517 1523 1546 7446,
1539 1517 1670 1543 Februarii
1686 1518 1708 1546 7,
1725 1518 1839 1543 Parisiis.

349 1609 421 1642 Mag.
439 1609 581 1635 Martinus
596 1608 736 1635 Chabos‘.
1295 1607 1371 1632 Frat.
1389 1607 1448 1632 Yvo
1463 1607 1618 1639 Manguen,
1636 1606 1759 1633 Pred.⁴0.

373 1674 400 1677 —
437 1659 584 1685 Johannes
599 1658 762 1685 Haner0n2.
1314 1670 1346 1674 —
1384 1655 1508 1681 Jacobus
1523 1655 1558 1681 de
1570 1655 1700 1684 Balerna,
1717 1655 1785 1681 Cist.
1796 1654 1827 1680 Η.

366 1724 401 1727 --
438 1708 586 1734 Johannes
600 1706 727 1734 Solerii³.
1312 1720 1346 1722 —
1383 1704 1532 1730 ,Iohannes
1547 1704 1654 1733 Buhot,
1670 1704 1766 1729 Carm.
1778 1703 1810 1729 ⁴².

366 1774 401 1776 —
438 1758 595 1784 Gausridus
607 1757 777 1787 Normanni,
794 1757 891 1783 Navar.
901 1755 921 1782 ⁴.
1312 1769 1347 1772 —
1384 1753 1533 1779 Johannes
1547 1753 1644 1787 Glirie,
1663 1753 1737 1786 Aug.
1752 1753 1783 1780 ⁴³.

366 1822 397 1826 —
438 1807 556 1840 Egidius
569 1807 724 1833 Houdebin
732 1806 752 1832 5.

351 1857 425 1882 ΕΓΗ.
442 1856 590 1882 Rolandus
605 1856 697 1884 ρούς.
716 1855 827 1882 pred-⁶.
1219 1832 1342 1856 Fuerunt
1357 1829 1499 1855 licentiati
1514 1829 1549 1855 de
1563 1829 1662 1863 gratia
1676 1830 1714 1855 28
1727 1830 1788 1855 Maii
1802 1831 1877 1856 7446.

366 1921 400 1925 —-
437 1905 557 1932 Michael
569 1905 605 1932 de
619 1905 761 1939 Zelandia,
780 1904 906 1930 Carm.⁷.
1294 1906 1367 1939 Mag.
1384 1905 1485 1931 Simon
1501 1904 1680 1931 Germaniss.

367 1970 400 1973 —-
438 1955 539 1982 Petrus
553 1955 685 1987 Viatoris,
702 1953 813 1980 Pred.⁸.
1294 1955 1369 1980 Frat.
1386 1955 1534 1980 Johannes
1546 1955 1735 1984 Zamorensis,
1752 1954 1854 1981 Minor.

366 2020 401 2023 —
438 2004 579 2031 Henricus
593 2004 629 2030 de
644 2003 775 2033 Colonia,
791 2003 913 2030 Minorss.
1773 2003 1826 2039 [15]

353 2093 421 2117 Bihl.
438 2096 492 2117 nat.
505 2093 600 2124 Paris„
616 2101 665 2117 ms.
678 2093 726 2116 lat.
742 2093 823 2121 5657·,
841 2093 885 2116 fol.
902 2092 953 2115 20³².

353 2187 376 2212 1.
393 2188 462 2218 Mag.
478 2187 559 2211 theol.
574 2187 636 2210 Maii
651 2188 690 2211 10.
706 2187 866 2218 Adjungitur
884 2195 931 2218 per
948 2194 1064 2210 errorem
1086 2194 1097 2209 «
1120 2186 1244 2217 antiquus
1258 2189 1343 2209 rector
1360 2194 1380 2214 ι),
1400 2194 1460 2209 nam
1476 2185 1578 2209 Chabot
1595 2189 1656 2208 tunc
1677 2194 1688 2208 (‹
1707 2186 1847 2209 modernus
1864 2189 1948 2209 rector
1964 2194 1975 2209 »
1993 2187 2042 2210 suit
2058 2187 2120 2216 (vid.

259 2234 387 2262 Auctar.,
404 2233 435 2261 Π,
447 2233 501 2261 634,
517 2232 554 2262 17,
567 2240 581 2255 a
592 2232 713 2255 Decemb.
726 2232 755 2254 16
765 2232 798 2255 ad
811 2232 887 2257 Mart,
900 2232 952 2261 24);
967 2239 1078 2262 sequens
1090 2239 1160 2261 vero,
1172 2231 1305 2254 Johannes
1318 2232 1446 2259 Hnneron,
1460 2238 1551 2253 revera
1562 2233 1622 2253 tunc
1637 2230 1686 2253 suit
1700 2230 1823 2261 antiquus
1839 2234 1932 2258 rector,
1944 2231 1976 2253 ob
1988 2231 2079 2254 Octob.
2093 2232 2122 2254 10

259 2277 293 2300 ud
308 2277 429 2300 Decemh.
446 2277 482 2300 16.
500 2277 534 2300 De
550 2276 652 2300 Chabot
667 2276 721 2300 vid.
734 2278 863 2305 Auctar„
876 2277 894 2301 l.
911 2285 944 2305 c.‚
960 2285 988 2307 p.
1000 2276 1055 2305 633,
1072 2279 1125 2299 not.
1141 2277 1164 2298 2.
1175 2289 1206 2293 ——
1218 2275 1242 2300 2.
1257 2276 1326 2307 Mag.
1342 2276 1406 2299 Nov.
1418 2276 1456 2298 24.
1468 2289 1496 2292 ——-
1511 2274 1534 2299 3.
1550 2275 1619 2306 Mag.
1634 2275 1706 2298 Junii
1722 2276 1759 2298 27.
1775 2276 1806 2298 Et
1818 2275 1875 2298 ideo
1891 2276 1978 2298 Martii
1991 2276 2020 2299 24
2035 2276 2121 2299 adhuc

259 2321 285 2345 in
301 2324 428 2345 rectorem
443 2321 506 2352 eligi
522 2321 608 2352 potuit
623 2329 707 2352 usque
722 2322 781 2345 Jun.
797 2322 836 2344 23.
852 2321 910 2344 Vid.
926 2322 1054 2349 Auctar„
1069 2321 1101 2351 ll,
1118 2321 1173 2349 649,
1190 2321 1227 2343 20.
1242 2334 1270 2337 -
1288 2320 1313 2345 4.
1331 2330 1343 2342 ι(
1358 2320 1577 2351 Εοοίῑπέερῡιῆῡε
1598 2323 1623 2342 et
1646 2320 1810 2343 doctoratum
1832 2328 1874 2345 an,
1891 2321 1960 2346 1481,
1977 2320 2120 2351 Septemb„

259 2366 352 2390 aetatis
373 2374 436 2389 suae
454 2367 495 2389 78⁰
515 2374 591 2395 anno,
613 2366 778 2397 praesidente
801 2367 882 2389 fratre
902 2374 949 2389 suo
964 2365 1114 2397 [Johunne],
1134 2373 1163 2388 eo
1180 2365 1284 2396 juniore
1300 2375 1321 2388 ».
1344 2365 1381 2388 Ad
1401 2365 1465 2388 haec
1488 2364 1541 2387 vid.
1561 2365 1709 2394 LAUNOIUS,
1726 2365 1874 2389 Navarrae
1895 2371 2026 2395 yymnas.
2047 2365 2120 2394 hist„

258 2420 286 2443 p.
303 2411 358 2434 941.
375 2425 403 2428 —
426 2410 450 2436 5.
467 2411 538 2434 Alias
554 2420 568 2432 a
582 2411 685 2434 Houdin
704 2420 726 2434 ».
743 2411 812 2441 Mag.
829 2411 898 2439 1446,
914 2410 975 2433 Maii
996 2411 1034 2434 18.
1052 2423 1076 2427 -
1100 2409 1124 2435 6.
1144 2411 1212 2441 Mag.
1231 2410 1287 2434 Oct.
1309 2411 1331 2433 3.
1352 2410 1387 2432 De
1407 2409 1489 2432 nobili
1510 2417 1604 2440 genere
1622 2417 1651 2432 ex
1668 2412 1778 2440 utroque
1798 2412 1915 2440 parente,
1931 2418 1974 2432 an.
1996 2410 2057 2433 1450
2073 2410 2123 2433 suit

263 2455 405 2487 inquisitor
416 2455 441 2478 in
457 2463 537 2486 regno
554 2455 687 2484 Franciae,
703 2458 728 2478 et
743 2463 757 2478 a
770 2455 876 2478 Nicolao
893 2455 912 2478 V
927 2455 1002 2486 petit,
1018 2458 1046 2478 ut
1062 2455 1216 2477 beneficium
1227 2455 1333 2485 aliquod
1348 2454 1463 2485 recipere
1475 2454 1567 2485 possit,
1581 2462 1639 2476 cuin
1653 2462 1701 2484 pro
1715 2454 1885 2485 inquisitione
1901 2454 1973 2477 nulla
1989 2454 2121 2485 stipendia

258 2496 355 2519 habeat
369 2496 473 2526 (Suppl.
490 2496 573 2518 Nicol.
591 2496 620 2524 V,
636 2500 665 2518 n⁰
678 2496 732 2523 439,
749 2496 794 2519 fol.
814 2496 862 2525 70).
880 2509 906 2513 —
922 2496 1020 2518 lterum
1038 2503 1080 2518 an.
1095 2495 1152 2518 1471
1172 2498 1199 2518 ut
1214 2495 1354 2526 inquisitor
1374 2494 1399 2517 in
1414 2497 1466 2517 toto
1483 2502 1563 2524 regno
1586 2494 1710 2517 Franciue
1730 2494 1838 2517 affertur
1858 2494 1935 2523 (Bibl.
1952 2497 2005 2518 nat.
2026 2495 2121 2525 Puris„

259 2549 308 2564 ms.
324 2541 370 2564 lat.
386 2541 470 2567 12390,
489 2540 532 2563 sol.
549 2540 600 2569 88¹³,
617 2540 662 2563 ubi
678 2550 690 2561 «
706 2541 739 2563 Le
755 2540 830 2564 Cozic
844 2542 877 2570 υ).
892 2553 918 2557 --
933 2539 956 2564 Ί.
975 2540 1044 2570 Mag.
1057 2540 1117 2564 Jun.
1135 2541 1173 2563 23.
1190 2541 1236 2562 An.
1254 2540 1313 2562 1438
1334 2542 1443 2561 vocatur
1459 2547 1470 2561 (t
1488 2538 1615 2569 vlilssing
1629 2548 1651 2561 n.
1665 2553 1695 2556 —
1710 2539 1734 2563 8.
1752 2539 1820 2570 Mag.
1837 2539 1897 2562 Jun.
1914 2539 1953 2562 22.
1967 2553 1996 2556 -
2011 2538 2035 2564 9.
2050 2540 2119 2570 Mag.

259 2585 350 2609 octob.
367 2586 404 2608 24.
415 2598 446 2603 -
461 2585 502 2610 10.
520 2594 530 2608 «
545 2585 591 2608 Vel
605 2585 738 2608 Johnnnes
751 2593 772 2608 n.
788 2585 857 2616 Mag.
874 2593 915 2608 an.
933 2585 1002 2615 1447,
1018 2584 1110 2608 Octoh.
1128 2585 1165 2607 16.
1181 2583 1261 2608 -11,
1274 2584 1343 2614 Mag.
1358 2584 1426 2612 1446,
1439 2584 1502 2606 Nov.
1518 2583 1555 2606 10.
1567 2597 1598 2600 —
1611 2583 1652 2608 12.
1665 2584 1732 2614 Mag.
1748 2584 1816 2613 1447,
1828 2584 1888 2606 Jun.
1904 2584 1942 2607 12.
1956 2597 1986 2601 —-
1998 2583 2038 2608 13.
2050 2585 2121 2615 Mug-

259 2630 328 2659 1447,
343 2630 435 2654 octob.
452 2630 491 2654 16.
508 2643 539 2647 —
551 2629 593 2655 14.
609 2630 644 2653 De
659 2637 689 2652 eo
704 2638 755 2652 non
770 2630 850 2652 Semel
864 2629 996 2653 Germ-dus
1011 2629 1121 2652 Macheti
1137 2629 1162 2652 in
1176 2629 1230 2651 suis
1244 2628 1373 2659 epistolis.

382 2954 445 2971 *w*
463 2951 560 2975 Chart.
581 2950 660 2975 Univ.
679 2950 772 2975 Paris.
791 2950 831 2973 iv.
1969 2950 1998 2972 34
