<?xml version="1.0" encoding="UTF-8"?>
<!DOCTYPE html PUBLIC "-//W3C//DTD XHTML 1.0 Transitional//EN"
    "http://www.w3.org/TR/xhtml1/DTD/xhtml1-transitional.dtd">
<html xmlns="http://www.w3.org/1999/xhtml" xml:lang="en" lang="en">
 <head>
  <title>
</title>
<meta http-equiv="Content-Type" content="text/html;charset=utf-8" />
  <meta name='ocr-system' content='tesseract 3.04.00' />
  <meta name='ocr-capabilities' content='ocr_page ocr_carea ocr_par ocr_line ocrx_word'/>
</head>
<body>
  <div class='ocr_page' id='page_1' title='image "./chartulariumuniv04univuoft_0666.png"; bbox 0 0 2502 3418; ppageno 0'>
   <div class='ocr_carea' id='block_1_1' title="bbox 383 327 2251 375">
    <p class='ocr_par' dir='ltr' id='par_1_1' title="bbox 383 327 2251 375">
     <span class='ocr_line' id='line_1_1' title="bbox 383 327 2251 375; baseline 0.006 -12"><span class='ocrx_word' id='word_1_1' title='bbox 383 327 447 363; x_wconf 86' lang='grc'>622</span> <span class='ocrx_word' id='word_1_2' title='bbox 961 342 1285 369; x_wconf 62' lang='lat' dir='ltr'>cnfflrnmmnm</span> <span class='ocrx_word' id='word_1_3' title='bbox 1321 344 1512 370; x_wconf 61' lang='lat' dir='ltr'>vaurms,</span> <span class='ocrx_word' id='word_1_4' title='bbox 1550 348 1680 371; x_wconf 70' lang='lat' dir='ltr'>mnis.</span> <span class='ocrx_word' id='word_1_5' title='bbox 2152 334 2251 375; x_wconf 80' lang='lat'>[1442</span> 
     </span>
    </p>
   </div>
   <div class='ocr_carea' id='block_1_2' title="bbox 383 463 2215 517">
    <p class='ocr_par' dir='ltr' id='par_1_2' title="bbox 383 463 2215 517">
     <span class='ocr_line' id='line_1_2' title="bbox 383 463 2215 517; baseline 0.005 -19"><span class='ocrx_word' id='word_1_6' title='bbox 383 463 528 500; x_wconf 82' lang='lat'>2555.</span> <span class='ocrx_word' id='word_1_7' title='bbox 554 473 689 499; x_wconf 77' lang='lat' dir='ltr'>Facultas</span> <span class='ocrx_word' id='word_1_8' title='bbox 704 474 890 509; x_wconf 79' lang='lat' dir='ltr'>decretorum,</span> <span class='ocrx_word' id='word_1_9' title='bbox 906 479 1021 511; x_wconf 80' lang='lat' dir='ltr'>petente</span> <span class='ocrx_word' id='word_1_10' title='bbox 1036 480 1152 510; x_wconf 81' lang='lat' dir='ltr'>rectore,</span> <span class='ocrx_word' id='word_1_11' title='bbox 1169 479 1283 503; x_wconf 81' lang='lat' dir='ltr'>Petrum</span> <span class='ocrx_word' id='word_1_12' title='bbox 1299 478 1334 504; x_wconf 89' lang='lat' dir='ltr'>de</span> <span class='ocrx_word' id='word_1_13' title='bbox 1347 479 1442 503; x_wconf 84' lang='lat' dir='ltr'>Brena</span> <span class='ocrx_word' id='word_1_14' title='bbox 1455 478 1580 504; x_wconf 75' lang='lat' dir='ltr'>Iohanni</span> <span class='ocrx_word' id='word_1_15' title='bbox 1596 479 1783 505; x_wconf 79' lang='lat' dir='ltr'>Painetchair</span> <span class='ocrx_word' id='word_1_16' title='bbox 1798 479 1838 505; x_wconf 85' lang='lat' dir='ltr'>ad</span> <span class='ocrx_word' id='word_1_17' title='bbox 1851 488 1944 514; x_wconf 75' lang='lat' dir='ltr'>regem</span> <span class='ocrx_word' id='word_1_18' title='bbox 1959 480 2054 515; x_wconf 78' lang='lat' dir='ltr'>legato</span> <span class='ocrx_word' id='word_1_19' title='bbox 2070 481 2215 517; x_wconf 74' lang='lat' dir='ltr'>adjungit.</span> 
     </span>
    </p>
   </div>
   <div class='ocr_carea' id='block_1_3' title="bbox 1592 557 1967 588">
    <p class='ocr_par' dir='ltr' id='par_1_3' title="bbox 1592 557 1967 588">
     <span class='ocr_line' id='line_1_3' title="bbox 1592 557 1967 588; baseline 0.003 -5"><span class='ocrx_word' id='word_1_20' title='bbox 1592 557 1667 587; x_wconf 87' lang='grc'><strong><em>1442,</em></strong></span> <span class='ocrx_word' id='word_1_21' title='bbox 1681 559 1799 585; x_wconf 71' lang='lat' dir='ltr'>danum-ii</span> <span class='ocrx_word' id='word_1_22' title='bbox 1811 558 1835 588; x_wconf 84' lang='lat'>4,</span> <span class='ocrx_word' id='word_1_23' title='bbox 1851 559 1967 585; x_wconf 74' lang='lat' dir='ltr'>Parisiis.</span> 
     </span>
    </p>
   </div>
   <div class='ocr_carea' id='block_1_4' title="bbox 383 640 2255 1431">
    <p class='ocr_par' dir='ltr' id='par_1_4' title="bbox 471 640 2253 689">
     <span class='ocr_line' id='line_1_4' title="bbox 471 640 2253 689; baseline 0.004 -17"><span class='ocrx_word' id='word_1_24' title='bbox 471 640 571 673; x_wconf 86' lang='lat' dir='ltr'>Jovis</span> <span class='ocrx_word' id='word_1_25' title='bbox 591 642 611 673; x_wconf 88' lang='grc'><strong><em>4</em></strong></span> <span class='ocrx_word' id='word_1_26' title='bbox 626 641 786 674; x_wconf 89' lang='lat' dir='ltr'>Januarii</span> <span class='ocrx_word' id='word_1_27' title='bbox 807 641 844 674; x_wconf 91' lang='lat' dir='ltr'>in</span> <span class='ocrx_word' id='word_1_28' title='bbox 865 642 977 674; x_wconf 84' lang='lat' dir='ltr'>missa</span> <span class='ocrx_word' id='word_1_29' title='bbox 996 643 1175 675; x_wconf 76' lang='lat' dir='ltr'>facultatis</span> <span class='ocrx_word' id='word_1_30' title='bbox 1196 644 1297 676; x_wconf 85' lang='lat' dir='ltr'>venit</span> <span class='ocrx_word' id='word_1_31' title='bbox 1324 656 1417 689; x_wconf 85' lang='lat' dir='ltr'>mag.</span> <span class='ocrx_word' id='word_1_32' title='bbox 1439 644 1520 677; x_wconf 90' lang='lat' dir='ltr'>Joh.</span> <span class='ocrx_word' id='word_1_33' title='bbox 1544 646 1774 687; x_wconf 88' lang='lat' dir='ltr'>Painetchar,</span> <span class='ocrx_word' id='word_1_34' title='bbox 1802 646 2004 680; x_wconf 89' lang='lat' dir='ltr'>bacalarius</span> <span class='ocrx_word' id='word_1_35' title='bbox 2023 647 2199 680; x_wconf 88' lang='lat' dir='ltr'>formatus</span> <span class='ocrx_word' id='word_1_36' title='bbox 2215 647 2253 680; x_wconf 93' lang='lat' dir='ltr'>in</span> 
     </span>
    </p>

    <p class='ocr_par' dir='ltr' id='par_1_5' title="bbox 384 706 2252 770">
     <span class='ocr_line' id='line_1_5' title="bbox 384 706 2252 753; baseline 0.004 -14"><span class='ocrx_word' id='word_1_37' title='bbox 384 706 579 752; x_wconf 78' lang='lat' dir='ltr'>theologia,</span> <span class='ocrx_word' id='word_1_38' title='bbox 603 707 646 740; x_wconf 89' lang='lat' dir='ltr'>ad</span> <span class='ocrx_word' id='word_1_39' title='bbox 667 708 871 741; x_wconf 76' lang='lat' dir='ltr'>facultatem</span> <span class='ocrx_word' id='word_1_40' title='bbox 890 721 933 741; x_wconf 88' lang='lat' dir='ltr'>ex</span> <span class='ocrx_word' id='word_1_41' title='bbox 950 715 1049 753; x_wconf 91' lang='lat' dir='ltr'>parte</span> <span class='ocrx_word' id='word_1_42' title='bbox 1071 710 1259 751; x_wconf 83' lang='lat' dir='ltr'>rectoris¹,</span> <span class='ocrx_word' id='word_1_43' title='bbox 1282 717 1320 743; x_wconf 90' lang='lat' dir='ltr'>ut</span> <span class='ocrx_word' id='word_1_44' title='bbox 1341 711 1497 753; x_wconf 89' lang='lat' dir='ltr'>dicebat,</span> <span class='ocrx_word' id='word_1_45' title='bbox 1520 713 1700 746; x_wconf 88' lang='lat' dir='ltr'>narrando</span> <span class='ocrx_word' id='word_1_46' title='bbox 1718 713 1973 747; x_wconf 86' lang='lat' dir='ltr'>necessitatem</span> <span class='ocrx_word' id='word_1_47' title='bbox 1993 711 2252 748; x_wconf 57' lang='lat' dir='ltr'>&#39;Universitatis</span> 
     </span>
     <span class='ocr_line' id='line_1_6' title="bbox 1963 760 1978 770; baseline 0.067 -1"><span class='ocrx_word' id='word_1_48' title='bbox 1963 760 1978 770; x_wconf 78' lang='grc'>,</span> 
     </span>
    </p>

    <p class='ocr_par' dir='ltr' id='par_1_6' title="bbox 383 774 2255 1431">
     <span class='ocr_line' id='line_1_7' title="bbox 383 774 2253 824; baseline 0.005 -18"><span class='ocrx_word' id='word_1_49' title='bbox 383 774 427 806; x_wconf 88' lang='lat' dir='ltr'>ad</span> <span class='ocrx_word' id='word_1_50' title='bbox 448 774 662 807; x_wconf 87' lang='lat' dir='ltr'>mittendum</span> <span class='ocrx_word' id='word_1_51' title='bbox 684 775 728 807; x_wconf 93' lang='lat' dir='ltr'>ad</span> <span class='ocrx_word' id='word_1_52' title='bbox 749 787 871 820; x_wconf 82' lang='lat' dir='ltr'>regem</span> <span class='ocrx_word' id='word_1_53' title='bbox 895 788 959 820; x_wconf 89' lang='lat' dir='ltr'>pro</span> <span class='ocrx_word' id='word_1_54' title='bbox 982 777 1128 809; x_wconf 89' lang='lat' dir='ltr'>materia</span> <span class='ocrx_word' id='word_1_55' title='bbox 1146 789 1211 821; x_wconf 91' lang='lat' dir='ltr'>pro</span> <span class='ocrx_word' id='word_1_56' title='bbox 1233 789 1329 810; x_wconf 88' lang='lat' dir='ltr'>nunc</span> <span class='ocrx_word' id='word_1_57' title='bbox 1353 779 1554 811; x_wconf 81' lang='lat' dir='ltr'>currente².</span> <span class='ocrx_word' id='word_1_58' title='bbox 1584 779 1779 824; x_wconf 88' lang='lat' dir='ltr'>Subjunxit</span> <span class='ocrx_word' id='word_1_59' title='bbox 1798 781 1979 814; x_wconf 90' lang='lat' dir='ltr'>modicum</span> <span class='ocrx_word' id='word_1_60' title='bbox 2003 792 2084 814; x_wconf 88' lang='lat' dir='ltr'>esse</span> <span class='ocrx_word' id='word_1_61' title='bbox 2106 781 2150 814; x_wconf 90' lang='lat' dir='ltr'>de</span> <span class='ocrx_word' id='word_1_62' title='bbox 2181 794 2253 814; x_wconf 91' lang='lat' dir='ltr'>uno</span> 
     </span>
     <span class='ocr_line' id='line_1_8' title="bbox 384 840 2251 892; baseline 0.005 -19"><span class='ocrx_word' id='word_1_63' title='bbox 384 840 464 874; x_wconf 92' lang='lat' dir='ltr'>solo</span> <span class='ocrx_word' id='word_1_64' title='bbox 485 841 740 883; x_wconf 85' lang='lat' dir='ltr'>ambaxiatore,</span> <span class='ocrx_word' id='word_1_65' title='bbox 764 854 843 874; x_wconf 90' lang='lat' dir='ltr'>cum</span> <span class='ocrx_word' id='word_1_66' title='bbox 867 842 1000 875; x_wconf 89' lang='lat' dir='ltr'>dicitur</span> <span class='ocrx_word' id='word_1_67' title='bbox 1021 854 1028 875; x_wconf 78' lang='lat' dir='ltr'><em>z</em></span> <span class='ocrx_word' id='word_1_68' title='bbox 1048 857 1064 874; x_wconf 85' lang='lat'>«</span> <span class='ocrx_word' id='word_1_69' title='bbox 1082 845 1135 876; x_wconf 92' lang='lat' dir='ltr'>Ve</span> <span class='ocrx_word' id='word_1_70' title='bbox 1156 843 1226 876; x_wconf 89' lang='lat' dir='ltr'>soli</span> <span class='ocrx_word' id='word_1_71' title='bbox 1244 845 1294 876; x_wconf 81' lang='lat'>»³.</span> <span class='ocrx_word' id='word_1_72' title='bbox 1318 844 1458 877; x_wconf 82' lang='lat' dir='ltr'>Idcirco</span> <span class='ocrx_word' id='word_1_73' title='bbox 1476 845 1595 879; x_wconf 91' lang='lat' dir='ltr'>dictus</span> <span class='ocrx_word' id='word_1_74' title='bbox 1611 853 1730 879; x_wconf 88' lang='lat' dir='ltr'>rector</span> <span class='ocrx_word' id='word_1_75' title='bbox 1746 847 1963 892; x_wconf 84' lang='lat' dir='ltr'>supplicavit</span> <span class='ocrx_word' id='word_1_76' title='bbox 1979 848 2139 881; x_wconf 84' lang='lat' dir='ltr'>facultati</span> <span class='ocrx_word' id='word_1_77' title='bbox 2156 848 2251 882; x_wconf 89' lang='lat' dir='ltr'>duo:</span> 
     </span>
     <span class='ocr_line' id='line_1_9' title="bbox 384 908 2252 958; baseline 0.005 -19"><span class='ocrx_word' id='word_1_78' title='bbox 384 908 537 952; x_wconf 90' lang='lat' dir='ltr'>primum</span> <span class='ocrx_word' id='word_1_79' title='bbox 561 915 637 941; x_wconf 90' lang='lat' dir='ltr'>erat</span> <span class='ocrx_word' id='word_1_80' title='bbox 657 921 699 941; x_wconf 89' lang='lat' dir='ltr'>ex</span> <span class='ocrx_word' id='word_1_81' title='bbox 720 921 791 953; x_wconf 91' lang='lat' dir='ltr'>quo</span> <span class='ocrx_word' id='word_1_82' title='bbox 812 909 962 942; x_wconf 79' lang='lat' dir='ltr'>facultas</span> <span class='ocrx_word' id='word_1_83' title='bbox 983 909 1071 942; x_wconf 84' lang='lat' dir='ltr'>alias</span> <span class='ocrx_word' id='word_1_84' title='bbox 1087 911 1337 944; x_wconf 81' lang='lat' dir='ltr'>nominaverat</span> <span class='ocrx_word' id='word_1_85' title='bbox 1352 924 1391 944; x_wconf 90' lang='lat' dir='ltr'>ac</span> <span class='ocrx_word' id='word_1_86' title='bbox 1408 911 1570 958; x_wconf 81' lang='lat' dir='ltr'>elegerat</span> <span class='ocrx_word' id='word_1_87' title='bbox 1587 926 1680 958; x_wconf 86' lang='lat' dir='ltr'>mag.</span> <span class='ocrx_word' id='word_1_88' title='bbox 1699 915 1843 947; x_wconf 84' lang='lat' dir='ltr'>Petrum</span> <span class='ocrx_word' id='word_1_89' title='bbox 1860 914 1905 947; x_wconf 92' lang='lat' dir='ltr'>de</span> <span class='ocrx_word' id='word_1_90' title='bbox 1921 915 2039 948; x_wconf 86' lang='lat' dir='ltr'>Brena</span> <span class='ocrx_word' id='word_1_91' title='bbox 2053 915 2252 957; x_wconf 82' lang='lat' dir='ltr'>doctorem,</span> 
     </span>
     <span class='ocr_line' id='line_1_10' title="bbox 384 975 2253 1027; baseline 0.004 -20"><span class='ocrx_word' id='word_1_92' title='bbox 384 975 544 1019; x_wconf 75' lang='lat' dir='ltr'>placeret</span> <span class='ocrx_word' id='word_1_93' title='bbox 563 975 722 1008; x_wconf 81' lang='lat' dir='ltr'>facultati</span> <span class='ocrx_word' id='word_1_94' title='bbox 744 976 898 1009; x_wconf 88' lang='lat' dir='ltr'>eundem</span> <span class='ocrx_word' id='word_1_95' title='bbox 928 977 971 1009; x_wconf 90' lang='lat' dir='ltr'>ad</span> <span class='ocrx_word' id='word_1_96' title='bbox 1000 977 1197 1021; x_wconf 84' lang='lat' dir='ltr'>predictam</span> <span class='ocrx_word' id='word_1_97' title='bbox 1229 978 1463 1012; x_wconf 84' lang='lat' dir='ltr'>ambaxiatam</span> <span class='ocrx_word' id='word_1_98' title='bbox 1491 979 1693 1022; x_wconf 76' lang='lat' dir='ltr'>destinare3</span> <span class='ocrx_word' id='word_1_99' title='bbox 1724 981 1888 1014; x_wconf 89' lang='lat' dir='ltr'>secundo</span> <span class='ocrx_word' id='word_1_100' title='bbox 1915 989 2095 1027; x_wconf 84' lang='lat' dir='ltr'>quatenus</span> <span class='ocrx_word' id='word_1_101' title='bbox 2121 983 2253 1017; x_wconf 88' lang='lat' dir='ltr'>intuitu</span> 
     </span>
     <span class='ocr_line' id='line_1_11' title="bbox 384 1042 2255 1094; baseline 0.005 -20"><span class='ocrx_word' id='word_1_102' title='bbox 384 1043 537 1075; x_wconf 88' lang='lat' dir='ltr'>rectoris</span> <span class='ocrx_word' id='word_1_103' title='bbox 555 1049 590 1075; x_wconf 89' lang='lat' dir='ltr'>et</span> <span class='ocrx_word' id='word_1_104' title='bbox 606 1042 804 1076; x_wconf 88' lang='lat' dir='ltr'>ambaxiate</span> <span class='ocrx_word' id='word_1_105' title='bbox 825 1043 976 1076; x_wconf 84' lang='lat' dir='ltr'>facultas</span> <span class='ocrx_word' id='word_1_106' title='bbox 1003 1051 1189 1088; x_wconf 86' lang='lat' dir='ltr'>reputaret</span> <span class='ocrx_word' id='word_1_107' title='bbox 1209 1045 1326 1090; x_wconf 87' lang='lat' dir='ltr'>ipsum</span> <span class='ocrx_word' id='word_1_108' title='bbox 1358 1058 1453 1091; x_wconf 82' lang='lat' dir='ltr'>mag.</span> <span class='ocrx_word' id='word_1_109' title='bbox 1475 1048 1620 1080; x_wconf 89' lang='lat' dir='ltr'>Petrum</span> <span class='ocrx_word' id='word_1_110' title='bbox 1643 1055 1849 1093; x_wconf 79' lang='lat' dir='ltr'>presentem</span> <span class='ocrx_word' id='word_1_111' title='bbox 1877 1049 1997 1094; x_wconf 88' lang='lat' dir='ltr'>quoad</span> <span class='ocrx_word' id='word_1_112' title='bbox 2018 1050 2137 1084; x_wconf 84' lang='lat' dir='ltr'>onmia</span> <span class='ocrx_word' id='word_1_113' title='bbox 2157 1062 2255 1083; x_wconf 90' lang='lat' dir='ltr'>emo-</span> 
     </span>
     <span class='ocr_line' id='line_1_12' title="bbox 384 1108 2254 1163; baseline 0.005 -22"><span class='ocrx_word' id='word_1_114' title='bbox 384 1108 541 1142; x_wconf 88' lang='lat' dir='ltr'>lumenta</span> <span class='ocrx_word' id='word_1_115' title='bbox 581 1110 744 1154; x_wconf 88' lang='lat' dir='ltr'>ejusdem</span> <span class='ocrx_word' id='word_1_116' title='bbox 773 1110 966 1152; x_wconf 85' lang='lat' dir='ltr'>facultatis,</span> <span class='ocrx_word' id='word_1_117' title='bbox 999 1123 1069 1156; x_wconf 90' lang='lat' dir='ltr'>que</span> <span class='ocrx_word' id='word_1_118' title='bbox 1104 1112 1311 1157; x_wconf 87' lang='lat' dir='ltr'>perciperet</span> <span class='ocrx_word' id='word_1_119' title='bbox 1343 1114 1372 1146; x_wconf 90' lang='lat' dir='ltr'>si</span> <span class='ocrx_word' id='word_1_120' title='bbox 1400 1121 1498 1147; x_wconf 89' lang='lat' dir='ltr'>esset</span> <span class='ocrx_word' id='word_1_121' title='bbox 1525 1115 1713 1148; x_wconf 83' lang='lat' dir='ltr'>actualiter</span> <span class='ocrx_word' id='word_1_122' title='bbox 1739 1127 1893 1161; x_wconf 88' lang='lat' dir='ltr'>presens</span> <span class='ocrx_word' id='word_1_123' title='bbox 1918 1129 1957 1149; x_wconf 86' lang='lat' dir='ltr'>ac</span> <span class='ocrx_word' id='word_1_124' title='bbox 1992 1128 2139 1163; x_wconf 86' lang='lat' dir='ltr'>regens.</span> <span class='ocrx_word' id='word_1_125' title='bbox 2176 1118 2254 1160; x_wconf 88' lang='lat' dir='ltr'>Que</span> 
     </span>
     <span class='ocr_line' id='line_1_13' title="bbox 385 1176 2254 1230; baseline 0.005 -22"><span class='ocrx_word' id='word_1_126' title='bbox 385 1176 670 1221; x_wconf 84' lang='lat' dir='ltr'>supplicationes</span> <span class='ocrx_word' id='word_1_127' title='bbox 691 1184 793 1210; x_wconf 90' lang='lat' dir='ltr'>erant</span> <span class='ocrx_word' id='word_1_128' title='bbox 812 1190 990 1211; x_wconf 85' lang='lat' dir='ltr'>concesse</span> <span class='ocrx_word' id='word_1_129' title='bbox 1011 1179 1048 1211; x_wconf 93' lang='lat' dir='ltr'>in</span> <span class='ocrx_word' id='word_1_130' title='bbox 1074 1180 1201 1221; x_wconf 87' lang='lat' dir='ltr'>forma,</span> <span class='ocrx_word' id='word_1_131' title='bbox 1226 1187 1260 1213; x_wconf 89' lang='lat' dir='ltr'>et</span> <span class='ocrx_word' id='word_1_132' title='bbox 1287 1181 1530 1226; x_wconf 85' lang='lat' dir='ltr'>responsione</span> <span class='ocrx_word' id='word_1_133' title='bbox 1557 1182 1636 1215; x_wconf 90' lang='lat' dir='ltr'>data</span> <span class='ocrx_word' id='word_1_134' title='bbox 1658 1195 1751 1227; x_wconf 82' lang='lat' dir='ltr'>mag.</span> <span class='ocrx_word' id='word_1_135' title='bbox 1776 1183 1932 1216; x_wconf 88' lang='lat' dir='ltr'>Johanni</span> <span class='ocrx_word' id='word_1_136' title='bbox 1958 1185 2254 1230; x_wconf 87' lang='lat' dir='ltr'>supranominato</span> 
     </span>
     <span class='ocr_line' id='line_1_14' title="bbox 384 1244 2254 1296; baseline 0.005 -21"><span class='ocrx_word' id='word_1_137' title='bbox 384 1244 606 1288; x_wconf 84' lang='lat' dir='ltr'>specificavit</span> <span class='ocrx_word' id='word_1_138' title='bbox 627 1245 929 1290; x_wconf 86' lang='lat' dir='ltr'>supplicationem</span> <span class='ocrx_word' id='word_1_139' title='bbox 953 1247 1163 1288; x_wconf 89' lang='lat' dir='ltr'>secundam,</span> <span class='ocrx_word' id='word_1_140' title='bbox 1189 1248 1346 1292; x_wconf 90' lang='lat' dir='ltr'>petendo</span> <span class='ocrx_word' id='word_1_141' title='bbox 1369 1249 1489 1282; x_wconf 87' lang='lat' dir='ltr'>omnia</span> <span class='ocrx_word' id='word_1_142' title='bbox 1511 1256 1546 1282; x_wconf 92' lang='lat' dir='ltr'>et</span> <span class='ocrx_word' id='word_1_143' title='bbox 1566 1249 1710 1294; x_wconf 83' lang='lat' dir='ltr'>singula</span> <span class='ocrx_word' id='word_1_144' title='bbox 1732 1250 1977 1285; x_wconf 84' lang='lat' dir='ltr'>emolumenta</span> <span class='ocrx_word' id='word_1_145' title='bbox 1998 1252 2254 1296; x_wconf 90' lang='lat' dir='ltr'>proveniencia</span> 
     </span>
     <span class='ocr_line' id='line_1_15' title="bbox 383 1311 2255 1360; baseline 0.005 -17"><span class='ocrx_word' id='word_1_146' title='bbox 383 1323 426 1343; x_wconf 85' lang='lat' dir='ltr'>ex</span> <span class='ocrx_word' id='word_1_147' title='bbox 446 1311 565 1344; x_wconf 87' lang='lat' dir='ltr'>sutura</span> <span class='ocrx_word' id='word_1_148' title='bbox 586 1311 751 1345; x_wconf 59' lang='lat' dir='ltr'>licentia*</span> <span class='ocrx_word' id='word_1_149' title='bbox 773 1312 844 1345; x_wconf 89' lang='lat' dir='ltr'>sibi</span> <span class='ocrx_word' id='word_1_150' title='bbox 865 1314 1071 1358; x_wconf 89' lang='lat' dir='ltr'>preservari</span> <span class='ocrx_word' id='word_1_151' title='bbox 1092 1326 1131 1347; x_wconf 94' lang='lat' dir='ltr'>ac</span> <span class='ocrx_word' id='word_1_152' title='bbox 1153 1314 1325 1348; x_wconf 87' lang='lat' dir='ltr'>distribui</span> <span class='ocrx_word' id='word_1_153' title='bbox 1347 1323 1455 1360; x_wconf 84' lang='lat' dir='ltr'>prout</span> <span class='ocrx_word' id='word_1_154' title='bbox 1470 1316 1574 1350; x_wconf 88' lang='lat' dir='ltr'>fieret</span> <span class='ocrx_word' id='word_1_155' title='bbox 1589 1317 1670 1350; x_wconf 85' lang='lat' dir='ltr'>aliis</span> <span class='ocrx_word' id='word_1_156' title='bbox 1685 1317 1912 1352; x_wconf 86' lang='lat' dir='ltr'>doctoribus.</span> <span class='ocrx_word' id='word_1_157' title='bbox 1934 1318 2128 1352; x_wconf 79' lang='lat' dir='ltr'>Conclusit</span> <span class='ocrx_word' id='word_1_158' title='bbox 2146 1319 2255 1353; x_wconf 88' lang='lat' dir='ltr'>facul-</span> 
     </span>
     <span class='ocr_line' id='line_1_16' title="bbox 386 1377 2255 1431; baseline 0.005 -21"><span class='ocrx_word' id='word_1_159' title='bbox 386 1385 450 1419; x_wconf 86' lang='lat' dir='ltr'>tas,</span> <span class='ocrx_word' id='word_1_160' title='bbox 472 1377 591 1411; x_wconf 87' lang='lat' dir='ltr'>habita</span> <span class='ocrx_word' id='word_1_161' title='bbox 612 1379 648 1411; x_wconf 92' lang='lat' dir='ltr'>in</span> <span class='ocrx_word' id='word_1_162' title='bbox 665 1380 745 1424; x_wconf 89' lang='lat' dir='ltr'>ejus</span> <span class='ocrx_word' id='word_1_163' title='bbox 766 1379 931 1413; x_wconf 90' lang='lat' dir='ltr'>absentia</span> <span class='ocrx_word' id='word_1_164' title='bbox 947 1388 1082 1414; x_wconf 87' lang='lat' dir='ltr'>matura</span> <span class='ocrx_word' id='word_1_165' title='bbox 1106 1381 1385 1425; x_wconf 85' lang='lat' dir='ltr'>deliberatione,</span> <span class='ocrx_word' id='word_1_166' title='bbox 1408 1384 1505 1428; x_wconf 89' lang='lat' dir='ltr'>quod</span> <span class='ocrx_word' id='word_1_167' title='bbox 1522 1383 1667 1417; x_wconf 85' lang='lat' dir='ltr'>volebat</span> <span class='ocrx_word' id='word_1_168' title='bbox 1683 1396 1829 1418; x_wconf 87' lang='lat' dir='ltr'>servare</span> <span class='ocrx_word' id='word_1_169' title='bbox 1851 1391 1982 1419; x_wconf 86' lang='lat' dir='ltr'>statuta</span> <span class='ocrx_word' id='word_1_170' title='bbox 2003 1397 2115 1431; x_wconf 90' lang='lat' dir='ltr'>super</span> <span class='ocrx_word' id='word_1_171' title='bbox 2131 1386 2255 1420; x_wconf 90' lang='lat' dir='ltr'>distri-</span> 
     </span>
    </p>
   </div>
   <div class='ocr_carea' id='block_1_5' title="bbox 383 1445 2256 1498">
    <p class='ocr_par' dir='ltr' id='par_1_7' title="bbox 383 1445 2256 1498">
     <span class='ocr_line' id='line_1_17' title="bbox 383 1445 2256 1498; baseline 0.005 -21"><span class='ocrx_word' id='word_1_172' title='bbox 383 1445 534 1478; x_wconf 83' lang='lat' dir='ltr'>butione</span> <span class='ocrx_word' id='word_1_173' title='bbox 561 1446 891 1480; x_wconf 90' lang='lat' dir='ltr'>emolumentorum</span> <span class='ocrx_word' id='word_1_174' title='bbox 914 1447 1067 1481; x_wconf 83' lang='lat' dir='ltr'>licencie</span> <span class='ocrx_word' id='word_1_175' title='bbox 1098 1449 1205 1491; x_wconf 88' lang='lat' dir='ltr'>edita,</span> <span class='ocrx_word' id='word_1_176' title='bbox 1231 1457 1339 1494; x_wconf 86' lang='lat' dir='ltr'>prout</span> <span class='ocrx_word' id='word_1_177' title='bbox 1368 1450 1456 1484; x_wconf 89' lang='lat' dir='ltr'>alias</span> <span class='ocrx_word' id='word_1_178' title='bbox 1482 1451 1748 1485; x_wconf 86' lang='lat' dir='ltr'>deliberaverat</span> <span class='ocrx_word' id='word_1_179' title='bbox 1779 1452 1925 1498; x_wconf 89' lang='lat' dir='ltr'>quando</span> <span class='ocrx_word' id='word_1_180' title='bbox 1955 1453 2050 1486; x_wconf 85' lang='lat' dir='ltr'>idem</span> <span class='ocrx_word' id='word_1_181' title='bbox 2082 1454 2256 1498; x_wconf 86' lang='lat' dir='ltr'>magister</span> 
     </span>
    </p>
   </div>
   <div class='ocr_carea' id='block_1_6' title="bbox 385 1513 1227 1560">
    <p class='ocr_par' dir='ltr' id='par_1_8' title="bbox 385 1513 1227 1560">
     <span class='ocr_line' id='line_1_18' title="bbox 385 1513 1227 1560; baseline 0.006 -15"><span class='ocrx_word' id='word_1_182' title='bbox 385 1513 622 1547; x_wconf 80' lang='lat' dir='ltr'>effectualiter</span> <span class='ocrx_word' id='word_1_183' title='bbox 642 1514 722 1547; x_wconf 86' lang='lat' dir='ltr'>aliis</span> <span class='ocrx_word' id='word_1_184' title='bbox 740 1515 1008 1560; x_wconf 84' lang='lat' dir='ltr'>supplicaverat</span> <span class='ocrx_word' id='word_1_185' title='bbox 1027 1515 1095 1549; x_wconf 91' lang='lat' dir='ltr'>hoc</span> <span class='ocrx_word' id='word_1_186' title='bbox 1117 1516 1227 1550; x_wconf 90' lang='lat' dir='ltr'>idem.</span> 
     </span>
    </p>
   </div>
   <div class='ocr_carea' id='block_1_7' title="bbox 477 1612 1395 1646">
    <p class='ocr_par' dir='ltr' id='par_1_9' title="bbox 477 1612 1395 1646">
     <span class='ocr_line' id='line_1_19' title="bbox 477 1612 1395 1646; baseline 0.005 -12"><span class='ocrx_word' id='word_1_187' title='bbox 477 1612 585 1635; x_wconf 85' lang='lat' dir='ltr'>Memor.</span> <span class='ocrx_word' id='word_1_188' title='bbox 601 1613 650 1636; x_wconf 83' lang='lat' dir='ltr'>sac.</span> <span class='ocrx_word' id='word_1_189' title='bbox 664 1613 772 1642; x_wconf 78' lang='lat' dir='ltr'>decret.,</span> <span class='ocrx_word' id='word_1_190' title='bbox 790 1613 809 1639; x_wconf 87' lang='grc' dir='ltr'>Ι,</span> <span class='ocrx_word' id='word_1_191' title='bbox 823 1613 867 1638; x_wconf 87' lang='lat' dir='ltr'>sol.</span> <span class='ocrx_word' id='word_1_192' title='bbox 882 1614 938 1637; x_wconf 83' lang='lat'><strong>203.</strong></span> <span class='ocrx_word' id='word_1_193' title='bbox 951 1627 978 1631; x_wconf 83' lang='lat'>—</span> <span class='ocrx_word' id='word_1_194' title='bbox 995 1614 1035 1638; x_wconf 79' lang='lat' dir='ltr'>Cf.</span> <span class='ocrx_word' id='word_1_195' title='bbox 1049 1616 1179 1646; x_wconf 59' lang='lat' dir='ltr'>Auctar„</span> <span class='ocrx_word' id='word_1_196' title='bbox 1194 1615 1226 1643; x_wconf 83' lang='grc' dir='ltr'>ΙΙ,</span> <span class='ocrx_word' id='word_1_197' title='bbox 1242 1624 1270 1646; x_wconf 88' lang='lat' dir='ltr'>p.</span> <span class='ocrx_word' id='word_1_198' title='bbox 1283 1615 1395 1639; x_wconf 76' lang='lat'>531-53‘2.</span> 
     </span>
    </p>
   </div>
   <div class='ocr_carea' id='block_1_8' title="bbox 382 1697 2254 1819">
    <p class='ocr_par' dir='ltr' id='par_1_10' title="bbox 382 1697 2254 1819">
     <span class='ocr_line' id='line_1_20' title="bbox 477 1697 2254 1732; baseline 0.003 -11"><span class='ocrx_word' id='word_1_199' title='bbox 477 1697 501 1721; x_wconf 87' lang='lat'>1.</span> <span class='ocrx_word' id='word_1_200' title='bbox 517 1697 644 1720; x_wconf 78' lang='lat' dir='ltr'>Johunnis</span> <span class='ocrx_word' id='word_1_201' title='bbox 672 1698 775 1721; x_wconf 90' lang='lat' dir='ltr'>Solerii.</span> <span class='ocrx_word' id='word_1_202' title='bbox 799 1711 830 1715; x_wconf 91' lang='lat'><strong>—</strong></span> <span class='ocrx_word' id='word_1_203' title='bbox 852 1697 876 1723; x_wconf 89' lang='lat'>2.</span> <span class='ocrx_word' id='word_1_204' title='bbox 906 1699 924 1723; x_wconf 87' lang='lat' dir='ltr'>l.</span> <span class='ocrx_word' id='word_1_205' title='bbox 950 1707 971 1722; x_wconf 87' lang='lat' dir='ltr'>e.</span> <span class='ocrx_word' id='word_1_206' title='bbox 999 1699 1203 1730; x_wconf 78' lang='lat' dir='ltr'>privilegiorum</span> <span class='ocrx_word' id='word_1_207' title='bbox 1225 1708 1293 1731; x_wconf 82' lang='lat' dir='ltr'>quae</span> <span class='ocrx_word' id='word_1_208' title='bbox 1319 1700 1455 1723; x_wconf 74' lang='lat' dir='ltr'>violabant</span> <span class='ocrx_word' id='word_1_209' title='bbox 1481 1701 1633 1724; x_wconf 76' lang='lat' dir='ltr'>collectores</span> <span class='ocrx_word' id='word_1_210' title='bbox 1656 1701 1852 1732; x_wconf 85' lang='lat' dir='ltr'>impositorum.</span> <span class='ocrx_word' id='word_1_211' title='bbox 1874 1702 1932 1725; x_wconf 82' lang='lat' dir='ltr'>Vid.</span> <span class='ocrx_word' id='word_1_212' title='bbox 1953 1706 1982 1724; x_wconf 91' lang='lat' dir='ltr'>n⁰</span> <span class='ocrx_word' id='word_1_213' title='bbox 1999 1702 2111 1725; x_wconf 77' lang='lat'>2553.—</span> <span class='ocrx_word' id='word_1_214' title='bbox 2126 1702 2151 1728; x_wconf 88' lang='grc'>3.</span> <span class='ocrx_word' id='word_1_215' title='bbox 2166 1703 2254 1727; x_wconf 83' lang='lat' dir='ltr'>Eccle-</span> 
     </span>
     <span class='ocr_line' id='line_1_21' title="bbox 382 1742 2254 1777; baseline 0.003 -12"><span class='ocrx_word' id='word_1_216' title='bbox 382 1742 487 1772; x_wconf 75' lang='lat' dir='ltr'>siastes‚</span> <span class='ocrx_word' id='word_1_217' title='bbox 504 1750 539 1771; x_wconf 75' lang='grc' dir='ltr'>ιν,</span> <span class='ocrx_word' id='word_1_218' title='bbox 556 1742 594 1766; x_wconf 81' lang='lat'>10.</span> <span class='ocrx_word' id='word_1_219' title='bbox 619 1743 694 1765; x_wconf 78' lang='lat' dir='ltr'>Recte</span> <span class='ocrx_word' id='word_1_220' title='bbox 709 1743 870 1773; x_wconf 76' lang='lat' dir='ltr'>cogitabunt.</span> <span class='ocrx_word' id='word_1_221' title='bbox 892 1744 944 1766; x_wconf 83' lang='lat' dir='ltr'>Rex</span> <span class='ocrx_word' id='word_1_222' title='bbox 963 1747 1024 1766; x_wconf 87' lang='lat' dir='ltr'>tunc</span> <span class='ocrx_word' id='word_1_223' title='bbox 1045 1744 1193 1775; x_wconf 79' lang='lat' dir='ltr'>Lesigniaci</span> <span class='ocrx_word' id='word_1_224' title='bbox 1213 1745 1376 1768; x_wconf 77' lang='lat' dir='ltr'>morabatur.</span> <span class='ocrx_word' id='word_1_225' title='bbox 1394 1745 1452 1768; x_wconf 92' lang='lat' dir='ltr'>Vid.</span> <span class='ocrx_word' id='word_1_226' title='bbox 1467 1745 1536 1769; x_wconf 71' lang='lat' dir='ltr'>iusi-a</span> <span class='ocrx_word' id='word_1_227' title='bbox 1549 1750 1578 1769; x_wconf 83' lang='lat' dir='ltr'>n⁰</span> <span class='ocrx_word' id='word_1_228' title='bbox 1593 1747 1654 1769; x_wconf 73' lang='lat'>‘2559</span> <span class='ocrx_word' id='word_1_229' title='bbox 1669 1746 1810 1777; x_wconf 80' lang='lat' dir='ltr'>epistolam</span> <span class='ocrx_word' id='word_1_230' title='bbox 1826 1747 1936 1770; x_wconf 81' lang='lat' dir='ltr'>Germ-di</span> <span class='ocrx_word' id='word_1_231' title='bbox 1954 1747 2065 1770; x_wconf 77' lang='lat' dir='ltr'>Macheti</span> <span class='ocrx_word' id='word_1_232' title='bbox 2079 1748 2112 1771; x_wconf 81' lang='lat' dir='ltr'>ad</span> <span class='ocrx_word' id='word_1_233' title='bbox 2125 1752 2254 1772; x_wconf 81' lang='lat' dir='ltr'>rectorem</span> 
     </span>
     <span class='ocr_line' id='line_1_22' title="bbox 384 1786 1602 1819; baseline 0.004 -10"><span class='ocrx_word' id='word_1_234' title='bbox 384 1786 581 1810; x_wconf 69' lang='lat' dir='ltr'>universitatis.</span> <span class='ocrx_word' id='word_1_235' title='bbox 596 1801 623 1804; x_wconf 98' lang='lat'><strong>—</strong></span> <span class='ocrx_word' id='word_1_236' title='bbox 640 1787 664 1812; x_wconf 71' lang='grc'>4.</span> <span class='ocrx_word' id='word_1_237' title='bbox 680 1788 707 1810; x_wconf 91' lang='lat' dir='ltr'>In</span> <span class='ocrx_word' id='word_1_238' title='bbox 722 1788 866 1819; x_wconf 77' lang='lat' dir='ltr'>theologia,</span> <span class='ocrx_word' id='word_1_239' title='bbox 882 1796 949 1819; x_wconf 83' lang='lat' dir='ltr'>quae</span> <span class='ocrx_word' id='word_1_240' title='bbox 962 1789 1068 1812; x_wconf 83' lang='lat' dir='ltr'>licentia</span> <span class='ocrx_word' id='word_1_241' title='bbox 1081 1789 1143 1812; x_wconf 81' lang='lat' dir='ltr'>duta</span> <span class='ocrx_word' id='word_1_242' title='bbox 1156 1792 1196 1812; x_wconf 81' lang='lat' dir='ltr'>est</span> <span class='ocrx_word' id='word_1_243' title='bbox 1211 1790 1348 1813; x_wconf 83' lang='lat' dir='ltr'>Februarii</span> <span class='ocrx_word' id='word_1_244' title='bbox 1362 1791 1400 1814; x_wconf 81' lang='lat'>22.</span> <span class='ocrx_word' id='word_1_245' title='bbox 1415 1790 1473 1814; x_wconf 84' lang='lat' dir='ltr'>Vid.</span> <span class='ocrx_word' id='word_1_246' title='bbox 1490 1795 1518 1814; x_wconf 77' lang='lat'>11⁰</span> <span class='ocrx_word' id='word_1_247' title='bbox 1531 1791 1602 1815; x_wconf 77' lang='lat'><strong>2558.</strong></span> 
     </span>
    </p>
   </div>
   <div class='ocr_carea' id='block_1_9' title="bbox 385 1974 2254 2069">
    <p class='ocr_par' dir='ltr' id='par_1_11' title="bbox 385 1974 2254 2069">
     <span class='ocr_line' id='line_1_23' title="bbox 385 1974 2254 2021; baseline 0.002 -11"><span class='ocrx_word' id='word_1_248' title='bbox 385 1974 530 2011; x_wconf 80' lang='grc'>2556.</span> <span class='ocrx_word' id='word_1_249' title='bbox 554 1985 656 2010; x_wconf 78' lang='lat' dir='ltr'>Rector</span> <span class='ocrx_word' id='word_1_250' title='bbox 671 1988 698 2010; x_wconf 78' lang='lat' dir='ltr'>et</span> <span class='ocrx_word' id='word_1_251' title='bbox 723 1984 898 2010; x_wconf 71' lang='lat' dir='ltr'>Universitas</span> <span class='ocrx_word' id='word_1_252' title='bbox 910 1985 1083 2021; x_wconf 79' lang='lat' dir='ltr'>promittunt</span> <span class='ocrx_word' id='word_1_253' title='bbox 1102 1986 1214 2012; x_wconf 78' lang='lat' dir='ltr'>duobus</span> <span class='ocrx_word' id='word_1_254' title='bbox 1233 1986 1497 2013; x_wconf 77' lang='lat' dir='ltr'>ambassialoribus</span> <span class='ocrx_word' id='word_1_255' title='bbox 1517 1986 1558 2012; x_wconf 78' lang='lat' dir='ltr'>ad</span> <span class='ocrx_word' id='word_1_256' title='bbox 1575 1995 1667 2021; x_wconf 78' lang='lat' dir='ltr'>regem</span> <span class='ocrx_word' id='word_1_257' title='bbox 1684 1987 1779 2013; x_wconf 85' lang='lat' dir='ltr'>missis</span> <span class='ocrx_word' id='word_1_258' title='bbox 1799 1986 1907 2013; x_wconf 77' lang='lat' dir='ltr'>solvere</span> <span class='ocrx_word' id='word_1_259' title='bbox 1928 1988 1961 2013; x_wconf 76' lang='lat'>24</span> <span class='ocrx_word' id='word_1_260' title='bbox 1976 1986 2030 2013; x_wconf 45' lang='lat' dir='ltr'>sol,</span> <span class='ocrx_word' id='word_1_261' title='bbox 2046 1988 2088 2013; x_wconf 87' lang='lat' dir='ltr'>De</span> <span class='ocrx_word' id='word_1_262' title='bbox 2107 1987 2254 2014; x_wconf 85' lang='lat' dir='ltr'>occidione</span> 
     </span>
     <span class='ocr_line' id='line_1_24' title="bbox 473 2033 847 2069; baseline 0.005 -11"><span class='ocrx_word' id='word_1_263' title='bbox 473 2033 576 2067; x_wconf 81' lang='lat' dir='ltr'>fratris</span> <span class='ocrx_word' id='word_1_264' title='bbox 592 2034 711 2060; x_wconf 84' lang='lat' dir='ltr'>Eremit.</span> <span class='ocrx_word' id='word_1_265' title='bbox 730 2036 757 2061; x_wconf 88' lang='lat' dir='ltr'>S.</span> <span class='ocrx_word' id='word_1_266' title='bbox 773 2035 847 2069; x_wconf 77' lang='lat' dir='ltr'>Aug.</span> 
     </span>
    </p>
   </div>
   <div class='ocr_carea' id='block_1_10' title="bbox 386 2073 2255 2881">
    <p class='ocr_par' dir='ltr' id='par_1_12' title="bbox 1598 2073 1970 2102">
     <span class='ocr_line' id='line_1_25' title="bbox 1598 2073 1970 2102; baseline 0.003 -4"><span class='ocrx_word' id='word_1_267' title='bbox 1598 2073 1670 2102; x_wconf 84' lang='grc'><strong><em>1442,</em></strong></span> <span class='ocrx_word' id='word_1_268' title='bbox 1683 2073 1800 2099; x_wconf 76' lang='lat' dir='ltr'>danuarii</span> <span class='ocrx_word' id='word_1_269' title='bbox 1813 2073 1839 2102; x_wconf 80' lang='lat'>8,</span> <span class='ocrx_word' id='word_1_270' title='bbox 1855 2073 1970 2099; x_wconf 66' lang='lat' dir='ltr'>Parisiis.</span> 
     </span>
    </p>

    <p class='ocr_par' dir='ltr' id='par_1_13' title="bbox 386 2158 2255 2734">
     <span class='ocr_line' id='line_1_26' title="bbox 476 2158 2255 2206; baseline 0.002 -16"><span class='ocrx_word' id='word_1_271' title='bbox 476 2159 550 2191; x_wconf 87' lang='lat' dir='ltr'>Nos</span> <span class='ocrx_word' id='word_1_272' title='bbox 579 2164 698 2191; x_wconf 89' lang='lat' dir='ltr'>rector</span> <span class='ocrx_word' id='word_1_273' title='bbox 728 2164 763 2191; x_wconf 92' lang='lat' dir='ltr'>et</span> <span class='ocrx_word' id='word_1_274' title='bbox 794 2158 1020 2192; x_wconf 89' lang='lat' dir='ltr'>Universitas</span> <span class='ocrx_word' id='word_1_275' title='bbox 1054 2159 1167 2192; x_wconf 90' lang='lat' dir='ltr'>studii</span> <span class='ocrx_word' id='word_1_276' title='bbox 1197 2160 1417 2193; x_wconf 88' lang='lat' dir='ltr'>Parisiensis</span> <span class='ocrx_word' id='word_1_277' title='bbox 1447 2160 1592 2193; x_wconf 88' lang='lat' dir='ltr'>dilectis</span> <span class='ocrx_word' id='word_1_278' title='bbox 1622 2167 1657 2193; x_wconf 89' lang='lat' dir='ltr'>et</span> <span class='ocrx_word' id='word_1_279' title='bbox 1695 2160 1867 2194; x_wconf 88' lang='lat' dir='ltr'>fidelibus</span> <span class='ocrx_word' id='word_1_280' title='bbox 1907 2161 2043 2194; x_wconf 84' lang='lat' dir='ltr'>nostris</span> <span class='ocrx_word' id='word_1_281' title='bbox 2070 2161 2255 2206; x_wconf 86' lang='lat' dir='ltr'>magistris</span> 
     </span>
     <span class='ocr_line' id='line_1_27' title="bbox 387 2225 2253 2273; baseline 0.003 -17"><span class='ocrx_word' id='word_1_282' title='bbox 387 2226 492 2257; x_wconf 90' lang='lat' dir='ltr'>Petro</span> <span class='ocrx_word' id='word_1_283' title='bbox 519 2225 563 2257; x_wconf 92' lang='lat' dir='ltr'>de</span> <span class='ocrx_word' id='word_1_284' title='bbox 585 2226 701 2258; x_wconf 89' lang='lat' dir='ltr'>Brena</span> <span class='ocrx_word' id='word_1_285' title='bbox 725 2225 761 2257; x_wconf 93' lang='lat' dir='ltr'>in</span> <span class='ocrx_word' id='word_1_286' title='bbox 783 2225 940 2259; x_wconf 90' lang='lat' dir='ltr'>decretis</span> <span class='ocrx_word' id='word_1_287' title='bbox 961 2226 1117 2267; x_wconf 90' lang='lat' dir='ltr'>doctori,</span> <span class='ocrx_word' id='word_1_288' title='bbox 1140 2233 1174 2259; x_wconf 91' lang='lat' dir='ltr'>et</span> <span class='ocrx_word' id='word_1_289' title='bbox 1193 2227 1348 2260; x_wconf 89' lang='lat' dir='ltr'>Johanni</span> <span class='ocrx_word' id='word_1_290' title='bbox 1370 2227 1582 2260; x_wconf 88' lang='lat' dir='ltr'>Painetchar</span> <span class='ocrx_word' id='word_1_291' title='bbox 1603 2228 1638 2260; x_wconf 89' lang='lat' dir='ltr'>in</span> <span class='ocrx_word' id='word_1_292' title='bbox 1661 2227 1845 2273; x_wconf 85' lang='lat' dir='ltr'>theologia</span> <span class='ocrx_word' id='word_1_293' title='bbox 1867 2228 2067 2261; x_wconf 84' lang='lat' dir='ltr'>baccalario</span> <span class='ocrx_word' id='word_1_294' title='bbox 2086 2228 2253 2270; x_wconf 84' lang='lat' dir='ltr'>formato,</span> 
     </span>
     <span class='ocr_line' id='line_1_28' title="bbox 386 2291 2253 2340; baseline 0.002 -16"><span class='ocrx_word' id='word_1_295' title='bbox 386 2292 422 2324; x_wconf 92' lang='lat' dir='ltr'>in</span> <span class='ocrx_word' id='word_1_296' title='bbox 443 2291 581 2325; x_wconf 89' lang='lat' dir='ltr'>artibus</span> <span class='ocrx_word' id='word_1_297' title='bbox 603 2293 801 2337; x_wconf 83' lang='lat' dir='ltr'>magistris,</span> <span class='ocrx_word' id='word_1_298' title='bbox 817 2293 1142 2326; x_wconf 84' lang='lat' dir='ltr'>ambassiatorihus</span> <span class='ocrx_word' id='word_1_299' title='bbox 1164 2295 1301 2327; x_wconf 85' lang='lat' dir='ltr'>nostris</span> <span class='ocrx_word' id='word_1_300' title='bbox 1327 2295 1370 2327; x_wconf 89' lang='lat' dir='ltr'>ad</span> <span class='ocrx_word' id='word_1_301' title='bbox 1392 2295 1577 2327; x_wconf 91' lang='lat' dir='ltr'>dominum</span> <span class='ocrx_word' id='word_1_302' title='bbox 1600 2302 1765 2328; x_wconf 80' lang='lat' dir='ltr'>nostrum</span> <span class='ocrx_word' id='word_1_303' title='bbox 1789 2307 1912 2340; x_wconf 86' lang='lat' dir='ltr'>regem</span> <span class='ocrx_word' id='word_1_304' title='bbox 1939 2295 2166 2328; x_wconf 89' lang='lat' dir='ltr'>destinandis</span> <span class='ocrx_word' id='word_1_305' title='bbox 2188 2307 2253 2340; x_wconf 93' lang='lat' dir='ltr'>pro</span> 
     </span>
     <span class='ocr_line' id='line_1_29' title="bbox 388 2362 2253 2411; baseline 0.003 -16"><span class='ocrx_word' id='word_1_306' title='bbox 388 2363 576 2397; x_wconf 90' lang='lat' dir='ltr'>nonnullis</span> <span class='ocrx_word' id='word_1_307' title='bbox 611 2365 777 2409; x_wconf 82' lang='lat' dir='ltr'>negociis</span> <span class='ocrx_word' id='word_1_308' title='bbox 806 2377 873 2398; x_wconf 90' lang='lat' dir='ltr'>nos</span> <span class='ocrx_word' id='word_1_309' title='bbox 908 2372 942 2397; x_wconf 89' lang='lat' dir='ltr'>et</span> <span class='ocrx_word' id='word_1_310' title='bbox 977 2365 1167 2411; x_wconf 83' lang='lat' dir='ltr'>privilegia</span> <span class='ocrx_word' id='word_1_311' title='bbox 1199 2373 1323 2399; x_wconf 88' lang='lat' dir='ltr'>nostra</span> <span class='ocrx_word' id='word_1_312' title='bbox 1362 2362 1674 2400; x_wconf 77' lang='lat' dir='ltr'>concernentibus</span> <span class='ocrx_word' id='word_1_313' title='bbox 1701 2368 1803 2411; x_wconf 86' lang='lat' dir='ltr'>juxta</span> <span class='ocrx_word' id='word_1_314' title='bbox 1837 2368 1988 2400; x_wconf 90' lang='lat' dir='ltr'>formam</span> <span class='ocrx_word' id='word_1_315' title='bbox 2019 2379 2059 2400; x_wconf 93' lang='lat' dir='ltr'>ac</span> <span class='ocrx_word' id='word_1_316' title='bbox 2089 2373 2253 2400; x_wconf 87' lang='lat' dir='ltr'>tenorem</span> 
     </span>
     <span class='ocr_line' id='line_1_30' title="bbox 387 2431 2250 2479; baseline 0.002 -16"><span class='ocrx_word' id='word_1_317' title='bbox 387 2431 666 2464; x_wconf 85' lang='lat' dir='ltr'>instructionum</span> <span class='ocrx_word' id='word_1_318' title='bbox 689 2444 753 2476; x_wconf 88' lang='lat' dir='ltr'>per</span> <span class='ocrx_word' id='word_1_319' title='bbox 774 2444 840 2465; x_wconf 91' lang='lat' dir='ltr'>nos</span> <span class='ocrx_word' id='word_1_320' title='bbox 862 2433 915 2465; x_wconf 87' lang='lat' dir='ltr'>eis</span> <span class='ocrx_word' id='word_1_321' title='bbox 934 2433 1141 2465; x_wconf 89' lang='lat' dir='ltr'>traditarum</span> <span class='ocrx_word' id='word_1_322' title='bbox 1161 2434 1430 2478; x_wconf 84' lang='lat' dir='ltr'>prosequendis</span> <span class='ocrx_word' id='word_1_323' title='bbox 1452 2434 1695 2479; x_wconf 89' lang='lat' dir='ltr'>promittimus</span> <span class='ocrx_word' id='word_1_324' title='bbox 1713 2434 1806 2467; x_wconf 87' lang='lat' dir='ltr'>bona</span> <span class='ocrx_word' id='word_1_325' title='bbox 1828 2434 1898 2466; x_wconf 86' lang='lat' dir='ltr'>fide</span> <span class='ocrx_word' id='word_1_326' title='bbox 1915 2446 1980 2479; x_wconf 91' lang='lat' dir='ltr'>pro</span> <span class='ocrx_word' id='word_1_327' title='bbox 2002 2433 2164 2479; x_wconf 90' lang='lat' dir='ltr'>qualibet</span> <span class='ocrx_word' id='word_1_328' title='bbox 2179 2434 2250 2475; x_wconf 87' lang='lat' dir='ltr'>die,</span> 
     </span>
     <span class='ocr_line' id='line_1_31' title="bbox 388 2499 2252 2546; baseline 0.003 -17"><span class='ocrx_word' id='word_1_329' title='bbox 388 2499 629 2542; x_wconf 78' lang='lat' dir='ltr'>computando</span> <span class='ocrx_word' id='word_1_330' title='bbox 650 2511 668 2531; x_wconf 88' lang='lat' dir='ltr'>a</span> <span class='ocrx_word' id='word_1_331' title='bbox 689 2499 747 2531; x_wconf 94' lang='lat' dir='ltr'>die</span> <span class='ocrx_word' id='word_1_332' title='bbox 776 2500 833 2532; x_wconf 92' lang='lat' dir='ltr'>sui</span> <span class='ocrx_word' id='word_1_333' title='bbox 860 2512 1029 2532; x_wconf 85' lang='lat' dir='ltr'>recessus</span> <span class='ocrx_word' id='word_1_334' title='bbox 1058 2512 1076 2532; x_wconf 93' lang='lat' dir='ltr'>a</span> <span class='ocrx_word' id='word_1_335' title='bbox 1097 2500 1180 2533; x_wconf 87' lang='lat' dir='ltr'>villa</span> <span class='ocrx_word' id='word_1_336' title='bbox 1201 2501 1330 2543; x_wconf 58' lang='lat' dir='ltr'>Paris„</span> <span class='ocrx_word' id='word_1_337' title='bbox 1353 2501 1512 2546; x_wconf 90' lang='lat' dir='ltr'>quandiu</span> <span class='ocrx_word' id='word_1_338' title='bbox 1534 2501 1571 2534; x_wconf 91' lang='lat' dir='ltr'>in</span> <span class='ocrx_word' id='word_1_339' title='bbox 1592 2513 1656 2534; x_wconf 85' lang='lat' dir='ltr'>sua</span> <span class='ocrx_word' id='word_1_340' title='bbox 1673 2501 1856 2546; x_wconf 85' lang='lat' dir='ltr'>legatione</span> <span class='ocrx_word' id='word_1_341' title='bbox 1880 2500 2156 2546; x_wconf 87' lang='lat' dir='ltr'>permanebunt,</span> <span class='ocrx_word' id='word_1_342' title='bbox 2183 2507 2252 2534; x_wconf 81' lang='lat' dir='ltr'>tra-</span> 
     </span>
     <span class='ocr_line' id='line_1_32' title="bbox 388 2565 2252 2613; baseline 0.002 -16"><span class='ocrx_word' id='word_1_343' title='bbox 388 2565 474 2597; x_wconf 86' lang='lat' dir='ltr'>dere</span> <span class='ocrx_word' id='word_1_344' title='bbox 492 2572 526 2597; x_wconf 87' lang='lat' dir='ltr'>et</span> <span class='ocrx_word' id='word_1_345' title='bbox 545 2566 687 2599; x_wconf 87' lang='lat' dir='ltr'>solvere</span> <span class='ocrx_word' id='word_1_346' title='bbox 709 2566 806 2611; x_wconf 79' lang='lat' dir='ltr'>xxiiij</span> <span class='ocrx_word' id='word_1_347' title='bbox 830 2567 897 2599; x_wconf 87' lang='lat' dir='ltr'>sol.</span> <span class='ocrx_word' id='word_1_348' title='bbox 921 2567 1046 2612; x_wconf 68' lang='lat' dir='ltr'>paris,</span> <span class='ocrx_word' id='word_1_349' title='bbox 1064 2567 1236 2600; x_wconf 90' lang='lat' dir='ltr'>videlicet</span> <span class='ocrx_word' id='word_1_350' title='bbox 1256 2567 1406 2601; x_wconf 86' lang='lat' dir='ltr'>cuilibet</span> <span class='ocrx_word' id='word_1_351' title='bbox 1434 2568 1596 2613; x_wconf 86' lang='lat' dir='ltr'>ipsorum</span> <span class='ocrx_word' id='word_1_352' title='bbox 1622 2568 1668 2613; x_wconf 86' lang='lat' dir='ltr'>xij</span> <span class='ocrx_word' id='word_1_353' title='bbox 1692 2568 1760 2601; x_wconf 90' lang='lat' dir='ltr'>sol.</span> <span class='ocrx_word' id='word_1_354' title='bbox 1783 2568 1909 2613; x_wconf 68' lang='lat' dir='ltr'>paris,</span> <span class='ocrx_word' id='word_1_355' title='bbox 1939 2580 2076 2613; x_wconf 89' lang='lat' dir='ltr'>eosque</span> <span class='ocrx_word' id='word_1_356' title='bbox 2098 2568 2252 2601; x_wconf 86' lang='lat' dir='ltr'>reddere</span> 
     </span>
     <span class='ocr_line' id='line_1_33' title="bbox 389 2631 2251 2680; baseline 0.002 -17"><span class='ocrx_word' id='word_1_357' title='bbox 389 2631 616 2677; x_wconf 88' lang='lat' dir='ltr'>indempnes.</span> <span class='ocrx_word' id='word_1_358' title='bbox 643 2634 686 2666; x_wconf 71' lang='lat' dir='ltr'>Et</span> <span class='ocrx_word' id='word_1_359' title='bbox 706 2646 770 2678; x_wconf 89' lang='lat' dir='ltr'>pro</span> <span class='ocrx_word' id='word_1_360' title='bbox 798 2634 924 2678; x_wconf 90' lang='lat' dir='ltr'>majori</span> <span class='ocrx_word' id='word_1_361' title='bbox 954 2634 1147 2667; x_wconf 88' lang='lat' dir='ltr'>securitate</span> <span class='ocrx_word' id='word_1_362' title='bbox 1174 2635 1266 2680; x_wconf 89' lang='lat' dir='ltr'>ipsis</span> <span class='ocrx_word' id='word_1_363' title='bbox 1292 2635 1337 2668; x_wconf 90' lang='lat' dir='ltr'>de</span> <span class='ocrx_word' id='word_1_364' title='bbox 1358 2635 1451 2668; x_wconf 91' lang='lat' dir='ltr'>facto</span> <span class='ocrx_word' id='word_1_365' title='bbox 1489 2642 1524 2668; x_wconf 88' lang='lat' dir='ltr'>et</span> <span class='ocrx_word' id='word_1_366' title='bbox 1555 2647 1619 2680; x_wconf 89' lang='lat' dir='ltr'>pre</span> <span class='ocrx_word' id='word_1_367' title='bbox 1644 2635 1811 2669; x_wconf 88' lang='lat' dir='ltr'>manibus</span> <span class='ocrx_word' id='word_1_368' title='bbox 1847 2647 2020 2669; x_wconf 88' lang='lat' dir='ltr'>summam</span> <span class='ocrx_word' id='word_1_369' title='bbox 2043 2635 2151 2680; x_wconf 86' lang='lat' dir='ltr'>xxviij</span> <span class='ocrx_word' id='word_1_370' title='bbox 2187 2634 2251 2668; x_wconf 87' lang='lat' dir='ltr'>lib.</span> 
     </span>
     <span class='ocr_line' id='line_1_34' title="bbox 390 2700 1032 2734; baseline 0.008 -5"><span class='ocrx_word' id='word_1_371' title='bbox 390 2704 507 2730; x_wconf 89' lang='lat' dir='ltr'>turon.</span> <span class='ocrx_word' id='word_1_372' title='bbox 531 2700 622 2732; x_wconf 89' lang='lat' dir='ltr'>tradi</span> <span class='ocrx_word' id='word_1_373' title='bbox 643 2708 679 2732; x_wconf 91' lang='lat' dir='ltr'>et</span> <span class='ocrx_word' id='word_1_374' title='bbox 698 2700 845 2733; x_wconf 89' lang='lat' dir='ltr'>liberari</span> <span class='ocrx_word' id='word_1_375' title='bbox 867 2701 1032 2734; x_wconf 89' lang='lat' dir='ltr'>fecimus.</span> 
     </span>
    </p>

    <p class='ocr_par' dir='ltr' id='par_1_14' title="bbox 390 2767 2254 2881">
     <span class='ocr_line' id='line_1_35' title="bbox 477 2767 2253 2815; baseline 0.003 -18"><span class='ocrx_word' id='word_1_376' title='bbox 477 2767 643 2798; x_wconf 86' lang='lat' dir='ltr'>Preterea</span> <span class='ocrx_word' id='word_1_377' title='bbox 660 2767 829 2800; x_wconf 89' lang='lat' dir='ltr'>volumus</span> <span class='ocrx_word' id='word_1_378' title='bbox 846 2775 881 2801; x_wconf 87' lang='lat' dir='ltr'>et</span> <span class='ocrx_word' id='word_1_379' title='bbox 896 2769 1148 2802; x_wconf 85' lang='lat' dir='ltr'>consentimus</span> <span class='ocrx_word' id='word_1_380' title='bbox 1166 2769 1264 2814; x_wconf 89' lang='lat' dir='ltr'>quod</span> <span class='ocrx_word' id='word_1_381' title='bbox 1290 2769 1443 2814; x_wconf 89' lang='lat' dir='ltr'>quedam</span> <span class='ocrx_word' id='word_1_382' title='bbox 1467 2770 1584 2803; x_wconf 88' lang='lat' dir='ltr'>littera</span> <span class='ocrx_word' id='word_1_383' title='bbox 1607 2769 1823 2814; x_wconf 80' lang='lat' dir='ltr'>obligatoria</span> <span class='ocrx_word' id='word_1_384' title='bbox 1848 2782 1866 2803; x_wconf 91' lang='lat' dir='ltr'>a</span> <span class='ocrx_word' id='word_1_385' title='bbox 1896 2769 2111 2815; x_wconf 88' lang='lat' dir='ltr'>quibusdam</span> <span class='ocrx_word' id='word_1_386' title='bbox 2145 2768 2253 2802; x_wconf 87' lang='lat' dir='ltr'>male-</span> 
     </span>
     <span class='ocr_line' id='line_1_36' title="bbox 390 2831 2254 2881; baseline 0.003 -18"><span class='ocrx_word' id='word_1_387' title='bbox 390 2831 597 2873; x_wconf 82' lang='lat' dir='ltr'>factoribus,</span> <span class='ocrx_word' id='word_1_388' title='bbox 623 2834 682 2878; x_wconf 84' lang='lat' dir='ltr'>qui</span> <span class='ocrx_word' id='word_1_389' title='bbox 701 2846 818 2879; x_wconf 90' lang='lat' dir='ltr'>nuper</span> <span class='ocrx_word' id='word_1_390' title='bbox 843 2836 1031 2879; x_wconf 83' lang='lat' dir='ltr'>quemdam</span> <span class='ocrx_word' id='word_1_391' title='bbox 1056 2836 1270 2881; x_wconf 85' lang='lat' dir='ltr'>religiosum</span> <span class='ocrx_word' id='word_1_392' title='bbox 1294 2836 1338 2869; x_wconf 92' lang='lat' dir='ltr'>de</span> <span class='ocrx_word' id='word_1_393' title='bbox 1359 2836 1447 2869; x_wconf 90' lang='lat' dir='ltr'>Ord.</span> <span class='ocrx_word' id='word_1_394' title='bbox 1469 2837 1512 2869; x_wconf 87' lang='lat' dir='ltr'>fr.</span> <span class='ocrx_word' id='word_1_395' title='bbox 1532 2837 1795 2869; x_wconf 88' lang='lat' dir='ltr'>Heremitarum</span> <span class='ocrx_word' id='word_1_396' title='bbox 1818 2837 1857 2869; x_wconf 86' lang='lat' dir='ltr'>B.</span> <span class='ocrx_word' id='word_1_397' title='bbox 1884 2836 2082 2881; x_wconf 88' lang='lat' dir='ltr'>Augustini</span> <span class='ocrx_word' id='word_1_398' title='bbox 2109 2836 2254 2869; x_wconf 84' lang='lat' dir='ltr'>interse-</span> 
     </span>
    </p>
   </div>
   <div class='ocr_carea' id='block_1_11' title="bbox 391 2899 2251 2949">
    <p class='ocr_par' dir='ltr' id='par_1_15' title="bbox 391 2899 2251 2949">
     <span class='ocr_line' id='line_1_37' title="bbox 391 2899 2251 2949; baseline 0.004 -20"><span class='ocrx_word' id='word_1_399' title='bbox 391 2899 549 2939; x_wconf 86' lang='lat' dir='ltr'>cerunt¹,</span> <span class='ocrx_word' id='word_1_400' title='bbox 573 2900 679 2933; x_wconf 87' lang='lat' dir='ltr'>nobis</span> <span class='ocrx_word' id='word_1_401' title='bbox 700 2901 788 2933; x_wconf 84' lang='lat' dir='ltr'>facta</span> <span class='ocrx_word' id='word_1_402' title='bbox 806 2901 841 2933; x_wconf 89' lang='lat' dir='ltr'>in</span> <span class='ocrx_word' id='word_1_403' title='bbox 864 2902 1030 2935; x_wconf 82' lang='lat' dir='ltr'>manibus</span> <span class='ocrx_word' id='word_1_404' title='bbox 1046 2903 1224 2935; x_wconf 89' lang='lat' dir='ltr'>dictorum</span> <span class='ocrx_word' id='word_1_405' title='bbox 1239 2903 1538 2936; x_wconf 87' lang='lat' dir='ltr'>ambassiatorum</span> <span class='ocrx_word' id='word_1_406' title='bbox 1557 2910 1723 2948; x_wconf 86' lang='lat' dir='ltr'>ponatur,</span> <span class='ocrx_word' id='word_1_407' title='bbox 1746 2910 1784 2936; x_wconf 90' lang='lat' dir='ltr'>ut</span> <span class='ocrx_word' id='word_1_408' title='bbox 1804 2904 1874 2948; x_wconf 91' lang='lat' dir='ltr'>ipsi</span> <span class='ocrx_word' id='word_1_409' title='bbox 1895 2915 2007 2949; x_wconf 90' lang='lat' dir='ltr'>super</span> <span class='ocrx_word' id='word_1_410' title='bbox 2023 2915 2162 2936; x_wconf 87' lang='lat' dir='ltr'>summa</span> <span class='ocrx_word' id='word_1_411' title='bbox 2183 2914 2251 2936; x_wconf 87' lang='lat' dir='ltr'>nos</span> 
     </span>
    </p>
   </div>
  </div>
 </body>
</html>
