2502 3418
372 337 437 369 680
953 347 1274 370 οΗΑιῑφυιΑῐιιυΜ
1309 346 1501 369 suivans.
1537 346 1669 368 PARIS.
2141 332 2241 369 [1448

374 422 599 454 demandeur
620 428 655 455 61
675 422 892 456 deffendeur
916 423 1023 456 d’une
1049 429 1141 468 part,
1164 429 1199 456 et
1223 422 1257 455 le
1284 428 1433 467 prevost
1456 422 1606 454 fermier
1631 421 1675 454 de
1702 421 1735 454 la
1760 420 1846 454 ville
1873 420 1917 453 de
1945 419 2069 453 Melun
2094 431 2187 465 pour
2206 419 2239 452 16

374 501 438 535 roy
458 495 584 522 nostre
606 490 691 531 sire,
710 490 809 523 aussi
831 490 1056 523 demandeur
1077 497 1112 523 et
1133 490 1348 522 deffendeur
1364 489 1502 522 d'autre
1520 495 1611 534 part,
1630 500 1693 534 par
1709 488 1841 521 devant
1855 488 1889 521 le
1906 494 2055 533 prevost
2075 487 2119 520 de
2140 487 2240 520 Paris

374 569 420 590 ou
441 569 508 590 son
529 556 745 598 lieutenant3
769 569 814 590 en
835 557 992 603 laquelle
1014 569 1121 590 cause
1143 557 1198 589 les
1220 563 1364 589 recteur
1384 563 1420 589 et
1439 567 1662 601 procureurs
1689 555 1733 588 de
1753 554 1989 588 l’Universite
2010 554 2054 587 de
2079 554 2180 587 Paris
2201 565 2239 587 se

373 631 456 658 sont
475 624 632 669 adjoints
653 636 739 658 avec
760 624 832 669 luy.
855 626 899 658 Et
919 636 1011 670 pour
1032 636 1085 666 ce,
1108 624 1227 669 iceluy
1243 623 1422 657 reverend
1439 626 1525 669 pere
1543 635 1586 656 en
1608 623 1699 656 Dieu
1722 621 1856 668 promit
1876 622 1920 655 de
1942 621 2064 654 bonne
2084 622 2143 667 foy
2159 633 2240 654 con-

372 692 476 725 duire
497 699 533 725 et
556 692 645 724 faire
671 692 847 725 conduire
874 699 909 725 et
933 692 1107 724 (lemener
1131 691 1241 724 ladite
1268 703 1376 724 cause
1404 693 1422 724 ἐι
1450 702 1510 723 363
1537 697 1662 723 cousts
1690 696 1725 723 et
1751 690 1910 735 despens
1938 701 1983 722 en
2010 689 2239 734 quelconque

371 771 459 792 cour
480 766 515 792 et
530 759 767 804 jurisdiction
785 758 916 803 qu’clle
939 759 1010 791 soit
1030 758 1238 799 demeuree,
1258 758 1327 791 soit
1345 770 1409 802 par
1429 758 1535 802 appel
1552 769 1597 790 ou
1615 764 1836 797 autrement3
1855 763 1890 790 et
1906 756 1950 789 de
1967 756 2077 790 ladite
2094 756 2241 801 adjonc-

371 827 447 860 tion
468 827 522 859 les
544 833 686 871 promet
707 826 839 858 rendre
861 825 1052 858 indemnez
1073 827 1090 858 a
1112 837 1180 870 pur
1201 831 1233 857 61
1256 827 1273 858 a
1295 825 1392 870 plain
1415 837 1546 858 envers
1573 831 1606 857 et
1628 831 1755 857 contre
1778 831 1876 865 tous,
1898 830 2131 869 promettant,
2154 830 2237 865 etc.,

371 894 571 939 obligeant,
594 900 662 926 etc.
687 893 762 926 Fait
783 892 815 925 le
831 892 946 937 jeudy
966 894 986 925 4
1006 892 1107 925 Avril
1131 893 1228 934 1448,
1250 895 1357 937 apres
1379 891 1610 937 Quasimodo.
1627 912 1672 917 —-
1693 892 1794 937 Sign.
1818 892 1974 924 Bormnn
1997 898 2032 924 et
2052 892 2237 933 Giucnm,

371 961 543 1001 notaireS‚
566 972 651 994 avec
672 959 842 1005 paraphe.

463 1060 503 1083 Du
518 1060 639 1088 Boumr,
652 1059 800 1083 Mdmoires
815 1058 982 1089 historiques
993 1065 1046 1082 sur
1060 1058 1089 1082 la
1098 1057 1246 1088 propriae
1257 1061 1282 1082 et
1297 1057 1458 1088 seiyneurie
1473 1059 1512 1082 du
1527 1057 1764 1082 Prd-auoe-Clercs
1779 1057 1875 1088 (Puris,
1888 1057 1957 1086 1675,
1974 1058 2018 1086 4⁰),
2034 1065 2063 1088 p.
2078 1056 2132 1080 139.
2149 1056 2239 1080 Raris-

371 1105 453 1127 simus
467 1104 543 1133 liber,
560 1104 634 1135 cujus
649 1103 785 1135 exemplar
798 1103 875 1126 titulo
890 1111 1012 1126 mancum
1030 1102 1058 1126 C.
1073 1102 1202 1126 Jourdnin
1217 1102 1345 1134 possedit,
1364 1110 1433 1126 nunc
1448 1102 1528 1126 habet
1542 1102 1704 1126 bibliotheca
1719 1102 1840 1126 Civitatis
1856 1101 1941 1127 PariS.
1958 1102 2056 1134 (Museo
2071 1101 2238 1132 Carnavalet)

369 1150 419 1173 sub
435 1154 464 1172 n⁰
476 1150 562 1178 27236,
579 1150 613 1172 [1⁰.

369 1309 514 1346 2630.
544 1318 719 1344 Universitas
734 1318 842 1353 Paris„
861 1318 966 1344 litteris
983 1319 1059 1353 regis
1079 1318 1230 1353 instigata,
1253 1318 1454 1353 reformationi
1471 1316 1648 1352 facultatum
1666 1320 1693 1343 et
1709 1317 1859 1343 nationum
1880 1316 2011 1351 intendit,
2037 1319 2064 1342 et
2083 1316 2238 1352 deputatos

453 1376 509 1403 per
520 1366 653 1402 singulas
668 1367 828 1402 facultates
843 1371 870 1394 et
885 1367 1017 1393 nationes
1033 1367 1073 1393 ad
1088 1367 1140 1393 hoc
1156 1367 1248 1402 eligit.

1488 1412 1562 1443 7448,
1578 1414 1652 1439 Mart.
1669 1413 1776 1445 5-April.
1792 1413 1818 1441 5.
1834 1412 1952 1438 Parisiis.

460 1502 735 1546 Decimaquarta
752 1501 810 1534 die
828 1501 966 1534 mensis
983 1501 1103 1534 Martii
1121 1501 1285 1546 ejusdem
1303 1501 1387 1534 anni
1409 1501 1758 1542 Mi[CCCCi]XLV11
1779 1507 1976 1534 convocata
1992 1500 2238 1534 Universitate

369 1569 567 1602 Parisiensi
589 1569 625 1601 in
647 1569 777 1602 Sancto
799 1569 982 1601 Maturino
1004 1580 1116 1614 super
1136 1568 1255 1601 fienda
1277 1569 1540 1602 reformacione
1567 1569 1603 1601 in
1629 1568 1875 1602 Universitale
1900 1580 1966 1613 per
1991 1579 2115 1613 regem
2141 1567 2239 1600 ordi-

368 1643 448 1669 nata
479 1643 514 1669 et
541 1636 776 1670 Universitati
809 1635 987 1681 delegata.
1021 1636 1188 1669 Secundo
1222 1648 1334 1681 super
1363 1635 1701 1681 supplicacionibus
1729 1642 1764 1668 et
1791 1635 1949 1680 injuriis.
1983 1636 2164 1678 Quantum
2194 1634 2238 1667 ad

368 1704 523 1749 primum
549 1703 739 1736 articulum
771 1703 1043 1748 regraciabatur
1068 1703 1275 1736 veneranda
1304 1703 1406 1736 nacio
1433 1703 1582 1736 Francie
1617 1715 1789 1748 supremo
1817 1702 1965 1735 domino
1992 1708 2118 1735 nostro
2144 1701 2237 1747 regi,

368 1778 403 1804 et
427 1771 525 1816 quod
554 1770 802 1804 notificaretur
830 1770 1059 1816 procuratori
1084 1771 1187 1815 regio
1215 1770 1438 1804 venerabilis
1463 1771 1564 1803 curie
1585 1770 1814 1811 Parlamenti,
1842 1776 1880 1802 ut
1899 1769 1989 1803 visis
2017 1769 2149 1802 litteris
2176 1769 2238 1802 de-

368 1839 516 1871 sisteret
535 1851 552 1871 a
575 1838 841 1871 reformacione
862 1838 980 1871 fienda
1001 1838 1039 1870 in
1061 1838 1186 1871 eadem
1202 1837 1419 1871 Parlamenti
1441 1838 1552 1879 curia,
1572 1838 1653 1883 quia
1671 1838 1761 1883 [rex]
1784 1837 1827 1870 ad
1845 1848 1912 1870 nos
1930 1836 2136 1870 remittebat
2154 1847 2237 1881 pre-

367 1906 497 1939 dictam
520 1905 833 1938 reformacionem.
859 1907 902 1938 Et
922 1905 1042 1950 quoad
1062 1906 1193 1938 factum
1220 1905 1256 1938 in
1280 1917 1333 1947 se,
1357 1905 1492 1950 placuit
1512 1905 1649 1938 nationi
1671 1905 1809 1950 prefate
1829 1904 2030 1949 procedere
2058 1903 2102 1937 ad
2123 1904 2237 1936 refor-

368 1974 567 2006 macionem
597 1973 766 2014 fiendam,
791 1973 821 2005 si
847 1972 996 2006 altiores
1021 1972 1211 2006 facultates
1236 1972 1373 2006 vellent
1399 1973 1435 2005 in
1463 1972 1670 2005 defectibus
1699 1973 1777 2006 suis
1802 1971 2003 2013 reformari,
2031 1971 2141 2004 eciam
2172 1983 2238 2016 per

367 2041 570 2074 facultatem
592 2041 736 2082 artium,
758 2040 845 2073 alias
868 2052 953 2073 non.
976 2040 1083 2073 Nullo
1107 2047 1224 2073 tamen
1247 2040 1355 2073 modo
1378 2039 1512 2085 placuit
1538 2039 1743 2072 nominacio
1765 2039 2042 2072 reformatorum
2064 2039 2153 2071 facta
2174 2050 2238 2083 per

369 2109 581 2154 magistrum
611 2107 812 2141 Johannem
843 2108 887 2140 de
918 2107 1036 2149 Oliva,
1065 2107 1102 2140 in
1128 2107 1243 2140 sacris
1268 2106 1433 2152 apicibus
1461 2107 1689 2152 magistrum,
1711 2106 1776 2139 sed
1797 2105 1925 2148 voluit,
1952 2105 2049 2150 quod
2075 2105 2239 2150 quelibet

368 2172 471 2208 nacio
500 2187 612 2208 unum
637 2181 698 2208 aut
728 2174 853 2220 plures
882 2175 1084 2208 nominaret
1115 2175 1386 2208 reformatores.
1416 2173 1623 2207 Nominavit
1647 2173 1899 2206 honorabilem
1929 2179 1964 2205 et
1996 2172 2235 2206 scientificum

368 2243 485 2275 virum
501 2254 594 2287 mag.
612 2241 814 2275 Johannem
831 2241 997 2283 Luillier,
1015 2241 1253 2274 baccalarium
1271 2241 1308 2274 in
1323 2241 1521 2286 theologia,
1538 2248 1617 2274 actu
1635 2241 1818 2286 legentem
1841 2240 2053 2273 Sentencias
2075 2238 2237 2272 Parisius

368 2309 404 2342 in
426 2309 626 2343 venerabili
647 2309 805 2354 collegio
828 2309 1006 2350 Sorbone,
1029 2315 1064 2342 et
1085 2309 1183 2354 quod
1204 2308 1379 2341 nominati
1401 2320 1465 2353 per
1485 2309 1658 2341 naciones
1679 2315 1715 2341 et
1729 2307 1918 2341 facultates
1939 2306 2115 2340 haberent
2135 2306 2235 2340 advi-

369 2388 449 2409 sare
470 2377 616 2410 modum
638 2377 928 2418 resormacionis,
947 2376 1060 2409 nichil
1081 2382 1200 2409 tamen
1221 2376 1455 2417 concludere,
1477 2376 1542 2409 sed
1563 2382 1700 2409 tantum
1722 2374 1959 2409 Universitati
1981 2374 2131 2407 referre.

460 2474 520 2498 Lib.
531 2478 678 2505 procurat.
693 2478 755 2499 nat.
773 2474 874 2499 Gallic-
888 2474 914 2498 in
933 2474 1011 2498 Arch.
1027 2474 1161 2503 Univers„
1178 2474 1198 2503 1,
1215 2474 1259 2498 fol.
1274 2474 1326 2498 81¹³.
1337 2488 1366 2492 —
1381 2474 1441 2498 Jam
1459 2474 1546 2497 Martii
1562 2476 1576 2497 5
1590 2473 1696 2497 litterae
1710 2473 1782 2505 regis
1798 2473 1830 2496 de
1843 2472 2030 2496 reformatione
2048 2472 2235 2496 Universitatis

368 2519 394 2542 in
410 2519 615 2550 congregatione
630 2519 818 2543 Universitatis
834 2520 917 2543 lectae
933 2522 995 2543 sunt
1010 2520 1149 2549 (Auctar.‚
1163 2519 1194 2547 II¹
1209 2527 1237 2550 p.
1253 2520 1306 2548 716,
1324 2519 1372 2548 15).
1389 2519 1477 2542 Martii
1490 2519 1505 2541 9
1520 2528 1533 2540 ι(
1547 2518 1648 2550 placuit
1664 2518 1838 2542 Universitati
1851 2518 1914 2541 dare
1927 2517 2067 2549 deputatos
2082 2517 2109 2540 in
2122 2517 2236 2549 singulis

370 2564 539 2587 facultatibus
556 2568 580 2588 et
598 2564 761 2597 nationibus,
777 2564 822 2595 qui
841 2564 902 2587 huic
924 2564 1106 2587 reformationi
1124 2564 1288 2587 intenderent
1304 2567 1329 2587 et
1343 2564 1516 2595 procederent
1531 2573 1544 2585 ι»
1559 2563 1643 2594 (ibid.‚
1662 2572 1689 2594 p.
1707 2563 1761 2592 718,
1775 2564 1808 2592 8).
1825 2563 1874 2586 Per
1888 2562 2035 2586 Johannem
2051 2562 2082 2585 de
2098 2561 2173 2586 Oliva
2191 2570 2236 2585 rex

369 2608 468 2631 scilicet
482 2608 586 2640 aliquos
600 2609 726 2632 articulos
740 2609 937 2632 reformationis
951 2608 1111 2639 designavit,
1125 2617 1190 2640 quos
1206 2612 1293 2632 tumen
1309 2608 1475 2632 Universitas
1491 2608 1575 2639 April.
1589 2610 1602 2631 5
1616 2607 1749 2631 recusavit
1764 2610 1789 2631 et
1805 2607 1892 2630 solum
1907 2606 1975 2630 inter
1990 2607 2130 2638 deputatos
2146 2606 2236 2629 distri-

368 2653 433 2683 buit,
455 2653 516 2684 quia
533 2653 747 2676 reformationem
767 2662 814 2684 per
834 2653 921 2684 ipsam
939 2653 1146 2677 Universitatcm
1166 2653 1222 2676 fieri
1241 2653 1336 2676 maluit
1353 2653 1437 2684 (ibid.,
1451 2662 1477 2684 p.
1494 2654 1547 2681 720,
1562 2654 1605 2681 40;
1624 2653 1681 2677 Lib.
1698 2657 1774 2682 proc.
1788 2656 1849 2676 rtat-
1867 2651 1977 2679 Gallic-¹
1997 2651 2042 2675 fol.
2058 2652 2100 2679 82;
2115 2650 2192 2680 BUL.,
2206 2651 2235 2681 V,

368 2706 394 2728 p.
411 2698 475 2726 541).
492 2698 625 2729 Septemb.
641 2698 666 2720 11
682 2698 713 2721 de
728 2698 915 2721 reformatione
930 2698 1062 2721 facultatis
1079 2698 1176 2721 artium
1191 2698 1322 2729 agebatur
1336 2699 1474 2727 (Auctar.,
1491 2698 1522 2725 11,
1539 2706 1566 2729 p.
1583 2698 1637 2728 740,
1650 2698 1698 2726 17).
1711 2697 1771 2720 Jom
1783 2696 1860 2719 annis
1873 2696 1932 2719 1434
1947 2699 1972 2719 et
1988 2696 2048 2719 1444
2061 2695 2093 2718 de
2107 2696 2237 2718 reforma-

368 2742 437 2765 tione
450 2742 587 2772 agebatur.
604 2743 654 2765 Sed
667 2751 713 2765 ncc
725 2745 787 2765 tunc
801 2751 848 2766 nec
862 2751 930 2766 anno
946 2743 1006 2766 1448
1022 2742 1166 2774 quidquam
1179 2742 1278 2771 evenit;
1293 2742 1448 2766 reformatio
1461 2742 1547 2765 solum
1561 2750 1604 2766 an.
1619 2742 1679 2764 1452
1697 2743 1765 2764 facta
1780 2744 1829 2765 est.
1845 2741 1905 2764 vid.
1921 2745 1950 2763 n⁰
1964 2741 2034 2764 2690.

462 2786 580 2810 Similem
604 2787 785 2810 Aurelianensi
808 2787 981 2811 Universitati
1004 2796 1046 2810 an.
1069 2788 1137 2815 1447,
1161 2787 1215 2811 Jul.
1237 2788 1276 2817 31,
1293 2787 1403 2810 Carolus
1426 2787 1472 2810 Vll
1492 2786 1707 2810 reformationem
1730 2786 1896 2817 imposuerat
1916 2785 1979 2814 (vid.
2002 2785 2150 2814 FOURNIER,
2170 2784 2233 2809 Sta-

370 2834 435 2860 tuts,
452 2831 470 2861 1,
489 2839 516 2861 p.
532 2832 652 2860 ‘zm-222),
671 2831 712 2854 cui
728 2832 911 2855 reformationi
930 2832 1065 2863 parandae
1083 2832 1157 2863 ipsos
1177 2832 1379 2855 Aurelianenses
1400 2831 1543 2863 magistros
1559 2837 1667 2862 operam
1682 2830 1824 2854 navavisse
1839 2830 1937 2853 scimus
1953 2838 1966 2853 e
1982 2829 2096 2854 minuta
2113 2829 2139 2852 in
2155 2829 2233 2853 Arch.

370 2878 422 2898 nat.
438 2875 520 2898 Paris.
535 2876 562 2905 (L
577 2876 632 2905 427,
646 2880 674 2898 n0
688 2877 727 2905 60)
744 2880 856 2904 servata,
872 2885 930 2899 cum
944 2876 1035 2900 titulo:
1050 2885 1060 2900 u
1074 2877 1183 2900 Articuli
1197 2877 1241 2908 qui
1255 2876 1378 2900 videntur
1393 2876 1461 2899 inter
1473 2879 1574 2899 ceteros
1587 2876 1714 2899 articulos
1725 2874 1896 2902 reformandi,
1909 2877 1962 2897 tam
1977 2877 2098 2905 respectu
2113 2873 2233 2904 corporis

372 2919 566 2948 universitatis,
575 2919 711 2943 nationum
723 2924 748 2944 et
757 2921 862 2952 collegii
873 2921 899 2943 in
910 2921 1043 2944 communi
1054 2929 1133 2952 quam
1144 2924 1266 2952 respectu
1277 2921 1425 2951 doctorum,
1436 2920 1652 2944 hachulnriorum
1662 2919 1807 2952 legentium
1817 2922 1843 2943 et
1853 2918 1996 2942 scolarium
2007 2918 2033 2941 in
2044 2917 2222 2949 particulari»
