2502 3418
256 311 352 348 1431]
603 323 648 344 ΑΒ
683 323 789 345 ANNo
822 321 1111 344 MCCCLxxxxw
1146 322 1278 350 USQUE
1314 321 1360 343 An
1395 321 1534 343 ANNUM
1569 322 1774 343 MCCCCLtl.
2059 312 2124 345 509

254 397 510 430 substituimus
536 397 681 430 fratrem
703 396 946 430 Guillermum
970 395 1181 439 Marquerii,
1204 394 1331 427 ambos
1357 394 1544 439 provincie
1571 395 1740 445 Franciez
1758 402 1793 427 et
1814 394 1947 427 ibidem
1975 396 2119 428 fratrem

252 463 453 497 Johannem
476 463 623 496 Givois‘
646 468 848 496 conventus
868 461 1182 495 Claromontensis
1203 473 1268 505 pro
1290 461 1460 493 studente
1482 460 1645 493 honoris.

347 561 505 592 Fragmenta
519 561 602 591 Capp.
618 560 735 591 general.
751 560 815 584 Ord.
833 559 925 584 Praed.
942 559 975 582 nd
991 558 1116 582 Ordinem
1131 558 1300 589 pertinentia.

346 653 370 678 1.
388 653 436 676 Ms.
450 661 455 676 :
472 662 483 676 «
496 653 642 676 Johannem
655 660 676 676 »-
689 666 717 670 —
727 652 752 677 2.
765 652 853 676 Alias:
867 661 878 675 (ι
890 652 922 675 de
933 652 1065 683 Bagnnria
1078 659 1098 675 t.
1110 665 1141 669 —
1152 651 1176 676 3.
1189 651 1285 674 Eodem
1297 659 1364 674 anno
1378 651 1492 674 Jacobus
1507 650 1635 680 Mercerii,
1649 650 1674 673 in
1689 659 1710 673 s.
1723 650 1820 681 pagina
1832 659 1902 681 mag.
1915 654 1939 673 et
1951 650 2122 681 provincialis

251 697 404 729 provinciae
416 697 550 726 Franciue,
563 697 739 728 supplicando
753 696 871 728 Eugenio
888 697 921 719 lv
936 696 1039 725 scribit,
1049 699 1077 719 ut
1090 697 1196 719 Petrum
1212 696 1341 719 Turelure
1354 698 1415 718 tunc
1431 696 1517 718 solum
1534 696 1562 718 23
1581 695 1628 724 (sic
1644 695 1669 717 in
1682 695 1756 722 ms‘0;
1775 696 1887 718 sortasse
1903 695 2069 718 scribendum
2083 697 2121 724 33)

251 750 334 765 annos
346 742 511 773 natum,jum
523 741 640 773 priorem
654 745 799 764 conventus
815 741 971 768 Pictuvens„
991 749 1038 772 per
1053 741 1081 763 12
1101 749 1184 764 annos
1198 740 1225 763 in
1241 748 1263 765 s,
1282 740 1382 771 pagina
1398 740 1548 763 studentem
1564 743 1588 763 et
1603 740 1698 763 Cui-olo
1711 739 1768 770 regi
1786 739 1921 769 dilectum,
1937 739 2120 770 inquisitorem

251 786 277 810 in
292 786 399 809 civitate
412 789 438 809 et
451 786 534 809 dioec.
549 786 754 809 Cnrcnssonens.
768 786 913 814 confirmet,
931 785 1051 816 quamvis
1068 785 1220 816 requiratur
1238 786 1292 807 [ΛΟΜ
1306 792 1391 807 annus
1408 785 1512 815 (Suppl.
1531 785 1630 815 Eugen.
1647 784 1688 812 IV,
1706 788 1735 806 n0
1753 784 1805 811 263,
1822 784 1866 807 fol.
1888 783 1964 813 12312).
1982 784 2037 807 Non
2059 784 2123 815 legit

251 830 371 854 Parisiis.
382 832 429 855 An.
441 831 511 860 1445,
523 830 658 861 Septemb.
669 831 693 860 3,
703 830 752 853 fuit
759 830 901 862 episcopus
917 830 1044 861 Dignens.
1061 830 1148 860 (Arch.
1166 830 1221 852 Vat.
1234 829 1332 860 0b1ig.,
1346 833 1374 852 n⁰
1388 830 1425 856 72,
1444 829 1488 853 fol.
1501 829 1561 858 101‘).
1577 843 1608 846 —
1622 828 1646 853 4.
1659 830 1730 852 Anno
1749 829 1867 860 sequenti
1883 829 1948 859 legit
1962 829 2120 851 Sententias.

252 1023 396 1061 2368.
418 1033 562 1059 Johannes
578 1032 709 1067 Clzuffart
721 1032 849 1067 Eugenio
866 1033 911 1058 IV
919 1032 1075 1068 supplicat,
1090 1036 1120 1057 ut
1135 1032 1192 1057 sibi
1208 1034 1340 1066 conserat
1353 1031 1558 1057 cancellariam
1572 1031 1669 1058 Paris.

1519 1119 1588 1149 7437,
1603 1120 1664 1145 Maii
1675 1120 1718 1148 28,
1733 1120 1834 1145 Romae.

340 1208 444 1240 Pater
464 1215 601 1249 sancte,
619 1208 756 1241 dudum
778 1208 992 1241 cancellaria
1014 1208 1169 1241 ecclesie
1191 1207 1410 1240 Parisiensis
1498 1219 1562 1251 per
1583 1206 1720 1239 obitum
1743 1206 1924 1251 quondam
1945 1206 2120 1239 Johannis

249 1275 379 1307 Jarson
400 1281 498 1307 extra
515 1275 616 1307 Rom.
636 1275 771 1308 curiam
794 1275 954 1308 defuncti
975 1281 1136 1316 vacante⁷
1155 1275 1309 1308 devotus
1327 1280 1447 1307 orator
1462 1273 1781 1307 vesterJohannes
1799 1272 2006 1313 Chaufardi‚
2024 1284 2118 1317 mag.

249 1340 286 1373 in
307 1347 372 1374 art.
396 1347 432 1374 et
451 1341 488 1373 in
508 1341 645 1374 decret.
668 1341 887 1382 licentiatus,
915 1342 1013 1374 illam
1036 1342 1072 1374 in
1092 1342 1163 1375 vim
1186 1348 1283 1374 certe
1309 1341 1423 1386 gratie
1445 1341 1668 1385 expectative
1690 1340 1901 1372 auctoritate
1922 1339 2121 1384 apostolica

250 1407 321 1440 sibi
347 1419 524 1441 concesse
546 1409 756 1453 acceptavit,
779 1415 815 1441 et
835 1409 879 1441 de
901 1408 962 1442 illa
983 1408 1141 1441 obtinuit
1161 1407 1231 1441 sibi
1253 1408 1450 1453 provideri7
1474 1414 1509 1440 et
1534 1419 1609 1440 eam
1636 1407 1703 1439 suit
1728 1407 2118 1446 assecuu1s¹.verum‚

251 1480 352 1519 pater
368 1481 505 1516 sancte,
527 1475 709 1519 quondam
730 1475 915 1508 Johannes
933 1475 1099 1508 Saunerii
1120 1487 1290 1508 asserens
1312 1475 1442 1507 dictam
1464 1473 1714 1506 cancellariam
1732 1473 1775 1506 ad
1799 1473 1918 1518 ipsum
1941 1479 2118 1517 spectare,

249 1540 346 1573 illam
369 1541 475 1574 etiam
496 1542 624 1587 vigore
645 1549 743 1575 certe
764 1542 879 1587 gratie
900 1542 1112 1575 auctoritate
1133 1541 1332 1587 apostolica
1353 1541 1423 1574 sibi
1449 1552 1624 1574 concesse
1646 1547 1681 1573 et
1703 1540 1904 1573 litterarum
1928 1540 2013 1572 inde
2034 1551 2120 1572 con-

250 1608 423 1640 fectarum
445 1609 644 1653 acceptavit
665 1615 700 1641 et
720 1609 765 1641 de
786 1609 846 1641 illa
869 1608 1027 1642 obtinuit
1047 1608 1116 1641 sibi
1139 1609 1337 1653 provideri,
1361 1615 1395 1641 et
1415 1608 1550 1640 dictum
1566 1607 1768 1641 Johannem
1786 1606 1983 1640 Cheufardi
2000 1618 2118 1639 coram

250 1686 325 1707 rev.
345 1681 444 1719 patre
466 1675 613 1708 domino
634 1675 763 1708 abbate
785 1676 995 1708 monasterii
1017 1676 1136 1709 Sancti
1153 1675 1312 1709 Victoris
1330 1682 1427 1707 extra
1444 1687 1569 1707 muros
1587 1674 1698 1706 Paris.
1789 1674 1894 1706 traxit
1908 1673 1945 1705 in
1962 1685 2117 1706 causam.

249 1742 399 1782 Verum,
422 1748 522 1786 pater
543 1748 678 1779 sancteq
697 1742 760 1775 lite
776 1742 987 1786 hujusmodi
1004 1754 1123 1775 coram
1143 1742 1238 1774 dicto
1260 1741 1387 1774 abbate
1408 1742 1571 1774 indecisa
1588 1741 1782 1786 pendente,
1803 1740 1920 1773 dictus
1936 1739 2119 1773 Johannes

251 1808 417 1840 Saunerii
443 1815 541 1841 extra
568 1810 669 1841 Rom.
698 1809 831 1841 curiam
859 1809 974 1842 extitit
1003 1809 1074 1842 vita
1100 1810 1257 1841 functus.
1291 1808 1476 1853 Supplicat
1505 1808 1617 1853 igitur
1647 1807 1825 1840 sanctitati
1855 1813 1975 1840 vestre
2001 1807 2119 1839 dictus

248 1874 433 1907 Johannes
454 1874 665 1916 Cheufardi,
689 1875 750 1919 qui
771 1875 884 1920 ipsam
909 1876 1173 1908 cancellariam*
1189 1875 1365 1920 possiden
1393 1887 1438 1907 ne
1466 1886 1582 1908 novus
1611 1874 1648 1906 in
1674 1887 1714 1906 ea
1741 1873 1973 1906 adversarius
2000 1885 2119 1906 surro-

249 1947 367 1986 getur,
391 1947 570 1986 quatenus
592 1941 690 1974 litem
712 1941 924 1986 hujusmodi
946 1943 1202 1987 extinguentes
1229 1942 1384 1974 eundem
1410 1941 1609 1974 Johannem
1637 1940 1833 1974 Cheusardi
1855 1940 1891 1972 in
1917 1940 2014 1972 omni
2035 1941 2118 1984 jure

250 2014 285 2040 et
304 2008 348 2040 ad
369 2019 475 2040 omne
491 2008 554 2052 jus
575 2008 672 2053 quod
695 2008 813 2041 eidem
832 2008 987 2042 Johanni
1007 2009 1172 2042 Saunerii
1191 2016 1353 2054 tempore
1376 2009 1432 2041 sui
1454 2008 1575 2041 obitus
1597 2008 1633 2040 in
1655 2008 1747 2040 dicta
1764 2007 1977 2040 cancellaria
1994 2018 2059 2039 seu
2076 2007 2119 2039 ad

250 2086 326 2107 eam
344 2074 621 2118 quomodolibet
637 2074 863 2120 competebat
881 2087 946 2108 seu
963 2082 1169 2120 competere
1187 2082 1339 2120 poterat,
1359 2086 1553 2120 sur-rogare
1572 2081 1606 2107 et
1622 2074 1739 2106 eidem
1753 2073 1908 2107 Johanni
1923 2073 2119 2107 Chcusardi

249 2141 293 2173 de
319 2141 413 2173 dicta
438 2141 665 2182 cancellaria,
688 2143 792 2186 cujus
820 2142 971 2183 fructus,
996 2149 1078 2184 etc.,
1102 2143 1249 2187 triginta
1275 2142 1358 2174 libr.
1382 2149 1501 2174 turon.
1530 2153 1628 2186 parv.
1659 2141 1859 2173 secundum
1888 2152 2116 2172 communem

248 2207 517 2240 extimationem
537 2207 697 2241 valorem
719 2220 877 2241 annuum
900 2221 973 2241 non
995 2209 1187 2250 excedunt,
1211 2209 1241 2241 si
1262 2208 1379 2241 adhuc
1400 2220 1464 2254 per
1486 2207 1622 2240 obitum
1642 2207 1726 2240 dicti
1745 2207 1925 2251 quondam
1942 2206 2118 2239 Johannis

247 2275 377 2306 Jarson
405 2280 465 2306 aut
491 2274 667 2307 Johannis
694 2275 860 2307 Saunerii
886 2287 951 2308 seu
977 2275 1128 2308 liberam
1156 2275 1441 2320 resignationem
1467 2275 1621 2319 alicujus
1648 2274 1683 2306 in
1712 2286 1751 2306 ea
1773 2275 1834 2318 jus
1861 2273 2029 2306 habentis

250 2347 350 2374 vacet
370 2346 430 2372 aut
450 2340 713 2385 quamprimum
735 2341 832 2374 illam
849 2354 914 2387 per
931 2342 1215 2387 resignationem
1233 2342 1386 2386 alicujus
1404 2342 1440 2374 in
1455 2354 1494 2374 ea
1506 2342 1568 2385 jus
1585 2340 1751 2373 habentis
1768 2352 1893 2373 vacare
1910 2340 2116 2385 contigerit,

250 2407 368 2439 eidem
396 2406 551 2439 Johanni
582 2388 1011 2453 Cheufardffdignemini
1039 2409 1327 2442 misericorditer
1356 2408 1550 2453 providere
1579 2407 1910 2450 [nonobstantibus
1935 2407 2118 2440 canonica-

249 2479 260 2506 l
266 2474 343 2507 ibus
354 2479 387 2506 et
395 2472 607 2517 praebendis
618 2474 832 2515 Parisiens„
847 2476 1072 2516 Carnolens.⁷
1089 2476 1316 2515 Tornacens„
1331 2476 1590 2516 Cameracens„
1602 2479 1635 2507 et
1645 2473 1908 2513 Silvanectens„
1922 2484 1962 2506 ac
1970 2474 2116 2517 paroch.

248 2540 399 2573 ecclesiis
418 2539 460 2573 de
485 2540 651 2585 Onyvilla
672 2546 704 2574 et
732 2540 773 2574 de
794 2541 992 2576 Clzristolio
1009 2548 1041 2575 et
1061 2542 1256 2586 capellania
1276 2541 1318 2575 ale
1336 2541 1513 2575 Belloloco
1528 2547 1630 2586 atque
1646 2540 1850 2573 canonicatu
1871 2545 1903 2573 et
1918 2540 2119 2584 praebenda

248 2608 285 2640 S.
300 2606 622 2648 PetriJnsulensis,
640 2618 788 2652 quorum
804 2609 959 2642 omnium
965 2609 1117 2653 fructus
1131 2611 1211 2642 500
1223 2609 1307 2642 libr.
1327 2620 1392 2642 non
1407 2608 1522 2641 valent
1537 2607 1741 2649 annuatim]
1747 2607 2062 2639 .—C0ncessum2
2083 2613 2120 2639 ut

252 2674 396 2718 petitur.
421 2674 461 2706 B.
484 2674 664 2706 GRADENS.
687 2694 730 2699 —-
750 2675 828 2707 Dat.
854 2677 964 2708 Rome
986 2676 1080 2720 apud
1103 2676 1269 2708 Sanctum
1297 2676 1454 2715 Petrum,
1483 2681 1609 2718 quarto
1636 2674 1704 2706 kal.
1732 2673 1843 2714 Junii,
1870 2685 1963 2706 anno
1990 2673 2118 2717 primo.

346 2781 409 2811 Reg.
424 2780 519 2811 Suppl.
534 2780 644 2810 Eugenii
660 2781 700 2808 lv,
715 2785 743 2804 n⁰
758 2782 811 2810 259,
827 2782 872 2805 fol.
889 2782 956 2805 245⁶.

347 2873 371 2897 1.
390 2873 448 2897 Vid.
462 2881 545 2905 supra
560 2877 589 2896 n⁰
605 2875 674 2897 2328.
691 2887 720 2891 —
736 2874 760 2899 2.
776 2875 826 2898 Sed
842 2875 957 2898 nondum
974 2875 1096 2899 obtinuit.
