2502 3418
951 331 1278 354 CHARTULARIUM
1311 330 1505 353 UNIVERS.
1539 329 1673 351 PARIS.

376 456 436 479 2105

377 604 438 626 2106

378 662 437 684 2107

378 764 438 787 2108

377 1321 438 1344 2113

377 1423 437 1446 2114

377 1526 438 1548 2115

378 1628 438 1651 2116

378 1731 438 1753 2117

378 1833 439 1856 2118

379 1936 440 1958 2119

380 2084 440 2106 2120

380 2181 438 2204 2121

380 2280 440 2302 2122

381 2333 441 2355 2123

381 2431 395 2453 ¹0

399 2430 441 2453 124

382 2529 442 2551 2125

383 2626 443 2648 2126

383 2679 442 2701 2127

384 2736 443 2758 2128

512 454 577 479 1418

476 2180 622 2206 14184419

514 2274 581 2300 1419

698 453 770 476 Junii
787 453 815 476 16

712 601 776 624 Julii
796 602 810 624 6

689 659 800 690 Augusti
815 660 829 682 9

700 763 819 793 Augusto

662 904 824 936 Septembris
839 906 853 927 9

731 1020 761 1025 -
839 1009 854 1030 9

683 1110 836 1141 Septembre

682 1213 803 1253 Octobris
819 1214 832 1236 3

730 1330 760 1334 -
820 1318 834 1339 6

662 1419 754 1442 octob.
771 1419 809 1448 15,
827 1419 856 1442 16

675 1521 797 1546 Octobris
813 1523 842 1545 22

720 1639 750 1643 —
813 1625 842 1648 27

667 1727 822 1751 Novembris
838 1728 852 1750 3

733 1844 760 1848 —
823 1831 852 1853 26

671 1933 821 1957 Decembris
836 1934 851 1956 6

691 2080 831 2104 Decembre

671 2180 732 2203 Dec.
750 2179 850 2203 29-Jan.

686 2276 806 2300 Januarii
822 2278 835 2300 3

680 2624 816 2647 Februarii
831 2625 846 2647 4

657 2678 668 2700 J
674 2686 715 2700 an.
727 2678 829 2701 li-Mart.
839 2678 868 2701 15

659 2736 718 2759 Feb.
727 2736 866 2767 15-Apri1.1

893 453 952 476 Fac.
968 452 1114 475 medicinae
1134 451 1268 475 concludit
1283 450 1431 474 Johannem
1449 450 1611 480 L'Aventage
1624 452 1650 472 et
1666 449 1831 471 Ber-nardum
1847 448 1958 472 Nivardi
1978 447 2011 470 ad
2025 447 2158 473 licentiam

923 497 1111 524 admittendos,
1125 496 1246 528 quamvis
1264 499 1369 527 tempus
1386 495 1527 518 lectionum
1546 502 1655 517 suarum
1672 493 1787 524 probare
1801 501 1853 516 non
1868 492 1983 524 possint,
1998 492 2031 516 ob
2046 491 2159 515 edictum

924 542 998 565 ducis
1015 541 1185 572 Burgundiae
1199 541 1248 563 sub
1265 548 1350 571 poena
1363 540 1466 570 mortis,
1479 548 1510 563 ne
1526 539 1584 571 quis
1602 547 1693 562 eorum
1708 538 1809 561 veniret
1826 537 1941 561 Parisios
1946 553 2160 561 .........

893 599 1013 625 Officium
1029 598 1204 626 cancellariae
1220 598 1305 622 Paris.
1318 597 1433 621 dohanni
1449 597 1633 626 Courtccuisse
1648 596 1818 619 commissum
1823 612 2159 619 ..............

893 658 1059 682 Universitas
1075 656 1239 680 calamitates
1255 655 1427 687 quinquennii
1443 654 1542 686 peracti
1558 658 1583 678 et
1598 658 1696 678 statum
1715 654 1862 677 desolatum
1880 653 1961 677 studii
1979 653 2115 682 describit,
2131 661 2160 677 ea

924 702 1091 734 reprobando
1107 709 1286 733 quaecumque
1301 700 1467 724 Universitas
1483 703 1576 723 contra
1592 699 1685 723 ducem
1701 699 1871 730 Burgundiae
1884 698 1975 722 fecerit
1978 715 2159 722 ........

894 760 1059 785 Universitas
1081 760 1113 783 ad
1134 759 1276 782 Martinum
1296 759 1325 787 V,
1346 761 1375 781 ut
1396 758 1421 780 in
1442 757 1552 781 Francia
1573 758 1661 781 sedem
1684 765 1759 780 suam
1775 757 1808 781 ad
1823 765 1915 789 pacem
1932 757 2079 780 faciendam
2093 756 2161 780 inter

924 806 976 828 duo
991 812 1073 836 regna
1088 804 1245 834 constituat;
1262 811 1321 826 cum
1336 806 1423 826 tamen
1436 802 1492 834 jam
1507 802 1533 825 in
1549 802 1637 825 animo
1652 802 1749 826 haheat
1766 803 1845 834 Alpes
1862 801 1985 829 transire,
2002 802 2095 825 saltem
2115 801 2161 825 ali-

925 853 989 881 quot
1003 857 1086 872 annos
1102 849 1129 872 in
1150 848 1261 872 Francia
1281 847 1380 871 morari
1396 847 1520 878 dignetur
1528 863 2160 871 .........................

894 908 1003 932 Carolus
1017 907 1049 930 Vl
1066 906 1195 938 quidquid
1211 906 1243 929 de
1259 905 1400 929 collatione
1415 905 1604 928 beneficiorum
1622 907 1760 933 statuerat,
1776 904 1886 928 consilio
1901 904 1976 928 ducis
1991 904 2160 936 Burgundiac

925 956 1002 983 atque
1018 951 1216 979 Universitatis,
1232 953 1339 974 revocat
1348 966 2158 974 ................................

894 1011 1050 1034 Doctoratus
1066 1009 1163 1033 decret.
1175 1009 1253 1032 Petro
1269 1009 1300 1032 de
1314 1009 1417 1032 Lacoux
1432 1016 1446 1031 a
1461 1007 1574 1031 Martino
1584 1008 1605 1030 V
1618 1007 1741 1038 collatus,
1755 1008 1817 1039 quia
1834 1010 1944 1039 propter
1960 1007 2031 1031 bella
2045 1007 2160 1031 Parisios

924 1055 947 1078 is
960 1055 1084 1078 accedere
1100 1053 1221 1085 nequiret
1224 1069 2158 1078 .....................................

893 1112 1059 1137 Universitas
1075 1112 1168 1135 incolis
1185 1111 1333 1142 Rotomagi,
1351 1111 1394 1143 qui
1410 1119 1467 1134 eam
1488 1110 1697 1135 sollicitaverant
1714 1114 1743 1134 ut
1758 1119 1773 1134 a
1790 1119 1852 1142 rege
1867 1114 1893 1135 et
1909 1111 1975 1135 duce
1991 1111 2161 1143 Burgundiae

924 1157 1067 1181 exercitum
1083 1156 1181 1180 auxilio
1196 1159 1336 1180 venturum
1352 1156 1505 1187 impetraret
1510 1173 2159 1181 ..........................

894 1216 931 1239 Ad
944 1215 1151 1238 continuandum
1167 1214 1266 1238 bellum
1282 1214 1418 1246 impositio
1434 1222 1514 1246 super
1534 1222 1584 1237 non
1600 1214 1785 1245 privilegiatos
1801 1217 1827 1238 et
1840 1213 2025 1246 privilegiatos
2042 1214 2159 1244 decreta;

925 1268 1006 1292 super
1019 1268 1070 1292 qua
1086 1263 1172 1283 rector
1186 1268 1246 1282 cum
1262 1259 1399 1290 magistris
1412 1258 1542 1282 invitatur
1556 1259 1704 1282 deliberare
1712 1275 1823 1283 .....
1836 1292 1838 1295 ¹
1843 1276 2160 1283 .............

894 1319 1005 1342 Carolus
1016 1319 1050 1342 VI
1061 1318 1187 1350 reprobat
1202 1326 1382 1349 quaecumque
1393 1317 1420 1341 in
1431 1317 1548 1341 Concilio
1565 1317 1760 1341 Constantiensi
1776 1317 1904 1341 adversus
1920 1326 1992 1349 mag.
2007 1318 2067 1342 Joh.
2083 1318 2159 1342 Parvi

924 1364 1068 1394 ducemque
1084 1362 1255 1394 Burgundine
1271 1365 1346 1394 gesta
1362 1362 1403 1385 vel
1419 1362 1489 1386 dicta
1506 1362 1604 1386 fuerint
1619 1370 1668 1394 per
1685 1370 1757 1394 mag.
1771 1362 1832 1386 Joh.
1846 1362 1990 1386 Gersonem
2006 1362 2133 1395 aliosque.
2153 1380 2159 1386 .

893 1421 1026 1445 ,lohannes
1043 1420 1227 1444 Courtecuisse
1240 1420 1348 1451 eligitur
1364 1420 1395 1443 ad
1412 1420 1614 1451 proponendum
1630 1428 1718 1443 coram
1739 1428 1800 1451 rege
1819 1423 1845 1444 et
1859 1420 1924 1444 duce
1939 1421 2117 1453 Burgundiae,
2132 1423 2160 1444 ut

924 1465 1082 1497 provideant
1099 1468 1191 1488 contra
1209 1468 1300 1496 gentes
1319 1472 1463 1492 armorum,
1479 1473 1511 1487 ne
1527 1464 1587 1487 urbi
1603 1464 1688 1488 Paris.
1704 1465 1854 1488 necessaria
1868 1465 1901 1488 ad
1916 1465 1998 1488 vitam
2013 1465 2109 1489 desint.
2128 1483 2133 1488 .
2153 1482 2159 1488 .

894 1525 954 1547 Fac.
976 1523 1131 1552 medicinae,
1148 1526 1257 1554 propter
1272 1522 1407 1546 miseriam
1429 1526 1588 1554 temporum,
1612 1522 1736 1546 lectiones
1752 1526 1777 1546 et
1797 1523 1989 1555 disputationes
2011 1515 2160 1547 ordinarias

924 1577 1007 1600 usque
1022 1571 1084 1600 post
1104 1570 1199 1591 festum
1215 1569 1315 1599 Regum
1335 1567 1433 1592 differt.
1454 1589 1458 1593 .
1479 1585 1485 1591 .
1505 1585 1510 1591 .
1530 1585 1536 1591 .
1557 1586 1561 1591 .
1582 1585 1588 1591 .
1608 1585 1614 1591 .
1634 1585 1639 1590 .
1661 1587 1666 1593 .
1685 1584 1691 1591 .
1711 1586 1716 1591 .
1737 1585 1743 1591 .
1764 1586 1769 1591 .
1790 1586 1795 1591 .
1815 1585 1821 1591 .
1843 1587 1847 1591 .
1868 1587 1873 1591 .
1893 1572 1902 1591 .’
1920 1585 2159 1593 ..........

894 1627 1004 1650 Carolus
1020 1626 1053 1649 VI
1072 1626 1214 1657 magistros
1231 1629 1256 1649 et
1271 1626 1322 1649 alia
1339 1625 1478 1657 supposita
1496 1626 1685 1650 Universitatis
1706 1634 1721 1649 a
1742 1626 1817 1650 novis
1835 1626 1954 1649 vinorum
1969 1629 2079 1658 propter
2093 1626 2161 1650 obsi-

925 1671 1029 1694 dionem
1047 1670 1186 1701 Rotomagi
1202 1670 1418 1702 impositionibus
1437 1671 1528 1694 eximit
1535 1688 2160 1696 .........................

894 1730 986 1753 Petrus
1007 1729 1040 1752 ad
1060 1729 1144 1752 Boves
1163 1729 1190 1752 in
1213 1737 1333 1752 sermone
1354 1729 1483 1760 scriptum
1503 1729 1622 1761 episcopi
1642 1729 1726 1753 Paris.
1748 1729 1814 1761 legit
1832 1738 1883 1761 quo
1906 1729 2050 1753 sententiae
2071 1732 2161 1753 contra

925 1774 1017 1797 ducem
1033 1773 1203 1805 Burgundiae
1218 1774 1288 1797 latae
1304 1777 1462 1797 revocantur
1475 1791 1901 1799 .................
1916 1783 1918 1786 ’
1921 1791 2160 1799 ..........

895 1833 923 1856 In
939 1832 1104 1855 Parlamento
1120 1835 1207 1855 rector
1228 1835 1253 1855 et
1268 1832 1358 1863 plures
1375 1831 1498 1863 magistri
1515 1832 1664 1856 deliberant
1678 1833 1809 1864 quomodo
1831 1832 1891 1855 urbi
1906 1832 1990 1856 Paris.
2009 1841 2161 1856 succurren-

926 1877 988 1900 dum
1004 1877 1039 1900 sit
1056 1880 1184 1908 quantum
1199 1877 1232 1900 ad
1246 1877 1315 1900 vitae
1330 1877 1489 1900 necessaria.
1510 1894 1516 1900 .
1536 1894 1541 1900 .
1562 1898 1567 1902 .
1587 1894 2160 1902 .......................

895 1935 1016 1966 Magistri
1037 1938 1156 1966 regentes
1178 1936 1227 1958 sac.
1248 1934 1394 1958 medicinae
1415 1943 1457 1959 an.
1480 1935 1624 1959 1418-1419.
1644 1935 1771 1959 Absentes
1790 1939 1900 1967 propter
1924 1935 2114 1959 ambassiatam
2135 1935 2161 1959 in

925 1979 999 2003 curia
1023 1980 1148 2010 Romana,
1172 1980 1212 2003 vel
1235 1979 1372 2003 occasione
1397 1980 1540 2009 bellorum,
1559 1983 1618 2008 etc.,
1636 1983 1756 2011 regentes
1781 1983 1949 2012 reputantur,
1965 1981 2107 2004 dummodo
2130 1981 2162 2004 de

926 2024 1061 2048 ordinaria
1074 2024 1101 2047 in
1117 2024 1208 2048 ordine
1224 2033 1271 2047 suo
1287 2024 1424 2056 disputent
1431 2042 2160 2050 .............................

896 2082 1062 2106 Universitas
1079 2083 1111 2105 ad
1131 2082 1251 2106 civitates
1267 2086 1292 2106 et
1307 2090 1435 2114 personas
1452 2083 1527 2114 regni
1543 2083 1574 2106 de
1589 2083 1696 2106 miseria
1712 2083 1785 2106 urbis
1806 2083 1954 2114 Rotomagi,
1972 2086 1999 2106 ut
2014 2083 2037 2107 ei
2056 2091 2163 2106 succur-

926 2130 995 2150 rant.
1012 2127 1179 2150 Universitas
1195 2135 1223 2150 se
1238 2127 1321 2150 libere
1342 2127 1418 2151 offert
1438 2128 1471 2150 ad
1491 2128 1697 2151 succurrendum
1713 2127 1851 2151 subsidiis.
1870 2145 1877 2151 .
1896 2144 1904 2150 „
1923 2145 1931 2156 ἱ
1949 2145 2161 2152 .........

897 2180 1062 2204 Universitas
1087 2181 1119 2203 ad
1145 2189 1244 2211 regem,
1267 2181 1359 2204 ducem
1381 2181 1551 2212 Burgundiae
1570 2184 1595 2204 ct
1610 2181 1749 2213 quemdam
1771 2181 1852 2204 alium
1872 2181 1990 2213 [Petrum
2013 2181 2163 2214 Cauehon7]

927 2225 1053 2256 epistolas
1070 2225 1101 2248 dc
1116 2225 1214 2248 auxilio
1231 2225 1339 2249 serendo
1354 2226 1509 2257 Rotomago,
1531 2229 1555 2249 et
1570 2226 1602 2249 de
1617 2226 1727 2250 tuitione
1740 2226 1949 2257 'privilegiorum
1964 2225 2160 2250 Universitatis.

897 2279 1018 2302 Facultas
1035 2278 1180 2302 medicinae
1196 2279 1261 2302 duos
1278 2279 1421 2310 magistros
1436 2288 1483 2311 per
1498 2283 1699 2311 procuratorem
1714 2279 1851 2311 disputare
1868 2280 1998 2311 permittit
2000 2297 2160 2304 .......

897 2333 1007 2356 Carolus
1033 2333 1065 2355 V1
1090 2332 1196 2355 ordinat
1216 2333 1285 2364 quod
1306 2333 1472 2356 solummodo
1492 2333 1547 2357 veri
1572 2333 1707 2357 scholares
1727 2333 1838 2357 Parisiis
1859 2333 2051 2357 commorantes
2073 2333 2162 2366 ibique

927 2377 1061 2400 studentes
1077 2380 1156 2408 gueto
1174 2377 1347 2409 custodiaque
1367 2381 1505 2409 portarum
1519 2377 1596 2402 liberi
1610 2377 1664 2401 sint
1667 2395 2162 2402 ....................

898 2430 1033 2454 Licentiati
1051 2433 1104 2453 tres
1124 2430 1150 2452 in
1166 2430 1305 2460 medicina,
1320 2430 1364 2462 qui
1380 2434 1441 2454 tunc
1460 2430 1553 2455 illicite
1568 2432 1760 2463 practicabant,
1779 2443 1792 2454 «
1809 2432 1932 2455 sommati
1947 2442 1960 2453 »
1983 2433 2068 2456 facere
2087 2432 2164 2464 prin-

927 2475 1005 2506 cipia,
1021 2474 1182 2506 respondent
1199 2483 1226 2498 se
1242 2483 1293 2498 non
1306 2475 1458 2507 incepturos
1474 2479 1614 2508 antequam
1630 2479 1750 2508 tempora
1764 2477 1874 2500 meliora
1891 2477 1955 2500 fiant
1957 2494 2162 2501 .........

898 2528 1077 2552 Cancellarius
1094 2528 1219 2552 Franciae
1237 2529 1262 2552 in
1277 2529 1445 2553 Parlamento
1460 2538 1549 2553 coram
1567 2530 1701 2561 deputatis
1717 2530 1905 2554 Universitatis
1920 2530 2033 2562 aliisque
2047 2530 2160 2562 exponit,

927 2581 1008 2604 quare
1023 2581 1069 2596 rex
1088 2573 1234 2604 Rotomago
1253 2581 1407 2597 succurrere
1427 2582 1478 2597 non
1493 2574 1610 2606 potuerit
1613 2591 2161 2599 ......................

899 2626 1020 2649 Facultas
1036 2626 1182 2650 medicinae
1199 2626 1357 2658 portitorem
1375 2627 1416 2650 sui
1432 2627 1512 2651 rotuli
1527 2627 1615 2659 eligit.
1635 2645 1641 2651 .
1662 2644 1683 2652 ,Α
1688 2644 2161 2652 ...................

898 2680 1002 2702 Statuta
1018 2679 1152 2703 facultatis
1166 2680 1331 2703 decretorum
1342 2681 1374 2704 de
1387 2681 1564 2711 licentiandiS,
1576 2685 1685 2713 propter
1698 2681 1827 2705 malitiam
1839 2685 1995 2713 temporunr
2004 2681 2162 2705 necessaria.

899 2738 1019 2760 Mandata
1037 2737 1116 2768 regis,
1134 2740 1163 2760 ut
1182 2737 1295 2767 litterae,
1314 2738 1409 2770 quihus
1432 2739 1611 2763 ordinationes
1632 2739 1695 2763 olim
1715 2740 1799 2763 editas
1819 2729 1850 2763 de
1867 2729 2020 2763 reductione
2038 2739 2163 2763 ecclesiae

929 2781 1080 2805 Gallicanae
1104 2785 1220 2812 revocat,
1250 2783 1420 2813 publicentur
1440 2787 1465 2807 ct
1490 2783 1679 2814 inscribantur,
1707 2784 1780 2807 curia
1799 2783 1959 2808 Par-lamenti
1988 2792 2039 2807 non
2061 2783 2161 2808 obedit:

929 2826 1094 2849 solummodo
1119 2827 1261 2850 mandante
1285 2828 1444 2851 cancellario
1470 2828 1558 2851 scriba
1582 2829 1731 2859 publicata
1755 2829 1933 2860 subscripsit?
1955 2828 2050 2852 obedit
2076 2828 2162 2859 quoad

929 2870 1136 2901 publicationem
1153 2871 1302 2895 litterarum
1318 2872 1483 2904 tangentium
1497 2873 1707 2904 propositionem
1722 2873 1850 2896 Johannis
1868 2873 1956 2897 Parvi.
1976 2890 1995 2896 ..
2001 2889 2162 2897 .......

2204 536 2250 559 344

2204 594 2250 617 344

2205 697 2250 719 344

2205 845 2250 868 347

2205 947 2251 970 343

2205 1051 2251 1073 349

2204 1134 2253 1176 356

2205 1256 2251 1279 350

2205 1358 2248 1382 ³51

2204 1444 2254 1504 3511

2205 1563 2256 1587 354

2205 1663 2255 1691 3524

2205 1764 2256 1794 353

2206 1873 2255 1899 354

2206 2020 2252 2044 354

2206 2123 2255 2158 355

2207 2221 2255 2244 357

2207 2275 2253 2298 359

2206 2373 2253 2396 359

2207 2471 2253 2494 359

2207 2574 2253 2597 359

2207 2627 2251 2650 361

2207 2680 2251 2704 361

2207 2872 2252 2895 362
