2502 3418
261 329 356 365 1412]
604 342 650 363 ΑΒ
685 342 790 363 ΑΝΝο
825 341 1114 364 MCCCLxxxxiv
1148 342 1281 369 usone
1319 342 1365 362 AD
1402 342 1539 363 xxxvii
1578 343 1782 365 nccccrn.
2065 336 2128 369 227

257 416 351 448 cimo
373 428 472 448 more
494 415 695 457 Gallicano,
718 415 918 448 indictione
939 415 1077 460 quinta,
1104 415 1163 447 die
1184 415 1308 447 martis
1329 415 1501 447 vicesima
1524 417 1633 447 tercia
1657 417 1794 448 mensis
1818 417 2017 459 Februarii,
2041 431 2130 463 pon-

258 482 413 515 tificatus
435 482 656 515 sanctissimi
677 482 713 514 in
734 482 881 515 Christo
904 482 1015 527 patris
1037 488 1071 514 et
1092 482 1230 514 domini
1252 482 1381 522 nostri⁷
1402 481 1540 513 domini
1560 482 1736 515 Johannis
1759 483 1878 515 divina
1903 485 2128 527 providentia

260 561 349 594 pape
365 549 528 582 vicesimi
549 549 644 581 tertii
664 561 758 582 anno
780 548 955 589 secundo7
980 549 1016 581 in
1038 548 1323 581 reverendorum
1345 549 1381 580 in
1403 548 1549 581 Christo
1573 555 1710 592 patrum
1734 549 1963 581 dominorum
1988 551 2129 594 episco-

259 628 386 660 porum
404 616 667 648 Tornacensis¹
691 622 726 648 et
747 615 1053 649 Silvanectensis²
1075 622 1110 647 et
1136 615 1290 648 aliorum
1312 615 1543 647 dominorum
1566 615 1821 659 episcoporum
1846 623 1878 648 et
1900 616 2066 648 abbatum
2091 630 2129 649 ac

259 682 515 715 nonnullorum
540 682 768 715 dominorum
791 682 835 715 de
856 681 1011 715 consilio
1032 682 1275 714 illustrissimi
1297 681 1434 714 domini
1462 681 1577 714 nostri
1600 683 1818 714 Francorum
1849 683 1946 726 regis
1968 683 2011 714 ad
2033 684 2129 716 Con-

257 749 379 781 cilium
398 749 552 781 ecclesie
570 749 756 782 Gallicane
778 749 814 781 in
836 749 967 794 palatio
985 748 1098 793 regali
1119 748 1318 781 Parisiensi
1339 747 1559 781 celebrando
1577 760 1677 781 more
1695 748 1803 780 solito
1821 756 2128 793 congregatorum

257 822 292 848 et
312 816 588 848 consedentium
610 822 893 860 nostrorumque
915 816 1137 848 notariorum
1165 815 1393 860 publicorum
1417 822 1453 847 et
1474 815 1618 848 testium
1643 815 1956 860 infrascriptorum
1982 828 2131 860 presen-

258 883 317 923 tia,
340 889 488 927 propter
508 882 575 915 hoc
602 882 843 927 personaliter
863 883 1072 916 constitutis
1092 882 1366 915 venerabilibus
1388 888 1423 914 et
1443 882 1718 926 circumspectis
1740 883 1828 915 viris
1848 883 2004 925 Jdomino
2027 883 2131 915 Guil-

257 950 366 982 lelmo
389 949 573 982 Rousselli
594 950 768 995 magistro
789 949 826 982 in
851 949 990 982 artibus
1019 956 1054 982 et
1083 949 1288 982 bachalario
1317 949 1354 981 in
1382 948 1580 994 theologia,
1608 948 1699 981 alme
1729 949 1851 981 matris
1874 949 2131 982 Universitatis

261 1016 476 1049 Parisiensis
499 1023 651 1058 rectore,
679 1029 718 1049 ac
747 1016 883 1049 decano
905 1016 1127 1049 venerabilis
1154 1016 1334 1048 facultatis
1355 1016 1484 1048 artium
1513 1015 1556 1047 de
1584 1016 1745 1060 predicta
1767 1016 2012 1048 Universitate
2035 1015 2132 1048 Pari-

259 1083 408 1123 siensi³,
435 1095 578 1116 necnon
605 1083 780 1128 magistro
809 1085 914 1116 Petro
937 1083 1119 1128 Guigonis
1140 1083 1315 1127 magistro
1337 1083 1373 1115 in
1394 1082 1546 1123 artibus,
1569 1089 1804 1127 procuratore
1826 1089 1859 1115 et
1881 1083 2024 1114 sindico
2047 1082 2133 1115 sub-

258 1150 384 1183 stituto
406 1150 568 1195 predicte
589 1150 769 1183 facultatis
799 1151 941 1192 artium,
970 1151 1130 1195 prefatus
1156 1150 1327 1182 dominus
1354 1156 1485 1185 rector,
1510 1156 1548 1181 ut
1576 1156 1611 1181 et
1636 1156 1815 1193 tamquam
1846 1149 2006 1181 decanus
2037 1149 2131 1181 dicte

258 1217 436 1250 facultatis
457 1217 598 1257 artium,
618 1217 807 1262 implorata
828 1229 893 1261 per
913 1217 1031 1262 ipsum
1055 1217 1157 1262 prius
1179 1223 1213 1249 et
1234 1217 1423 1261 impetrata
1441 1229 1458 1248 a
1476 1216 1583 1248 dictis
1606 1216 1764 1248 dominis
1786 1216 1937 1260 prelatis
1960 1216 2133 1260 episcopo

258 1284 482 1316 Tornacensi
517 1284 726 1328 presidente
758 1291 793 1316 et
825 1284 905 1316 aliis
940 1284 977 1316 in
1007 1283 1136 1316 eodem
1167 1283 1333 1316 Concilio
1365 1283 1554 1316 Gallicano
1586 1283 1828 1315 existentibus
1859 1289 1894 1315 et
1924 1282 2133 1314 constitutis

258 1351 453 1390 audientia.v
476 1362 646 1383 asserens
673 1358 705 1383 et
734 1357 941 1396 protestans
963 1350 1061 1395 quod
1083 1362 1123 1383 ea
1144 1362 1214 1395 que
1236 1351 1401 1383 dicturus
1423 1356 1498 1382 erat
1519 1356 1553 1382 et
1575 1350 1712 1382 diceret
1734 1349 1967 1382 submittebat
1991 1361 2134 1381 correc-

260 1417 348 1450 tioni
369 1424 403 1450 et
424 1418 669 1450 emendationi
700 1418 853 1462 predicti
882 1417 1019 1450 domini
1050 1417 1165 1450 nostri
1196 1429 1286 1462 pape
1316 1417 1445 1449 summi
1478 1416 1661 1461 pontificis
1683 1423 1717 1448 ct
1738 1416 1893 1449 Concilii
1916 1415 2134 1448 universalis

260 1484 415 1517 ecclesie
437 1485 601 1529 proximo
623 1484 851 1524 celebrandi;
884 1484 1015 1517 nolens
1045 1496 1112 1517 nec
1142 1484 1248 1517 etiam
1280 1484 1475 1516 intendens
1503 1483 1628 1516 venire
1656 1489 1713 1515 aut
1743 1483 1861 1515 facere
1893 1482 2134 1526 quovismodo

260 1558 383 1584 contra
406 1558 535 1584 statuta
564 1563 629 1584 seu
657 1551 907 1584 ordinationes
938 1551 1058 1596 regias
1087 1558 1123 1584 et
1147 1551 1302 1584 ecclesie
1324 1551 1510 1584 Gallicane
1539 1550 1674 1582 dudum
1699 1556 1733 1582 et
1760 1549 1796 1581 in
1818 1549 1946 1581 ultimo
1969 1548 2134 1582 Concilio

260 1618 447 1651 Gallicano
476 1630 587 1663 super
617 1618 844 1651 neutralitate
873 1625 908 1650 et
936 1618 1198 1650 beneficiorum
1227 1618 1422 1650 collatione
1455 1617 1618 1649 facienda
1649 1623 1682 1649 et
1713 1616 1978 1649 substrahenda
2009 1617 2135 1660 (prout

260 1685 350 1717 sacta
372 1691 406 1717 et
427 1685 629 1717 substracta
651 1685 768 1717 extitit
788 1686 894 1717 Petro
916 1685 959 1717 de
982 1687 1093 1726 Luna,
1121 1685 1182 1729 qui
1204 1696 1321 1729 nuper
1345 1684 1566 1716 Benedictus
1589 1683 1752 1715 decimus
1776 1683 1905 1715 tertius
1932 1694 2022 1727 papa
2043 1694 2136 1714 nun-

260 1751 467 1796 cupabaturl
491 1752 651 1785 Parisius
673 1752 710 1784 in
731 1752 827 1784 dicto
849 1752 980 1796 palatio
1001 1752 1103 1797 regio
1126 1751 1309 1784 celebrato
1332 1758 1366 1784 et
1386 1757 1624 1795 congregatO,
1647 1750 1683 1781 in
1705 1762 1776 1794 quo
1799 1749 1944 1793 quidem
1968 1748 2134 1781 Concilio

259 1818 446 1852 Gallicano
478 1818 621 1851 (licebat
649 1825 683 1851 et
711 1819 898 1852 asserebat
924 1819 1093 1852 dominus
1123 1825 1243 1851 rector
1276 1819 1436 1863 prefatus
1471 1817 1702 1850 collationem
1731 1816 1991 1848 beneficiorum
2017 1815 2134 1848 eidem

259 1887 364 1918 Petro
387 1886 431 1918 de
453 1887 550 1918 Luna
572 1886 649 1918 sore
671 1885 910 1919 substractam
935 1893 969 1918 et
997 1886 1041 1918 ad
1071 1885 1301 1918 collationem
1334 1897 1398 1917 seu
1428 1884 1706 1929 dispositionem
1738 1883 2005 1915 ordinariorum
2034 1889 2069 1915 et
2096 1894 2135 1914 ea

258 1953 469 1985 conferendi
496 1953 558 1997 jus
588 1952 797 1985 habentium
826 1953 1046 1994 devolutam,
1078 1953 1194 1985 donec
1226 1959 1260 1985 et
1289 1963 1482 1997 quousque
1513 1951 1550 1983 in
1578 1950 1776 1983 universali
1807 1949 1961 1982 ecclesia
1994 1950 2060 1981 Dei
2092 1949 2135 1982 de

260 2019 367 2052 unico
389 2026 423 2052 et
443 2019 647 2052 indubitato
670 2032 812 2052 summo
834 2020 1004 2065 pontifice
1026 2020 1156 2052 fuisset
1184 2020 1370 2064 provisum
1397 2019 1454 2052 vel
1486 2030 1550 2063 per
1579 2017 1782 2051 Concilium
1811 2016 1967 2049 ecclesie
1989 2016 2135 2048 univer—

260 2086 346 2119 salis
382 2087 544 2131 predicte
583 2098 626 2119 ex
660 2093 745 2119 tunc
780 2087 943 2132 proxime
977 2086 1237 2119 celebrandum
1269 2086 1374 2119 aliter
1402 2092 1573 2118 statutum
1606 2096 1670 2116 seu
1702 2084 1906 2116 ordinatum
1943 2083 2133 2115 extitisset.

262 2154 303 2186 Et
336 2153 399 2190 sicr
436 2165 479 2185 ex
509 2165 579 2198 quo
615 2154 680 2186 Dei
713 2154 827 2199 gratia
859 2154 1047 2187 modernis
1084 2153 1311 2198 temporibus
1346 2153 1492 2185 unicum
1525 2158 1558 2184 et
1588 2150 1829 2183 indubitatum
1866 2150 1901 2181 in
1936 2149 2134 2182 universali

261 2220 414 2252 ecclesia
437 2220 503 2252 Dei
527 2220 762 2253 habuerimus
784 2227 818 2253 ct
838 2221 1035 2254 habeamus
1057 2221 1101 2253 dc
1123 2221 1284 2266 presenti
1307 2232 1487 2252 summum
1510 2218 1731 2263 pontificem,
1756 2216 1927 2250 videlicet
1948 2216 2133 2248 dominum

262 2294 441 2328 nostrum⁷
460 2287 644 2319 dominum
662 2287 861 2320 Johannem
880 2288 1000 2321 divina
1018 2288 1246 2333 providentia
1268 2299 1393 2332 papam
1411 2286 1624 2319 vicesimum
1643 2284 1803 2323 tertium,
1822 2283 1864 2315 ad
1887 2283 2003 2327 ipsum
2023 2282 2133 2314 omni-

262 2354 366 2386 moda
387 2353 531 2386 collatio
554 2362 588 2386 et
609 2354 803 2399 dispositio
825 2354 1087 2388 beneficiorum
1110 2365 1436 2400 quorumcumque,
1467 2351 1770 2397 quemadmodum
1795 2356 1829 2381 ct
1850 2349 2133 2394 predecessores=

261 2421 318 2453 sui
340 2421 470 2452 summi
492 2420 683 2465 pontifices
704 2421 801 2453 unici
823 2428 858 2454 et
877 2421 1070 2454 indubitati
1098 2421 1315 2462 habuerunt⁷
1344 2420 1460 2453 extitit
1481 2419 1662 2455 devoluta,
1689 2416 1785 2461 quod
1808 2428 1849 2448 ex
1878 2415 1944 2447 hoc
1966 2422 2132 2447 constare

262 2487 417 2523 dicebat,
439 2488 590 2520 maxime
612 2487 692 2532 quia
718 2488 945 2522 Universitas
971 2489 1188 2522 Parisiensis
1212 2488 1372 2533 predicta
1394 2487 1510 2519 eidem
1534 2485 1681 2517 domino
1703 2482 1858 2516 Johanni
1881 2494 2021 2514 summo
2044 2494 2133 2526 pon-

262 2554 348 2587 tifici
370 2555 547 2587 moderno
565 2561 599 2587 ct
616 2555 850 2599 quamplures
872 2555 931 2588 alii
952 2556 1089 2588 domini
1112 2555 1252 2588 rotulos
1274 2567 1362 2587 suos
1385 2561 1562 2598 tamquam
1581 2552 1623 2584 ad
1647 2562 1766 2583 verum
1787 2556 1819 2581 et
1838 2549 1982 2580 [micum
2006 2560 2130 2593 papam

261 2633 300 2654 ac
321 2621 532 2654 collatorem
558 2621 819 2654 beneficiorum
846 2635 1159 2667 quorumcumque
1186 2621 1473 2666 supplicationes
1502 2618 1773 2663 suppositorum
1803 2615 1919 2660 ipsius
1947 2615 2133 2647 Universi-

262 2689 343 2721 tatis
365 2701 429 2733 pro
451 2689 578 2733 gratiis
600 2689 833 2733 expectativis
854 2690 992 2722 eisdem
1015 2690 1217 2734 suppositis
1239 2695 1274 2721 et
1299 2700 1423 2720 eorum
1447 2686 1604 2731 singulis
1627 2697 1665 2716 ac
1687 2683 1767 2715 aliis
1795 2694 1858 2726 per
1879 2682 1996 2726 ipsum
2019 2682 2133 2714 domi-

263 2766 347 2787 num
369 2762 533 2787 nostrum
563 2767 688 2799 papam
717 2756 892 2788 faciendis
922 2756 1153 2789 continentes
1183 2755 1431 2794 destinarum3
1465 2752 1554 2785 dixit
1587 2758 1619 2783 et
1651 2749 1808 2782 asseruit
1838 2760 1880 2780 ex
1911 2754 2010 2792 parte
2039 2748 2133 2780 dicte

262 2821 441 2854 facultatis
462 2822 590 2854 artium
613 2822 710 2866 quod
731 2821 831 2854 nullo
853 2822 961 2855 modo
983 2822 1198 2855 intentionis
1228 2821 1389 2866 predicte
1411 2818 1590 2852 facultatis
1619 2818 1733 2849 suerat
1764 2821 1823 2847 aut
1852 2821 1927 2846 erat
1956 2814 2133 2858 impedire

264 2888 519 2933 quovismodo,
545 2889 633 2934 quin
659 2888 795 2922 abusus
823 2895 856 2922 et
884 2890 1113 2922 extorsiones
1142 2889 1377 2934 pecuniarum
1400 2887 1461 2931 qui
1492 2884 1766 2918 committuntur
1792 2888 1826 2914 et
1852 2881 1941 2913 fiunt
1972 2881 2006 2913 in
2036 2882 2133 2913 curia
