2502 3418
375 335 439 368 650
958 342 1277 364 CHARTULARIUM
1313 341 1504 363 univssns.
1542 340 1672 363 PARIS.
2148 324 2249 362 [1444

467 420 554 451 Item
578 424 611 450 et
634 417 840 450 declaretur
861 417 1044 462 quomodo
1066 417 1144 461 ipsa
1167 416 1394 449 Universitas
1422 415 1501 448 sine
1523 414 1745 459 judiciorum
1770 414 1925 458 strepitu
1947 413 2063 446 audiri
2085 413 2192 446 debet
2214 420 2250 446 et

378 485 556 530 expediri,
579 491 614 517 et
634 483 705 516 sibi
726 483 822 516 illata
844 483 936 516 lesio
958 483 1151 516 sommarie
1174 489 1208 515 et
1225 482 1268 515 de
1290 481 1397 527 plano
1419 481 1675 526 perjudicium
1698 480 1800 526 regie
1821 479 2053 513 celsitudinis
2074 480 2246 525 reparari.

380 553 423 584 Et
444 552 490 584 ita
511 552 640 584 sactum
664 557 719 583 est
740 550 966 595 temporibus
990 549 1178 582 retroactis
1198 549 1234 581 in
1255 549 1348 581 sacto
1370 548 1507 581 domini
1529 547 1654 581 Karoli
1680 547 1723 580 de
1746 547 1908 591 Savoisy,
1931 547 1967 579 111
1994 547 2086 579 sacto
2111 546 2249 579 domini

381 618 571 652 Guillelmi
598 618 642 651 de
673 617 916 663 Tygnonville
943 623 978 649 et
1004 616 1085 649 aliis
1109 615 1290 661 pluribus.
1317 615 1374 648 Sic
1405 615 1500 647 enim
1532 614 1672 647 notoria
1703 614 1796 647 mala
1825 613 1998 647 continuo
2020 613 2248 658 reparantur,

375 686 517 731 justitia
539 684 748 731 petentibus
770 691 955 729 erogatur,
978 690 1010 716 et
1032 695 1100 728 pax
1120 682 1320 727 perhennis
1341 682 1378 714 in
1400 681 1524 714 eadem
1546 681 1792 715 Universitate
1814 680 1991 714 servatur.

470 754 558 786 Item
581 752 775 785 ostendant
799 751 869 795 ipsi
891 757 1069 789 oratores,
1097 749 1195 794 quod
1222 748 1306 781 licet
1332 748 1375 781 ad
1401 738 1535 781 1111113111
1562 748 1660 781 1113ἴο
1684 747 1920 781 Universitati
1942 747 2081 791 'injurie
2106 759 2249 792 repara-

381 820 515 853 tionem
539 820 585 852 sit
606 829 832 863 processum,
856 816 902 849 ob
926 816 1166 849 reverentiam
1193 822 1312 848 tamen
1334 815 1435 860 regie
1457 815 1655 859 majestatis
1677 821 1712 847 et
1732 827 1797 859 pro
1824 826 1970 848 suarum
1993 812 2253 847 satisfaciendo

382 887 565 920 contentis
597 885 811 925 litterarum,
839 884 916 928 ipsa
947 882 1175 916 Universitas
1200 894 1327 915 omnes
1360 881 1540 914 scolarum
1573 888 1608 914 et
1641 881 1838 914 lectionum
1871 882 1971 914 actus
2004 881 2249 925 resumpsit¹¹,

382 953 467 986 licet
488 964 635 986 suorum
654 951 930 996 privilegiorum
953 957 1059 982 tenor
1079 949 1242 990 haberet,
1267 948 1517 993 quod'licebat
1539 950 1656 993 usque
1676 948 1719 981 ad
1741 948 1958 993 condignam
1987 946 2250 993 reparationem

382 1032 527 1053 cessare
539 1020 577 1052 ¹².

472 1088 573 1127 Item,
597 1092 634 1118 ut
651 1087 723 1130 jam
746 1091 864 1129 pateat
885 1096 963 1117 cum
987 1083 1085 1116 omni
1107 1083 1310 1116 reverentia
1332 1083 1532 1128 loquendo,
1557 1083 1655 1127 quod
1676 1083 1836 1128 ipsarum
1857 1082 2059 1115 litterarum
2084 1080 2253 1114 contenta

382 1166 473 1187 nova
501 1152 808 1192 inconvenientia,
839 1151 1065 1184 turbationes
1094 1157 1129 1183 et
1165 1150 1421 1183 contentiones
1455 1150 1595 1195 pariant
1626 1156 1662 1182 et
1690 1150 1853 1190 afferant,
1889 1149 2094 1182 declaretur
2120 1147 2252 1181 modus

381 1233 487 1265 quem
509 1220 570 1253 isti
592 1219 728 1252 domini
753 1218 915 1263 pretensi
931 1218 1077 1262 judices
1100 1224 1307 1256 tenuerunt,
1332 1224 1367 1250 et
1389 1217 1572 1262 quomodo
1594 1217 1720 1261 regius
1746 1222 1959 1261 procurator
1986 1222 2105 1260 partes
2128 1221 2252 1248 contra

382 1287 661 1321 Universitatem
684 1286 849 1326 assumit,
875 1286 1088 1330 injuriarum
1111 1284 1322 1318 auctoribus
1348 1284 1384 1316 in
1408 1296 1495 1329 pace
1519 1284 1695 1316 dimissis.
1722 1284 1934 1328 Quanquam
1959 1295 2078 1327 neque
2101 1282 2253 1316 Univer—

381 1355 469 1387 sitas
486 1366 604 1398 neque
626 1360 746 1398 partes
763 1353 917 1386 adverse
935 1352 1073 1385 litteras
1091 1352 1188 1397 ipsas
1210 1351 1491 1396 acceptaverint,
1510 1351 1802 1396 presentaverint
1823 1357 1883 1383 aut
1909 1362 1947 1383 se
1969 1350 2106 1382 eisdem
2125 1349 2252 1382 volue-

381 1422 452 1454 rint
467 1422 608 1466 juvare,
627 1432 708 1466 ymo
734 1432 776 1453 ex
797 1419 961 1465 partibus
983 1419 1147 1452 adversis
1170 1418 1440 1452 declarantibus
1463 1430 1502 1451 se
1524 1425 1646 1463 partes
1667 1418 1891 1450 constituere
1914 1429 1987 1449 non
2007 1416 2115 1449 velle.

470 1490 557 1521 Item
569 1493 611 1520 'et
627 1487 713 1520 satis
732 1494 786 1520 est
802 1486 1004 1519 mirandum
1024 1486 1122 1530 quod
1138 1485 1380 1518 commissarii
1398 1485 1556 1518 ordinati
1573 1486 1684 1529 super
1701 1484 1764 1517 1110
1781 1491 1920 1524 mutuo,
1939 1485 2043 1528 cujus
2059 1483 2252 1516 occasione

381 1562 457 1588 orta
480 1562 535 1588 est
558 1554 792 1594 contentio¹³,
815 1554 973 1586 instante
995 1553 1256 1593 Universitate,
1283 1552 1483 1585 noluerunt
1504 1552 1650 1585 nomina
1672 1558 1707 1584 et
1729 1562 1887 1584 sommas
1909 1550 1995 1583 dare
2016 1549 2253 1583 Universitati

380 1622 527 1655 illorum
545 1634 609 1667 per
631 1633 694 1654 eos
711 1608 964 1666 impositorum
983 1626 1018 1653 et
1034 1619 1321 1664 compulsorum,
1341 1631 1433 1664 quos
1451 1618 1621 1652 dicebant
1635 1618 1730 1652 velle
1752 1618 1861 1651 eximi
1878 1625 1911 1651 et
1928 1617 2027 1650 abuti
2048 1616 2254 1662 privilegiis

380 1689 475 1722 dicte
501 1688 772 1729 Universitatis,
798 1699 1000 1732 quanquam
1030 1687 1107 1731 ipsa
1136 1686 1365 1719 Universitas
1394 1688 1519 1719 cerum
1549 1686 1694 1718 1101111113
1722 1691 1875 1730 peteret,
1898 1691 1935 1717 ut
1967 1684 2195 1724 reformaret,
2222 1680 2256 1716 Si

381 1768 473 1801 quos
502 1756 706 1800 repperiret
739 1754 875 1787 abusus
906 1760 941 1786 et
970 1766 987 1786 a
1020 1753 1168 1786 domino
1197 1759 1324 1786 nostro
1352 1765 1437 1798 rege
1466 1765 1540 1785 non
1570 1759 1711 1797 peteret
1741 1752 1996 1784 liberationem
2027 1750 2252 1783 abutentium

381 1834 700 1868 quorumcunque,
724 1828 759 1854 et
779 1828 818 1854 ut
842 1827 969 1866 posset
994 1821 1093 1865 regia
1115 1821 1284 1864 majestas
1308 1820 1516 1865 concipere,
1539 1819 1637 1864 quod
1663 1831 1729 1864 pro
1753 1819 1894 1851 modica
1921 1830 2059 1850 summa
2081 1824 2176 1850 tanta
2198 1817 2253 1849 in-

382 1890 502 1935 surgit
526 1889 695 1930 turbatio,
720 1888 889 1921 similiter
916 1888 1021 1920 etiam
1047 1900 1120 1920 non
1148 1887 1316 1920 obstante
1345 1887 1576 1919 ordinatione
1605 1886 1704 1931 regia
1732 1886 1917 1918 anullante
1945 1891 2107 1917 mutuum
2136 1895 2253 1928 nuper

381 1957 605 2002 impositum,
629 1968 702 1988 non
727 1955 932 1988 redduntur
955 1966 1074 1999 neque
1102 1954 1345 1987 restituuntur
1369 1953 1471 1986 vadia
1498 1960 1599 1998 capta
1625 1952 1842 1998 quibusdam
1870 1951 2084 1997 suppositis,
2112 1950 2253 1983 scilicet

381 2024 536 2057 Johanni
557 2023 759 2056 Theobaldi
776 2022 976 2067 papietario
993 2028 1134 2060 nostro,
1152 2033 1272 2066 neque
1290 2021 1483 2054 Francisco
1506 2020 1745 2053 Fa11ouche¹⁴.

471 2092 598 2124 Petant
617 2091 730 2135 igitur
750 2089 836 2122 dicti
857 2095 1034 2129 oratores,
1054 2088 1150 2133 quod
1172 2088 1311 2133 placeat
1331 2088 1479 2120 domino
1501 2094 1627 2120 nostro
1650 2087 1729 2131 regi
1750 2086 2014 2131 reparationem
2037 2084 2250 2130 injuriarum

384 2157 619 2191 Universitati
645 2157 838 2197 illatarum,
862 2156 956 2189 sicut
972 2155 1119 2200 petitur,
1143 2162 1203 2188 aut
1223 2154 1310 2188 alias
1332 2154 1583 2188 rationabilem
1602 2155 1638 2187 in
1656 2160 1825 2199 promptu
1851 2159 1885 2186 et
1909 2152 2102 2185 sommarie
2129 2151 2255 2184 decer-

384 2237 470 2258 nere
492 2232 527 2258 et
547 2225 730 2265 ordinare,
754 2230 888 2256 attento
911 2222 1008 2268 quod
1030 2222 1125 2255 clare
1146 2229 1288 2255 constat
1311 2222 1355 2255 de
1377 2222 1516 2255 eisdem
1545 2233 1607 2266 per
1632 2220 1855 2266 multiplices
1876 2227 1911 2252 et
1931 2219 2115 2252 solemnes
2141 2218 2254 2251 insor-

385 2293 572 2333 mationes,
604 2292 712 2324 immo
738 2291 816 2335 ipsa
855 2290 938 2323 sacti
970 2289 1198 2330 notorietate,
1233 2289 1417 2322 advocatis
1448 2289 1492 2321 ad
1527 2288 1627 2321 suam
1660 2288 1796 2333 regiam
1835 2286 2053 2332 presentiam
2091 2285 2251 2318 omnium

383 2358 498 2391 litium
521 2365 556 2391 et
575 2369 814 2403 processuum
833 2356 963 2389 exinde
981 2363 1142 2388 ortorum
1160 2362 1194 2388 et
1211 2356 1393 2388 finitorum
1412 2355 1574 2388 materiis
1590 2361 1697 2399 atque
1715 2354 1847 2395 causis,
1866 2360 1902 2386 et
1917 2353 2088 2398 imposito
2106 2352 2253 2385 silentio

385 2437 451 2458 suo
474 2425 698 2470 procuratori
721 2431 755 2457 et
775 2423 998 2465 [nomin]atis
1020 2435 1083 2455 seu
1105 2423 1288 2467 pretensis
1305 2422 1494 2467 judicibus
1521 2434 1559 2455 30
1586 2421 1666 2454 31115
1693 2421 1991 2466 quibuscunque,
2022 2419 2120 2464 quod
2146 2419 2250 2451 etiam

384 2492 575 2537 privilegia
597 2492 691 2524 dicte
715 2491 972 2524 Universitatis
993 2490 1097 2523 illesa
1123 2489 1166 2522 ab
1188 2489 1359 2523 omnibus
1381 2495 1659 2530 conserventur,
1683 2495 1718 2521 et
1739 2487 1938 2521 secundum
1967 2499 2007 2519 ea
2033 2485 2158 2531 sigillo
2180 2497 2254 2518 rec—

384 2559 476 2592 torie
498 2559 602 2604 plena
623 2558 714 2591 fides
736 2557 950 2591 adhibeatur
971 2557 1120 2601 ubique.

476 2671 590 2694 Minuta
610 2670 726 2693 chartae.
746 2670 772 2693 in
792 2669 869 2692 Arch.
894 2669 971 2693 Univ.
994 2669 1088 2698 Paris.,
1109 2669 1187 2692 theca
1203 2669 1222 2697 1,
1239 2669 1289 2693 AA.
1306 2668 1314 2691 i
1330 2671 1355 2691 et
1369 2669 1419 2691 ΛΑ.
1436 2668 1461 2691 k.
1480 2668 1559 2697 (Duas
1576 2667 1723 2690 notationes
1745 2667 1856 2698 accepit,
1871 2666 1932 2698 quia
1949 2665 2052 2689 duobus
2070 2664 2166 2696 papyri
2183 2663 2254 2687 soliis

383 2715 505 2745 constat.)
517 2729 543 2732 —-
558 2715 634 2743 Bm„
651 2714 678 2743 V,
693 2715 737 2737 535
751 2722 818 2745 sqq.‚
831 2714 876 2745 qui
886 2717 915 2737 ut
930 2714 1008 2737 etiam
1020 2714 1166 2741 domuum,
1187 2717 1215 2735 11ο
1232 2713 1303 2741 1284,
1318 2712 1508 2736 Instructiones
1523 2720 1665 2743 perperam
1680 2712 1713 2734 ud
1731 2711 1851 2735 Decemh.
1871 2719 1913 2734 an.
1931 2711 1991 2733 1445
2008 2711 2097 2733 refert,
2116 2710 2163 2732 An.
2182 2709 2253 2736 1444,

383 2758 508 2782 Novemb.
525 2760 562 2787 23,
578 2759 604 2781 in
628 2758 805 2781 Universitate
819 2759 903 2782 lectae
924 2762 993 2788 sunt,
1011 2758 1133 2781 Decemb.
1149 2758 1160 2780 1
1177 2758 1293 2780 minutae
1315 2758 1448 2781 consectae
1464 2760 1539 2781 erant
1552 2758 1691 2787 (Auctar.‚
1708 2757 1740 2786 11,
1756 2765 1783 2787 p.
1797 2757 1852 2786 602,
1869 2764 1894 2786 1;
1909 2756 1963 2785 603,
1980 2753 2013 2784 3).
2030 2751 2253 2778 Instructionibus

383 2810 425 2826 un.
440 2803 500 2825 ἨΛ-’14
513 2802 666 2833 compositis
682 2803 707 2825 111
723 2802 855 2834 principio
872 2811 914 2826 an.
931 2803 991 2826 1445
1008 2802 1047 2825 usi
1064 2806 1134 2826 sunt.

478 2901 502 2924 1.
518 2900 616 2923 Minuta
634 2908 639 2923 :
657 2908 668 2923 (t
683 2900 854 2930 digmatizare
870 2908 892 2923 ».
909 2914 937 2918 —-
950 2900 974 2924 2.
989 2901 1088 2923 Minuta
1104 2908 1110 2923 2
1127 2909 1138 2923 «
1155 2900 1234 2924 etiam
1247 2909 1330 2932 neque
1347 2908 1369 2924 J».
1383 2913 1414 2917 —
1430 2900 1454 2924 3.
1470 2900 1519 2923 Pro
1533 2899 1594 2923 Maii
1610 2900 1621 2922 1
1639 2908 1681 2922 nn.
1699 2900 1759 2922 1444
1772 2888 1881 2927 indi'cta,
1898 2898 1943 2921 sed
1960 2897 2094 2928 Septemb.
2108 2894 2262 2919 celebratas

508 2945 545 2967 82.
