2502 3418
378 320 442 353 372
951 330 1275 353 CHARTULARIUM
1309 331 1502 353 UN1VERS.
1538 331 1670 353 PAnls.
2149 315 2249 352 [1419

381 404 511 437 accord
533 410 568 436 et
588 411 876 445 consentement7
899 416 983 438 sans
1004 417 1043 438 ce
1066 417 1135 450 que
1162 417 1279 438 aucun
1309 404 1354 438 de
1381 416 1475 438 nous
1502 416 1524 450 y
1551 404 1785 437 contredeist.
1818 404 1863 448 Sy
1884 414 1929 436 en
1955 403 2080 435 ferons
2107 408 2183 435 tant
2206 413 2249 435 au

382 470 509 516 plaisir
530 471 574 504 de
595 477 720 504 nostre
742 471 916 516 seigneur
937 483 1006 516 que
1028 471 1062 504 le
1083 484 1159 517 roy,
1186 483 1290 513 vous,
1308 478 1430 505 vostre
1451 471 1541 513 fils¹‚
1564 483 1630 504 vos
1651 477 1798 516 parents
1820 477 1854 503 et
1874 469 1964 503 amis
1986 476 2020 502 et
2040 475 2123 502 tous
2143 480 2251 514 preu—

384 537 548 570 dommes
569 549 615 570 en
635 544 761 570 seront
779 537 865 571 bien
886 545 1052 571 contens.

474 605 564 637 Tres
580 604 701 637 haulte
723 611 758 637 et
777 605 944 649 puissant
964 604 1079 646 dame,
1103 616 1196 637 nous
1217 616 1310 638 nous
1331 604 1634 638 recommandons
1660 606 1678 637 ἐι
1702 615 1794 637 vous
1819 609 1894 636 tant
1912 602 2162 635 humblemeni
2182 614 2251 647 que

384 671 473 703 faire
494 670 527 703 le
549 683 702 716 povons,
726 677 760 704 et
779 683 845 704 vos
867 671 1059 716 supplions
1081 678 1155 704 tres
1176 671 1500 704 affectueusement
1526 683 1596 716 que
1622 682 1714 704 vous
1744 682 1837 703 nous
1858 681 1941 715 ayez
1968 670 2134 714 toujours
2160 681 2253 714 pour

387 738 661 771 recommandez
682 744 717 771 et
737 750 806 782 que
830 749 960 771 envers
976 749 1068 771 vous
1089 744 1124 770 et
1139 745 1262 771 vostre
1284 745 1358 771 tres
1375 737 1461 771 cher
1477 745 1513 771 et
1532 745 1606 771 tres
1623 741 1700 771 ame
1718 737 1775 770 filz
1792 744 1967 770 trouvons
1988 736 2072 769 telle
2093 738 2201 782 griice
2218 743 2250 769 81

386 816 513 837 amour
538 816 677 837 comme
704 816 816 837 avons
838 805 1004 849 toujours
1024 804 1086 837 fait
1107 816 1237 837 envers
1257 805 1316 837 feu
1338 811 1463 838 nostre
1484 811 1558 838 tres
1575 804 1675 838 chier
1692 811 1726 837 et
1744 811 1819 837 tres
1836 806 1913 837 ame
1935 803 2110 849 seigneur
2129 810 2252 838 vostre

386 871 439 903 dit
459 871 632 916 seigneur
653 877 688 903 et
708 882 841 915 epous;
865 877 900 903 et
920 882 1012 903 nous
1034 871 1183 903 mandez
1205 877 1240 903 et
1259 871 1491 904 commandez
1520 878 1601 904 tous
1627 882 1692 904 vos
1720 870 1813 903 bons
1834 870 1992 915 plaisirs,
2023 876 2058 903 et
2085 881 2177 903 nous
2198 869 2253 903 les

387 937 651 982 accomplirons
673 937 716 970 de
738 943 816 970 tout
835 943 939 970 notre
960 937 1114 982 pouvoir
1134 939 1151 970 ὲ
1174 937 1207 970 la
1227 937 1371 970 volente
1398 938 1445 970 du
1467 950 1542 983 roy,
1566 938 1610 970 de
1633 949 1724 971 vous
1745 944 1781 970 et
1801 937 1844 970 de
1865 943 1947 970 tous
1963 948 2028 970 vos
2050 936 2253 970 bienveuil-

387 1003 478 1037 lans.
501 1005 549 1037 Le
570 1003 715 1036 benoist
736 1004 770 1036 S.
795 1004 918 1049 Esprit
936 1015 1028 1037 vous
1048 1003 1151 1036 doint
1170 1003 1291 1037 bonne
1307 1004 1364 1037 vie
1385 1011 1420 1037 et
1439 1004 1575 1050 longue
1597 1011 1632 1037 et
1651 1004 1993 1049 accomplissement
2013 1003 2057 1036 de
2085 1010 2167 1036 tous
2187 1015 2254 1037 vos

386 1070 479 1103 bons
500 1070 653 1103 dessirs.

476 1137 619 1181 Escript
645 1138 663 1169 ἐι
683 1136 783 1169 Paris
805 1148 850 1169 en
875 1143 999 1169 nostre
1026 1137 1290 1182 congregation
1314 1137 1486 1183 generale
1508 1137 1788 1170 solemnelment
1812 1137 1979 1170 celebree
2000 1140 2019 1170 ὲ
2040 1138 2074 1170 S.
2097 1137 2255 1170 MaturIn

385 1203 417 1236 le
441 1204 481 1236 16
495 1204 581 1247 jour
602 1202 809 1236 d'Octobre.

550 1270 618 1303 Vos
632 1269 786 1303 lzumbles
801 1275 833 1303 et
855 1270 1106 1304 bienveuz'llans
1121 1270 1170 1304 les
1186 1276 1338 1312 recteur,
1355 1270 1522 1305 docteurs
1537 1277 1570 1305 et
1590 1271 1757 1305 maistres
1770 1270 1813 1305 de
1828 1271 1851 1305 l'
1858 1272 1894 1305 U
1894 1271 2063 1305 niversite'
2073 1270 2115 1304 de
2131 1270 2252 1305 Paris.

477 1366 631 1395 (Lanuui),
647 1366 730 1390 Μόνη.
739 1373 816 1397 pour
826 1367 917 1391 servir
931 1367 949 1391 a
965 1366 1048 1391 l'hist.
1062 1368 1095 1391 de
1110 1367 1220 1392 France
1233 1371 1259 1391 et
1274 1369 1306 1392 de
1322 1368 1499 1399 Bouryoqne,
1513 1369 1534 1397 l,
1550 1377 1576 1400 p.
1592 1370 1646 1399 304,
1663 1377 1676 1392 e
1689 1368 1800 1392 Chamb.
1816 1368 1862 1392 des
1878 1371 1995 1400 comptes
2013 1368 2044 1392 de
2057 1368 2141 1399 Dijon,
2158 1368 2255 1400 layette

383 1410 455 1433 dela
474 1414 543 1434 mort
564 1411 599 1433 du
621 1411 672 1434 duc
691 1411 767 1440 Jenn,
785 1414 841 1434 cote
862 1412 884 1434 7.
900 1411 1019 1435 Minuta
1038 1411 1064 1434 in
1085 1411 1247 1443 quibusdam
1265 1411 1390 1436 differens
1410 1421 1459 1444 pro
1479 1413 1531 1436 fine
1549 1413 1629 1445 hujus
1649 1413 1778 1444 epistolae
1796 1412 1931 1436 invenitur
1951 1413 1978 1436 in
1999 1413 2077 1437 Arch.
2091 1415 2145 1437 nat.
2161 1412 2256 1443 Paris„

383 1456 406 1478 M
421 1455 472 1484 65¹³,
488 1460 517 1478 n⁰
532 1455 559 1478 71
575 1455 648 1484 (olim
663 1456 691 1478 A.
707 1456 730 1479 3.
744 1457 781 1485 zz)
795 1463 801 1478 :
818 1463 828 1478 α
843 1456 862 1479 A
875 1456 900 1478 18
916 1456 1045 1479 duchesse
1060 1456 1092 1479 de
1106 1456 1273 1487 Bourgogne.
1288 1457 1319 1480 Et
1334 1465 1402 1488 pour
1416 1457 1563 1488 respondre
1578 1459 1593 1480 8
1606 1466 1652 1480 vos
1669 1457 1804 1481 derraines
1820 1457 1921 1486 lettres,
1937 1461 2027 1481 nostre
2042 1459 2095 1481 tres
2113 1457 2256 1481 redouhtee

382 1499 467 1528 deme,
483 1508 548 1523 nous
565 1507 661 1523 savons
677 1499 738 1523 bien
758 1508 807 1531 que
828 1508 856 1523 ce
876 1500 943 1523 n'est
957 1508 1005 1531 pas
1026 1500 1102 1523 novel
1122 1509 1172 1532 que
1194 1501 1232 1524 les
1251 1501 1328 1530 saulz,
1346 1502 1464 1525 maulves
1480 1505 1506 1525 et
1524 1502 1685 1525 detestsbles
1703 1502 1849 1525 murdriers
1869 1501 1982 1533 pallient
1998 1505 2024 1525 et
2042 1502 2179 1525 colourent
2197 1501 2256 1525 leur

381 1552 487 1567 enorme
502 1547 527 1567 et
540 1544 684 1567 detestahle
697 1544 828 1567 mauvetie
843 1547 868 1567 et
882 1544 1023 1568 intencion.
1035 1545 1108 1572 Qum·
1120 1545 1145 1568 18
1154 1545 1263 1576 journee
1274 1553 1386 1569 mesmes
1402 1554 1452 1577 que
1464 1546 1488 1570 le
1503 1546 1542 1569 dit
1554 1546 1700 1570 detestnhle
1714 1546 1827 1570 omicide
1842 1547 1896 1570 rust
1910 1547 2032 1578 perpetre
2043 1554 2074 1570 en
2085 1547 2111 1569 la
2126 1553 2257 1578 personne

382 1588 413 1611 de
431 1589 473 1611 feu
493 1591 582 1611 nostre
597 1588 636 1611 dit
650 1589 774 1619 seigneur
787 1588 818 1611 de
834 1589 1004 1620 Bourgogne‚
1021 1589 1209 1621 rescripsirent
1224 1590 1353 1613 cei-taines
1369 1590 1461 1614 lettres
1476 1591 1608 1622 parde9a⁹
1625 1590 1771 1614 contenans'
1785 1590 1910 1622 pluseurs
1926 1590 2086 1614 semblables
2103 1590 2257 1622 palliatione

381 1636 406 1656 et
421 1641 578 1664 mensonges
593 1634 608 1656 ὲ
625 1633 701 1656 ceulx
715 1633 760 1664 qui
780 1636 840 1657 sont
854 1636 980 1656 centenus
999 1642 1029 1656 en
1043 1633 1069 1657 lu
1085 1634 1186 1663 cadule,
1201 1642 1251 1666 que
1266 1643 1332 1658 nous
1349 1636 1410 1658 aves
1423 1636 1546 1667 envoyee,
1560 1644 1628 1667 pour
1641 1635 1746 1659 seduire
1759 1638 1785 1659 et
1799 1635 1928 1667 decevoyr
1942 1635 1969 1658 Ia
1981 1635 2059 1659 noble
2074 1635 2124 1659 cite
2138 1636 2169 1659 de
2181 1635 2257 1659 Paris

381 1677 426 1708 qui
446 1677 580 1708 tousjours
596 1685 611 1700 a
628 1680 700 1706 tenu,
716 1685 789 1700 come
804 1677 887 1700 verite
902 1680 942 1700 est
963 1681 989 1700 et
1008 1685 1080 1701 come
1096 1677 1114 1700 il
1133 1686 1147 1701 8
1165 1680 1281 1701 monstre'
1298 1678 1409 1710 jusques
1425 1680 1440 1702 ὲ
1454 1679 1480 1702 la
1498 1682 1575 1708 mort,
1592 1688 1642 1711 que
1662 1680 1705 1703 seu
1721 1682 1810 1702 nostre
1826 1682 1880 1703 tres
1905 1679 2032 1703 redoubte
2057 1679 2180 1711 seigneur
2199 1682 2258 1703 eust

381 1724 435 1744 tres
450 1721 535 1744 bonne
550 1722 672 1745 voulente
688 1730 721 1744 nu
740 1729 797 1753 roy,
818 1723 833 1744 ἐι
853 1730 900 1745 son
916 1722 1052 1753 royaulme
1068 1725 1093 1745 et
1107 1723 1122 1745 εὶ
1138 1722 1163 1745 18
1183 1723 1368 1746 conservation
1390 1723 1422 1747 de
1442 1724 1468 1747 la
1485 1724 1564 1747 chose
1584 1724 1722 1756 publique.
1739 1724 1770 1747 Et
1784 1732 1852 1755 pour
1867 1732 1946 1747 cause
1967 1732 2033 1747 nous
2050 1724 2258 1748 souffisamment

382 1766 506 1789 informes
525 1766 557 1789 de
574 1766 599 1789 18
615 1766 697 1789 verite'
712 1766 747 1789 du
762 1766 860 1797 piteulz
874 1774 917 1789 cas
933 1766 1044 1795 advenu,
1063 1775 1177 1790 summes
1193 1767 1351 1790 determines
1369 1768 1401 1791 de
1416 1768 1548 1805 rescripre
1563 1770 1579 1791 ἰι
1598 1776 1670 1800 ruys,
1685 1768 1800 1800 princes,
1816 1769 1932 1798 estudes,
1947 1768 2020 1796 cites,
2039 1768 2126 1797 villes,
2142 1776 2258 1792 commu-

382 1811 496 1839 naumis,
513 1813 570 1833 tant
585 1811 617 1833 de
634 1819 662 1833 ce
677 1811 814 1842 royaulme
829 1819 929 1834 comme
947 1811 1084 1840 d‘nultres,
1100 1812 1115 1834 1¹1
1131 1811 1175 1843 qui
1190 1820 1256 1835 nous
1272 1812 1412 1836 cuidcrons
1431 1821 1480 1844 que
1496 1821 1542 1836 nos
1558 1813 1648 1836 lettres
1664 1813 1785 1844 puissent
1798 1813 1925 1844 parvenir
1939 1816 1964 1836 et
1979 1813 2115 1844 proufiter,
2136 1821 2204 1844 pour
2217 1813 2256 1837 les

380 1855 507 1878 informer
523 1856 554 1878 de
567 1855 593 1878 la
608 1855 690 1878 verite'
706 1855 783 1879 dudit
797 1855 943 1879 detestable
955 1856 1062 1879 murdre
1075 1859 1101 1879 et
1115 1856 1151 1879 du
1160 1856 1212 1879 hon
1227 1865 1327 1888 propos
1345 1861 1370 1880 et
1383 1858 1505 1881 voulente
1521 1866 1571 1889 que
1584 1858 1626 1881 feu
1641 1861 1730 1881 nostre
1743 1861 1797 1881 tres
1812 1857 1940 1881 redoubte
1955 1857 2080 1889 seigneur
2095 1865 2109 1880 8
2121 1858 2256 1890 tousjours

381 1907 427 1922 eus
440 1908 474 1922 au
489 1907 545 1931 roy,
559 1901 574 1922 8
589 1907 636 1922 son
651 1900 787 1931 royaulme
802 1903 828 1923 et
840 1908 873 1923 eu
886 1900 947 1923 bien
960 1901 992 1923 de
1004 1901 1031 1923 la
1046 1901 1125 1924 chose
1140 1901 1278 1932 publique.
1291 1909 1303 1924 u

475 1997 499 2022 1.
514 1996 663 2028 Philippus.
679 2010 709 2014 —
724 1996 747 2021 2.
763 1997 821 2020 Vid.
838 1997 1014 2026 ΒΕΛυοουιιτ,
1034 1997 1107 2022 Hist.
1124 1999 1155 2022 de
1172 1999 1287 2023 Charles
1307 1998 1369 2029 VII,
1390 2002 1409 2023 t.
1430 2000 1449 2027 1,
1471 2008 1497 2030 p.
1515 2000 1567 2028 180,
1586 2003 1611 2023 et
1626 2008 1717 2031 snpra,
1739 2004 1767 2023 11⁰
1789 2001 1859 2029 2137,
1875 1999 2016 2031 epistolam
2034 1999 2122 2023 Caroli
2137 1999 2258 2030 delphini·

383 2041 516 2072 Septemb.
532 2041 571 2064 11.
587 2041 699 2064 Nuntius
716 2041 855 2064 occisionis
874 2042 948 2064 ducis
965 2042 1014 2065 huc
1030 2042 1071 2065 die
1086 2043 1203 2066 Parisios
1219 2043 1291 2067 venit
1307 2044 1536 2073 (DocET-D'ARCQ
1551 2045 1637 2068 Choix
1652 2046 1698 2069 des
1710 2044 1806 2075 pisces,
1823 2048 1882 2071 etc..
1899 2045 1918 2072 Ι,
1934 2045 1999 2073 404).
2013 2044 2125 2067 Litteras
2138 2044 2256 2075 ejusdem

382 2086 501 2117 delphini
517 2094 600 2109 mens.
615 2085 735 2109 Decemb.
752 2086 784 2108 ad
800 2085 964 2109 parisienses
985 2086 1081 2109 missas
1102 2086 1128 2109 hi
1147 2087 1308 2111 lacerarunt.
1323 2088 1382 2111 vid.
1398 2088 1573 2117 Eun-coum,
1589 2089 1661 2113 Hist.
1680 2090 1713 2113 de
1729 2089 1844 2113 Charles
1863 2088 1926 2117 VII,
1944 2092 1963 2112 t.
1979 2089 1999 2118 1,
2015 2097 2042 2120 p.
2059 2089 2104 2111 194
2120 2096 2178 2120 sqq.
2194 2089 2230 2112 Ut
2242 2096 2256 2112 e

382 2130 566 2161 superioribus
582 2130 694 2161 aliisque
709 2130 910 2162 conjiciendum,
927 2130 1093 2154 Universitas
1110 2132 1194 2155 Puris.
1211 2140 1270 2155 cum
1286 2132 1377 2155 multis
1388 2133 1449 2155 aliis
1465 2133 1589 2156 Cui-olum
1604 2133 1760 2164 delphinum
1773 2133 1933 2165 participem
1947 2133 2087 2157 occisionis
2103 2133 2178 2156 ducis
2190 2133 2261 2156 Bur-

382 2175 497 2205 gundine
512 2174 621 2206 opinata
636 2178 685 2198 est.

386 2324 413 2360 2
423 2324 530 2361 144.
558 2333 733 2359 Universitas
749 2333 844 2359 Paris.
857 2333 999 2369 promittit
1014 2333 1149 2360 ducissae
1165 2335 1352 2370 Burgundiae
1368 2336 1479 2372 viduae,
1493 2346 1524 2362 se
1539 2337 1566 2363 ei
1580 2337 1792 2363 auxiliaturum
1809 2341 1839 2363 ut
1853 2337 1957 2363 occisio
1973 2336 2055 2362 ducis
2071 2336 2257 2372 Burgundiae

471 2382 621 2418 puniatur.

1533 2436 1604 2465 7419,
1618 2438 1683 2468 post
1700 2435 1785 2462 Octob.
1803 2436 1840 2465 16,
1854 2436 1969 2462 Parisiis.

473 2529 503 2560 A
525 2535 597 2560 tres
623 2527 745 2560 haulte
774 2534 808 2560 et
838 2527 1039 2561 excellente
1069 2529 1172 2561 dame
1204 2529 1236 2562 la
1264 2530 1445 2564 duchesse
1474 2532 1518 2564 de
1550 2533 1785 2578 Bourgogne‚
1814 2539 1984 2565 comesse
2012 2532 2056 2565 de
2087 2531 2255 2570 Flandre,

386 2594 543 2627 d'Artois
565 2601 600 2626 et
621 2595 856 2639 Bourgogne,
876 2601 1001 2627 nostre
1023 2601 1097 2628 tres
1119 2595 1242 2629 chiere
1264 2603 1299 2630 et
1319 2597 1507 2631 honnoree
1529 2599 1644 2632 dame.

475 2662 539 2693 Par
561 2660 614 2693 les
642 2660 769 2693 lettres
797 2660 885 2705 qu'il
911 2673 1003 2694 vous
1024 2674 1042 2694 a
1068 2662 1152 2706 pleu
1178 2665 1196 2695 ἐι
1218 2675 1311 2697 nous
1333 2676 1505 2710 envoyer,
1532 2672 1606 2698 tres
1627 2665 1749 2698 haulte
1771 2673 1806 2699 et
1826 2665 2004 2699 excellant
2024 2665 2140 2706 dame,
2162 2676 2257 2698 nous

388 2738 498 2759 avons
520 2738 699 2771 apperceu
721 2733 844 2759 vostre
865 2727 986 2760 bonne
1009 2735 1044 2761 et
1065 2729 1202 2762 entiere
1225 2730 1410 2773 voulente,
1435 2744 1505 2776 que
1528 2739 1652 2765 nostre
1675 2733 1855 2778 Seigneur
1873 2732 1985 2766 Jhesu
2006 2732 2104 2766 Crist
2123 2731 2257 2764 vueille

389 2793 580 2825 maintenir
610 2800 644 2825 et
669 2793 845 2826 conduire
868 2796 885 2826 8
907 2794 991 2827 telle
1023 2802 1058 2828 et
1088 2796 1119 2828 si
1147 2795 1268 2830 bonne
1299 2797 1348 2830 fin
1376 2810 1515 2832 comme
1543 2812 1635 2833 vous
1662 2807 1698 2833 et
1725 2807 1807 2833 tous
1833 2811 1898 2833 voz
1928 2798 2196 2831 bienvueillans
2222 2797 2256 2831 le

388 2859 562 2895 (lesirent,
590 2859 676 2891 dont
698 2871 790 2892 nous
811 2872 902 2893 vous
924 2862 1149 2895 reniercions
1170 2869 1246 2896 tant
1266 2871 1299 2897 et
1326 2865 1357 2898 si
1384 2866 1626 2911 grandement
1646 2879 1715 2912 que
1736 2868 1824 2900 faire
1845 2867 1878 2899 18
1900 2877 2053 2911 povons7
2076 2875 2135 2897 car
2155 2863 2256 2896 nulle
