2502 3418
232 314 327 350 1407]
578 327 624 348 ΑΒ
659 327 763 348 Anao
800 326 1086 347 mcccrxxxxw
1122 327 1254 353 USQUE
1292 326 1338 346 Ab
1374 326 1509 346 ANNUM
1547 327 1749 348 Mccccmi.
2031 319 2092 350 r143

230 400 347 433 lenter
368 407 402 433 et
423 400 558 433 diserte
587 412 650 445 per
675 400 883 432 advocatum
907 407 1069 432 nostrum
1099 400 1237 443 regium
1261 400 1303 431 ad
1334 399 1545 431 instanciam
1573 400 1682 432 eciam
1708 401 1951 444 procuratoris
1978 403 2092 434 nostri

230 467 424 512 generalis,
444 467 625 499 tendentia
649 474 683 499 et
703 467 926 499 conferentia
948 467 991 499 ad
1015 467 1327 499 conservationem
1345 466 1481 510 jurium
1501 473 1534 498 et
1555 466 1759 498 libertatum
1783 467 1954 499 dictarum
1978 469 2093 500 eccle-

230 534 362 566 siarum
393 545 702 578 personarumque
731 533 1056 566 ecclesiasticarum
1090 534 1267 565 dictorum
1298 533 1401 577 regni
1430 540 1464 565 et
1491 533 1739 577 Dalphinatus,
1766 534 1953 577 presertim
1977 536 2093 578 quoad

231 600 375 632 modum
412 600 621 633 assumendi
657 600 790 633 ibidem
825 612 998 645 personas
1026 600 1069 632 ad
1099 600 1313 644 prelaturas,
1340 605 1419 639 etc„
1453 600 1779 644 providereturquc
1811 606 1933 632 contra
1965 613 2094 645 graves

231 667 492 712 usurpaciones
513 673 548 699 et
568 667 809 712 interprisias,
829 679 916 711 quas
939 673 1062 699 contra
1080 666 1147 699 hoc
1165 667 1331 699 fecerunt
1353 666 1501 698 Romani
1524 666 1714 710 pontifices
1732 665 1774 698 ab
1792 666 1974 710 aliquibus
1991 668 2094 700 annis

230 734 331 776 citra,
355 734 578 766 concludens
600 741 632 766 et
656 734 860 778 requirens,
884 734 981 778 quod
1002 745 1113 778 super
1135 733 1333 778 propositis
1358 745 1422 777 per
1443 745 1523 765 eum
1551 732 1815 765 deliberaretur
1836 733 1871 765 in
1893 733 1989 766 dicto
2010 746 2096 766 con-

230 801 327 841 cilio,
355 813 393 833 ac
414 800 525 833 eciam
553 800 806 845 provideretur
829 812 893 845 pro
915 797 1093 833 futuro...
1114 812 1121 832 z
1145 800 1286 832 tandem
1310 812 1379 844 que
1401 800 1495 832 circa
1522 799 1586 831 hec
1608 800 1750 832 fuerant.
1770 811 1833 844 per
1854 812 1917 832 eos
1939 800 2096 833 advisata

231 874 263 899 et
285 867 496 908 deliberata,
523 867 629 900 nobis
650 867 693 899 ad
720 867 865 912 plenum
888 867 1054 900 intimare
1076 874 1110 899 et
1132 867 1267 899 referre
1289 873 1458 899 curantes
1484 873 1732 910 exposuerunt
1758 866 1917 910 graviter
1937 879 2096 911 conque-

231 934 356 975 rendo,
391 934 488 979 quod
521 934 684 979 quamvis
719 946 807 979 pape
840 941 1001 979 potestas
1032 934 1079 967 sit
1108 934 1150 966 ad
1182 940 1362 978 pasturam
1392 933 1617 978 corporalem
1649 940 1684 965 et
1714 933 1937 977 spiritualem
1971 934 2096 979 gregis

231 1001 401 1033 dominici
425 1007 457 1034 et
479 1001 797 1034 conservacionem
821 1008 935 1033 status
952 1013 990 1033 ac
1012 1000 1188 1033 ierarchie
1211 1000 1342 1033 mistici
1364 1000 1528 1045 corporis
1551 1000 1713 1032 Ecclesie
1736 1000 1983 1044 principaliter
2004 1001 2098 1033 ordi-

232 1074 323 1108 nata,
342 1080 407 1100 nec
429 1068 499 1101 sibi
520 1068 711 1101 conveniat
731 1075 789 1100 ant
811 1068 915 1100 liceat
936 1068 979 1100 ad
1002 1068 1187 1112 proprium
1211 1067 1352 1100 trahere
1371 1067 1614 1101 commodum.
1633 1079 1702 1111 que
1724 1073 1870 1112 propter
1887 1074 2093 1112 perpetuam

232 1134 420 1167 utilitatem
444 1141 528 1167 sunt
548 1135 591 1167 ad
619 1134 753 1167 bonum
776 1147 967 1167 counnune
996 1134 1202 1179 prefixa....;
1230 1134 1374 1167 statutis
1402 1140 1519 1166 autem
1549 1134 1785 1166 conciliorum
1814 1134 2037 1178 generalium
2060 1146 2098 1167 ac

231 1201 388 1234 decretis
410 1208 616 1234 sanctorum
639 1208 777 1246 patrum
800 1213 865 1246 pro
890 1201 987 1234 bono
1013 1201 1191 1246 regimine
1212 1213 1251 1233 ac
1277 1201 1561 1234 conservacione
1584 1207 1756 1245 perpetua
1785 1207 1898 1233 status
1920 1200 2096 1241 Ecclesie,

231 1268 325 1300 inter
345 1268 411 1301 alia
433 1268 597 1301 noscitur
618 1268 812 1301 salubriter
833 1269 1037 1301 institutum
1061 1269 1157 1312 quod
1182 1267 1310 1313 prelati
1337 1268 1379 1300 ad
1406 1268 1581 1300 ecclesias
1605 1279 1850 1312 quascumque
1873 1267 2098 1300 cathedrales

232 1342 267 1367 et
286 1335 497 1380 collegiatae
519 1347 583 1380 per
604 1335 824 1368 eleccionem
848 1335 992 1368 illorum
1016 1336 1060 1367 de
1082 1335 1240 1379 collegio
1258 1342 1289 1367 ct
1313 1347 1437 1367 corum
1460 1346 1642 1367 consensu
1665 1341 1907 1374 assumantur,
1926 1341 1960 1366 et
1980 1335 2098 1379 quoad

232 1402 345 1435 dictas
367 1402 594 1435 cathedrales
620 1402 794 1435 eeclesias
818 1414 881 1447 per
901 1415 1005 1435 suum
1029 1402 1362 1446 metropolitanum,
1386 1402 1444 1434 alii
1469 1414 1555 1435 vero
1581 1413 1645 1446 per
1668 1401 1737 1433 loci
1759 1401 1990 1433 diocesanum
2014 1414 2099 1434 con-

231 1469 433 1510 firmentur,
458 1476 491 1502 et
519 1482 583 1514 per
607 1470 761 1502 eundem
789 1470 855 1502 alia
884 1469 1060 1503 beneficia
1087 1481 1151 1502 sue
1174 1470 1333 1501 diocesis
1360 1469 1528 1514 personis
1549 1469 1702 1513 ydoneis
1724 1470 1969 1508 conserantur,
1990 1468 2047 1501 vel
2069 1469 2098 1501 si

232 1537 366 1569 suerint
387 1537 541 1581 patroni,
566 1537 609 1569 ad
636 1548 760 1569 eorum
784 1537 1095 1581 presentacionem
1126 1537 1361 1569 instituantur
1385 1536 1421 1568 in
1443 1536 1508 1576 eis,
1535 1535 1698 1580 quamvis
1720 1535 1830 1567 eciam
1854 1535 1912 1567 illa
1934 1535 2007 1567 sint
2027 1548 2094 1567 ma-

232 1615 394 1648 gnopere
417 1604 654 1648 precavenda,
679 1616 721 1636 ex
743 1604 876 1648 quibus
899 1604 1084 1636 inducitur
1104 1604 1160 1636 via
1182 1603 1434 1648 delinquendi,
1461 1610 1493 1635 et
1515 1603 1666 1635 maxime
1689 1602 1749 1634 ubi
1772 1602 2012 1634 desiderande
2034 1613 2097 1634 seu

233 1671 406 1715 captando
428 1670 544 1703 aliene
566 1671 692 1704 mortis
710 1678 830 1704 votum
849 1678 882 1704 ct
904 1671 1047 1704 occasio
1070 1671 1309 1709 ministratur,
1326 1671 1456 1715 viaque
1477 1670 1638 1714 aperitur
1658 1669 1701 1702 ad
1723 1669 1899 1701 beneficia
1919 1675 2096 1710 vacatura,

233 1737 366 1782 sitque,
386 1737 539 1770 naturali
560 1738 705 1770 racione
726 1738 895 1777 dictante,
915 1750 979 1783 per
996 1738 1158 1771 Concilia
1176 1737 1360 1782 generalia
1382 1737 1551 1770 similiter
1571 1736 1789 1776 institutum,
1809 1736 1905 1780 quod
1924 1735 2098 1768 beneficia

231 1804 476 1837 ecclesiastica
503 1811 668 1837 vacatura
698 1805 857 1849 promitti
888 1817 959 1837 non
989 1805 1144 1837 debeant
1169 1817 1235 1837 nec
1264 1804 1336 1837 dari
1364 1805 1425 1848 jus
1452 1803 1713 1848 expectationis
1734 1803 1777 1835 ad
1799 1815 1895 1835 ea....
1917 1814 1923 1834 :
1947 1802 2098 1834 nichilo-

232 1871 351 1903 minus
374 1878 491 1904 tamen
518 1871 561 1904 ab
591 1871 775 1916 aliquibus
805 1873 910 1904 annis
938 1872 1025 1905 citra
1056 1872 1206 1904 Romani
1238 1871 1443 1916 pontifices,
1473 1870 1690 1914 contemptis
1722 1870 1870 1914 prefatis
1892 1876 2097 1902 sanctorum

231 1939 372 1970 Patrum
392 1944 426 1970 et
443 1939 690 1972 Concilioriun
709 1939 934 1983 generalium
955 1939 1112 1972 decretis
1130 1945 1164 1971 et
1181 1939 1233 1971 eis
1253 1939 1396 1983 penitus
1414 1950 1486 1970 non
1504 1937 1671 1978 servatis,
1690 1948 1816 1969 omnes
1833 1936 2098 1969 ecclesiasticas

232 2004 441 2049 dignitates,
458 2005 685 2038 cathedrales
707 2013 740 2038 et
762 2006 987 2051 collegiatas,
1011 2013 1045 2039 et
1065 2006 1152 2039 alias
1177 2017 1423 2050 quascumque
1446 2011 1528 2049 post
1549 2004 1793 2049 episcopalem
1815 2004 1970 2046 majores
1991 2003 2099 2035 indis—

231 2071 391 2104 ferenter
418 2083 483 2104 sue
514 2072 755 2117 disposicioni
784 2080 1075 2113 reservaverunt,
1106 2073 1246 2117 gracias
1274 2073 1315 2105 ad
1344 2079 1509 2105 vacatura
1539 2070 1728 2111 beneficia,
1756 2082 1820 2115 per
1848 2070 1944 2114 quod
1975 2076 2097 2102 contra

232 2144 354 2171 sancta
375 2139 559 2183 generalia
576 2139 739 2172 Concilia
757 2140 899 2173 occasio
916 2147 1112 2184 votumque
1131 2140 1247 2172 aliene
1265 2139 1392 2172 mortis
1411 2139 1591 2183 ingeritur
1608 2144 1642 2170 ct
1658 2138 1712 2170 via
1729 2137 1772 2169 ad
1789 2143 1953 2169 vacatura
1975 2143 2098 2168 contra

233 2205 413 2237 racionem
442 2206 615 2250 aperitur,
641 2207 851 2239 indistincte
879 2214 913 2239 et
940 2208 1019 2239 sine
1047 2207 1267 2239 limitacione
1290 2217 1516 2251 quacumque
1540 2205 1637 2237 omni
1665 2204 1798 2249 petenti
1822 2209 2096 2242 concesserunt,

234 2272 362 2304 modos
384 2272 670 2306 innumerabiles
691 2274 972 2306 introduxerunt
992 2274 1125 2319 quibus
1154 2280 1313 2318 potestas
1336 2273 1570 2318 prelatorum,
1588 2271 1840 2316 capitulorum,
1859 2270 2095 2314 collegiorum

234 2346 267 2371 et
288 2339 440 2371 aliorum
464 2349 775 2385 quorumcumque
798 2342 943 2386 penitus
965 2341 1194 2382 absorbetur,
1213 2340 1430 2385 apponendo
1454 2338 1724 2384 prohibiciones
1747 2344 1778 2369 ct
1801 2338 1944 2369 decreta
1965 2335 2097 2380 quibus

234 2406 345 2438 eciam
366 2406 579 2450 ignorantes
598 2407 719 2440 volunt
743 2420 825 2441 esse
848 2409 993 2453 ligatos,
1011 2409 1175 2441 diversas
1196 2407 1421 2440 fulminando
1444 2406 1649 2438 sentencias
1672 2405 1705 2436 in
1728 2404 1944 2436 contrarium
1968 2403 2098 2435 sacien-

234 2479 300 2514 tes,
323 2473 412 2505 adeo
434 2474 531 2518 quod
552 2474 610 2506 vix
632 2475 833 2519 reperiatur
853 2475 983 2520 aliquis
1014 2482 1074 2507 aut
1103 2475 1226 2507 nullus
1254 2475 1310 2506 cui
1342 2474 1452 2506 eciam
1476 2473 1619 2505 unicum
1649 2471 1863 2503 bcncticium
1886 2469 2096 2502 conserendi

233 2546 293 2572 aut
312 2541 547 2584 presentandi
568 2541 611 2573 ad
633 2541 730 2574 aliud
752 2542 798 2574 sit
820 2542 942 2575 relicta
963 2542 1126 2582 facultas,
1154 2541 1335 2574 clausulas
1358 2541 1468 2573 eciam
1491 2540 1607 2572 varias
1636 2545 1667 2570 et
1698 2537 1877 2569 interdum
1904 2536 2097 2581 inexplicata

233 2605 326 2639 biles
347 2607 424 2639 suis
445 2607 482 2639 in
503 2607 614 2640 bullis
635 2608 756 2641 solent
775 2621 972 2653 apponere,
996 2609 1141 2653 regulas
1170 2608 1333 2641 diversas
1355 2614 1412 2640 aut
1436 2613 1556 2651 preter
1577 2611 1635 2637 aut
1663 2611 1786 2636 contra
1809 2605 1870 2647 jus
1896 2615 1990 2635 nunc
2012 2615 2097 2635 con-

235 2673 401 2714 stituunt,
425 2686 519 2706 nunc
544 2682 727 2715 revocant,
750 2682 787 2707 ut
808 2676 919 2708 eciam
943 2675 1200 2720 perspicaciter
1222 2674 1444 2706 discernenti
1471 2683 1643 2717 apparere
1668 2683 1739 2703 nou
1758 2670 1882 2710 valeat,
1901 2670 1982 2714 quis
2004 2669 2097 2701 inter

235 2739 410 2784 plurimos
433 2741 668 2785 impetrantes
692 2742 932 2787 videaturjus
952 2742 1102 2783 habere,
1131 2741 1356 2773 intrusiones
1383 2741 1418 2772 in
1446 2739 1634 2771 beneficiis
1666 2737 1749 2769 111110
1779 2743 1994 2780 sequuntur,
2016 2748 2097 2780 gra-

235 2806 382 2839 vissima
403 2807 518 2852 litigia
535 2808 702 2841 oriuntur
719 2821 788 2853 que
806 2821 885 2841 cum
907 2809 1048 2853 magnis
1066 2808 1235 2853 expensis
1258 2815 1292 2840 01
1313 2808 1348 2839 111
1370 2806 1609 2851 prejudicium
1634 2803 1898 2848 regnicolarum
1917 2803 2097 2835 ducuntur

236 2879 332 2906 extra
354 2886 520 2918 regnum,
545 2881 580 2907 et
600 2887 678 2907 011111
703 2883 962 2919 promoventur
988 2875 1098 2920 aliqui
1120 2875 1162 2907 ad
1185 2874 1379 2918 dignitates
1406 2873 1588 2912 electivas,
1613 2877 1754 2903 cessant
1777 2870 1892 2903 banna
1914 2876 1947 2902 01
1970 2882 2095 2903 evoca-
