2502 3418
242 339 338 374 1412]
586 352 632 373 AB
669 351 776 373 ANNO
812 351 1102 372 MCCCLXXXle
1133 350 1263 378 USQUE
1299 350 1347 370 AD
1381 349 1519 370 ANNUM
1556 349 1760 371 mccccmr.
2045 341 2109 373 245

373 448 398 475 5.
420 448 638 474 Venerabilibus
653 450 681 474 et
696 448 912 480 circumspectis
927 447 994 473 viris
1009 447 1138 473 dominis
1150 448 1179 472 et
1194 446 1339 479 magistris
1356 446 1455 471 talibus
1468 447 1496 471 et
1512 446 1620 474 talibus.
1635 447 1700 473 etc..
1719 447 1834 472 nunciis
1850 447 1971 472 nostris²

735 496 771 522 ad
787 496 952 522 Concilium
968 496 1042 529 regis
1057 496 1087 521 in
1103 495 1302 521 Autissiodoro
1317 494 1496 520 celebratum
1514 494 1615 520 missis.

330 571 566 605 Venerabiles
592 571 730 604 domini
751 578 786 604 et
812 572 978 616 magistri
1004 571 1197 604 carissimi.
1222 570 1423 603 Scribimus
1445 581 1509 614 pro
1531 570 1694 614 presenti
1716 570 1863 601 domino
1886 577 2010 602 nostro
2033 571 2110 614 regi

239 639 275 670 in
295 639 410 671 forma
431 638 599 683 sequenti
617 649 624 670 ε
649 652 665 669 «
683 639 774 670 Tres
797 638 992 670 souverain
1013 638 1139 682 prince
1159 651 1188 678 »,
1208 643 1277 669 etc.
1301 637 1420 679 Quare
1437 643 1608 681 quantum
1631 647 1829 680 possumus
1847 643 1881 668 et
1901 636 1969 668 sub
1987 637 2109 669 debito

233 706 431 749 juramenti
447 716 512 738 vos
533 716 705 749 rogamus
723 704 894 749 quatinus
912 704 1031 737 taliter
1048 716 1153 748 quam
1170 704 1207 736 in
1225 703 1330 736 vobis
1348 703 1416 735 erit
1432 709 1467 735 et
1487 703 1534 735 ita
1551 702 1749 747 diligenter
1766 702 1971 735 sollicitetis
1992 703 2108 747 ipsum

239 778 273 804 et
293 771 399 804 etiam
421 771 590 804 dominos
605 771 822 815 Aequitanie
845 777 880 803 et
900 771 1128 815 Burgundie,
1147 769 1282 815 quibus
1304 770 1409 803 etiam
1433 781 1544 814 super
1564 769 1635 802 hiis
1657 769 1865 809 scribimus,
1885 769 1981 813 quod
2004 781 2112 814 nego-

239 838 325 870 tium
348 849 454 871 suum
476 837 635 871 votivum
658 837 832 870 sortiatur
853 837 1034 878 effectum,
1058 844 1155 870 retro
1178 836 1383 870 scribentes
1409 836 1530 877 nobis,
1549 837 1643 869 sicut
1662 835 1767 869 vobis
1789 836 2013 880 injunximus
2034 837 2110 868 fore

238 904 486 937 scribendum.
507 904 721 937 Altissimus
741 916 807 937 vos
827 910 1031 937 conservet.
1055 904 1250 948 Scriptum,
1274 910 1312 936 ut
1332 915 1454 948 supra.

988 971 1120 1005 Rector
1134 976 1168 1004 et
1184 970 1360 1015 magistri
1380 971 1414 1004 U
1415 970 1640 1004 niver-sitatis
1654 969 1771 1003 studii
1785 970 2020 1003 Parisiensis.

330 1069 446 1093 Minuta
456 1069 595 1092 chartacea
606 1068 633 1091 in
645 1067 722 1091 Arch.
732 1071 786 1091 nat.
801 1068 896 1097 Paris„
911 1068 934 1091 M
946 1068 998 1097 65¹²,
1010 1072 1039 1090 n0
1051 1069 1081 1091 68
1097 1067 1171 1097 (olim
1181 1068 1242 1091 A.3.
1255 1069 1346 1097 uu).—
1356 1068 1444 1098 Supra
1460 1067 1549 1098 agitur
1564 1068 1596 1090 de
1610 1067 1746 1090 invasione
1758 1067 1876 1098 plurium
1887 1067 2000 1090 millium
2013 1067 2110 1098 Anglo-

237 1121 295 1136 rum
311 1121 353 1136 an.
370 1113 431 1136 1412
448 1113 474 1136 in
491 1116 568 1144 parte
584 1112 653 1135 dicta
671 1112 810 1141 Cotentin,
825 1121 840 1135 a
856 1112 957 1135 Thoma
973 1113 1039 1135 duce
1059 1112 1229 1135 Lancastriae
1245 1112 1394 1135 ductorum.
1411 1112 1470 1135 Vid.
1486 1111 1547 1136 Rel.
1566 1113 1598 1136 de
1613 1112 1816 1142 Saint-Denys,
1832 1112 1874 1142 lv,
1892 1113 1950 1139 704;
1967 1111 2036 1135 Bibl.
2056 1115 2109 1135 nat..

236 1157 330 1187 Paris„
347 1158 424 1180 fonds
441 1159 523 1187 franc.
542 1158 628 1187 25708,
645 1161 683 1179 n0⁸
698 1158 752 1184 635,
771 1158 832 1185 639;
850 1157 936 1186 25709,
950 1162 979 1179 n⁰
994 1158 1049 1180 697.
1066 1156 1200 1184 Quantum
1216 1157 1248 1179 ad
1266 1156 1412 1179 cadomum
1427 1156 1482 1179 vid.
1498 1156 1535 1179 DE
1553 1164 1585 1179 LA
1603 1157 1668 1181 Rus.
1683 1157 1776 1180 Essais
1791 1163 1843 1181 sur
1862 1157 1944 1183 caen,
1960 1157 1991 1185 ΙΙ,
2011 1158 2064 1179 256.
2082 1157 2110 1179 ln

239 1202 340 1226 Chron-
360 1201 512 1231 d'Alencon
534 1201 639 1229 dicitur,
664 1202 694 1224 10
715 1202 757 1224 vel
780 1202 864 1224 11000
886 1201 984 1232 Anglos
1007 1201 1112 1224 venisse
1128 1203 1181 1232 (ap.
1205 1201 1333 1230 Covum,
1355 1201 1392 1225 les
1414 1201 1592 1228 CatmeMens,
1615 1209 1642 1232 p.
1658 1201 1724 1230 1231),
1745 1201 1790 1223 uhi
1811 1204 1899 1224 tumen
1917 1209 2057 1232 perperam
2077 1202 2109 1224 ad

237 1254 353 1270 mensem
370 1246 504 1277 Septemb.
520 1246 638 1269 incursio
654 1245 800 1277 Anglorum
815 1247 939 1269 refertur.

329 1330 353 1355 1.
370 1331 420 1354 Seu
437 1339 447 1354 ι
462 1331 496 1354 Le
511 1331 616 1361 Bor-gne
632 1331 663 1354 de
678 1331 704 1353 la
718 1331 803 1353 Heuse
817 1338 839 1359 i),
854 1330 898 1361 qui
914 1330 947 1353 ab
961 1338 1003 1353 an.
1020 1331 1090 1359 1413,
1107 1330 1194 1353 Martii
1208 1330 1245 1358 16,
1264 1330 1313 1353 fuit.
1328 1330 1497 1361 praepositus
1511 1331 1607 1360 Paris„
1621 1330 1666 1353 sed
1679 1331 1764 1353 solum
1780 1338 1864 1361 usque
1877 1331 1910 1353 ad
1925 1330 2059 1361 Septemb.
2071 1331 2109 1353 22.

239 1388 269 1393 —
282 1374 305 1399 2.
323 1375 373 1403 Qui
389 1383 471 1406 supi-a
486 1379 515 1398 ω’
530 1375 592 1398 ’1956
607 1375 734 1398 nominati
752 1378 822 1398 sunt.

244 1506 385 1543 1958.
414 1516 588 1542 Universitas
604 1516 700 1542 Paris.
720 1516 869 1552 supplicat
884 1516 1017 1552 episcopo
1035 1515 1250 1549 silvanectensi,
1270 1519 1300 1540 ut
1316 1515 1437 1548 officium
1453 1517 1659 1541 conservatoris
1672 1515 1887 1551 privilegiorum
1912 1516 2109 1541 Universitatis

327 1569 465 1601 acoemeti
1338 1600 1406 1630 7412,
1421 1603 1483 1632 post
1497 1601 1694 1633 August-7420,
1710 1601 1824 1627 Parisiis.

329 1688 541 1721 Reverende
562 1689 599 1720 in
620 1688 767 1722 Christo
790 1695 903 1733 pater,
922 1689 1113 1734 privilegia
1134 1689 1270 1722 nostris
1291 1688 1491 1733 majoribus
1512 1688 1710 1733 apostolica
1726 1695 1833 1733 atque
1855 1688 1967 1733 regali
1989 1695 2109 1721 aucto-

239 1755 342 1788 ritate
364 1755 449 1787 olim
472 1755 611 1788 indulta
632 1756 669 1788 in
694 1755 759 1788 hac
788 1755 949 1800 preclara
976 1755 1080 1796 urbe,
1101 1762 1225 1788 nostre
1250 1756 1482 1789 Universitati
1510 1755 1627 1788 locum
1655 1762 1689 1788 et
1714 1756 1892 1800 originem
1917 1756 2108 1795 dederunt,

239 1833 308 1866 que
325 1829 457 1866 quanto
475 1822 590 1867 magis
612 1834 835 1854 summorum
859 1823 1069 1867 pontificum
1094 1835 1295 1867 regumque
1317 1822 1576 1867 largitionibus
1596 1822 1810 1867 amplificata
1832 1834 1992 1863 crevere,
2013 1829 2108 1855 tanto

238 1888 352 1933 ipsam
375 1888 502 1921 almam
521 1889 803 1922 Universitatem
826 1890 1128 1930 numerosiorem,
1147 1890 1427 1922 fructuosiorem
1449 1896 1555 1934 atque
1576 1889 1832 1934 gloriosiorem
1858 1890 2107 1922 reddiderunt.

238 1956 402 1998 Quantus
423 1956 543 2000 itaque
565 1968 664 1988 amor
680 1963 885 2001 quantaque
906 1968 990 1988 cura
1013 1956 1120 1989 nobis
1141 1957 1237 1989 inest
1258 1957 1393 2001 prefate
1412 1956 1667 1989 Universitatis
1689 1956 1725 1988 in
1746 1968 1812 1988 suo
1830 1957 1955 2001 vigore
1978 1957 2110 2001 pariter

238 2029 273 2055 et.
293 2022 432 2055 honore
458 2023 723 2064 conservande,
748 2029 816 2055 tam
840 2035 1021 2067 propensa
1042 2023 1171 2055 animis
1198 2023 1333 2056 nostris
1355 2023 1552 2055 eorundem
1578 2023 1853 2067 privilegiorum
1875 2023 1910 2055 in
1933 2035 1996 2055 sua
2019 2024 2108 2056 inte-

237 2090 367 2134 gritate
391 2090 621 2122 tutandorum
651 2090 773 2122 inesse
800 2089 906 2122 nobis
929 2090 1038 2122 debet
1063 2090 1285 2131 sollicitudo,
1313 2090 1482 2134 quoniam
1505 2090 1596 2134 ipsis
1617 2090 1869 2122 crescentibus
1895 2091 2107 2131 crescimus,

237 2156 442 2189 valentibus
463 2156 638 2197 valemus,
663 2156 850 2201 depressis
876 2163 936 2189 aut
956 2156 1164 2189 labentibus
1185 2156 1342 2189 labimur
1364 2163 1397 2189 et
1419 2156 1667 2189 dissolvimur.
1697 2157 1752 2189 Ad
1774 2168 1813 2189 ea
1840 2164 1956 2189 autem
1985 2157 2019 2188 in
2041 2169 2106 2189 suo

237 2223 359 2255 debito
381 2230 507 2255 tenore
534 2224 801 2256 manutenenda
831 2223 954 2256 nullus
976 2223 1160 2256 salubrius
1182 2233 1239 2256 aut
1262 2223 1443 2256 efficacius
1470 2224 1657 2268 cooperari
1682 2230 1812 2268 potest,
1837 2236 1940 2268 quam
1963 2224 2023 2256 ille
2046 2225 2105 2268 qui

236 2301 254 2322 a
276 2302 416 2322 summo
438 2290 608 2334 pontifice
632 2290 738 2322 nobis
764 2290 955 2335 delegatus
976 2297 1032 2323 est
1057 2290 1256 2323 eorundem
1284 2275 1564 2335 privilegiorum
1582 2297 1815 2323 conservator
1841 2297 1875 2322 et
1897 2290 2022 2334 judex,
2046 2292 2104 2335 qui

237 2356 377 2389 scilicet
392 2356 464 2389 vite
486 2356 677 2400 probitate,
697 2357 920 2389 conscientie
942 2358 1096 2402 puritate
1115 2364 1149 2390 et
1169 2357 1362 2402 prudentie
1379 2358 1582 2390 maturitate
1600 2357 1810 2401 spectabilis
1832 2357 2104 2401 privilegiorum

239 2424 455 2468 prefatorum
473 2423 599 2468 vigore
621 2423 827 2457 turbatores
848 2424 1121 2468 tranquillitatis
1141 2424 1270 2456 animis
1292 2424 1468 2457 studiosis
1487 2423 1607 2456 debite
1630 2424 1695 2456 scit
1718 2431 1750 2456 et
1773 2430 1892 2468 potest
1909 2425 2106 2468 reprimere

237 2497 271 2522 et
291 2490 391 2534 ipsos
413 2490 602 2522 studentes
624 2490 659 2522 in
681 2491 847 2523 terminis
869 2491 967 2535 pacis
989 2498 1023 2523 et
1044 2491 1177 2535 quietis
1199 2491 1384 2535 sapienter
1405 2491 1574 2523 retinere.

325 2557 414 2590 Cum
446 2557 566 2601 itaque
598 2568 713 2601 nuper
742 2556 837 2589 bone
867 2558 1041 2590 memorie
1067 2557 1269 2590 reverendo
1300 2558 1336 2589 in
1364 2557 1511 2590 Christo
1543 2564 1641 2601 patre
1674 2557 1846 2601 episcopo
1878 2557 2101 2598 Belvacensi,

238 2629 444 2655 nostrorum
468 2623 714 2667 predictorum
737 2623 1013 2668 privilegiorum
1035 2631 1306 2664 conservatore,
1326 2624 1409 2656 dum
1433 2623 1587 2663 vivebat,
1613 2623 1655 2655 ab
1676 2623 1740 2655 hac
1763 2623 1904 2655 mortali
1926 2623 2006 2656 luce
2028 2624 2104 2656 des-

236 2690 370 2731 l'uncto,
393 2690 664 2722 conservatorie
693 2690 968 2735 privilegiorum
991 2691 1256 2723 administratio
1283 2690 1476 2730 vacaverit,
1506 2703 1573 2734 qua
1603 2690 1741 2722 diutius
1767 2702 1889 2722 carere
1916 2703 1988 2723 non
2020 2703 2102 2735 pos-

237 2767 362 2789 sumus
383 2757 462 2789 sine
484 2757 584 2801 gravi
606 2757 824 2789 detrimento
842 2764 947 2801 atque
969 2757 1163 2802 dispendio
1186 2757 1458 2801 suppositorum
1482 2763 1707 2796 nostrorum3
1727 2768 1793 2788 nos
1815 2757 1858 2788 de
1880 2756 2103 2801 benignitate

236 2829 340 2867 atque
363 2823 504 2855 sincera
532 2823 778 2856 benivolentia
804 2830 923 2856 vestre
952 2824 1151 2857 reverende
1174 2824 1400 2868 paternitatis
1422 2823 1590 2867 optimam
1614 2834 1714 2867 spem
1735 2823 1997 2868 concipientes,
2024 2836 2102 2856 cum

237 2891 272 2921 in
293 2889 356 2922 hac
379 2896 501 2922 nostra
521 2890 764 2923 Universitate
786 2889 922 2934 longuo
941 2897 1102 2934 tempore
1120 2890 1320 2922 litterarum
1339 2890 1570 2933 acquisitioni
1591 2890 1815 2931 vacaveritis,
1834 2890 1878 2922 ad
1895 2892 2102 2923 memoriam
