2502 3418
287 346 383 382 1424]
632 361 678 381 ΑΒ
713 360 819 382 Auno
853 359 1142 381 ncccitxxxxiv
1172 359 1304 387 USQUE
1340 359 1387 380 Au
1422 359 1561 380 ANNUM
1596 360 1802 381 nccccml.
2085 351 2149 383 420

284 433 412 465 magister
432 442 454 457 s-
479 433 579 465 palacii,
599 434 668 461 1439,
686 434 805 457 Decemb.
826 434 864 464 18,
884 434 957 456 card.
978 434 1005 457 S.
1025 433 1122 456 Mariae
1140 433 1342 456 Transtiberim.
1364 447 1390 450 —
1412 433 1435 458 6.
1453 433 1579 464 Magister
1595 442 1637 456 an.
1657 434 1722 460 1424,
1739 434 1831 457 Octob.
1848 435 1878 456 24
1898 434 1934 465 (p.
1951 435 2000 464 34).
2015 449 2045 452 —
2060 435 2083 459 7.
2101 435 2150 458 Seu

285 488 297 499 ι(
319 479 468 510 Requenato
486 488 509 502 n.
528 478 654 510 Magister
676 478 810 510 Septemb.
827 479 856 500 16
877 478 974 508 (ibat).
994 492 1021 495 —
1038 478 1062 502 8.
1086 478 1212 508 Magister
1234 478 1359 501 Novcml).
1377 479 1389 500 7
1412 480 1446 508 (p.
1473 479 1521 506 35).
1539 478 1573 500 De
1597 488 1609 499 «
1628 479 1770 508 luget-rano
1785 488 1797 499 ι)
1813 478 1865 501 vid.
1887 487 1913 509 p.
1931 479 1971 501 91.
1987 493 2017 497 —
2039 480 2063 504 9.
2081 480 2128 502 ΜΞ.
2144 486 2149 501 ;

284 533 297 544 «ι
314 523 405 546 Anetio
416 533 438 547 m.
454 523 581 554 Magister
597 524 657 547 Jun.
674 524 703 546 28
718 523 754 554 (p.
774 524 822 553 34).
839 536 867 540 -
883 521 923 547 10.
940 522 1065 554 Magister
1084 522 1210 546 Novemb.
1226 523 1252 545 21
1271 524 1307 553 (p.
1323 523 1370 552 35).
1386 522 1487 545 Pluries
1503 523 1535 544 de
1552 522 1610 553 ipso
1627 522 1705 546 infra.
1722 537 1749 540 —
1767 522 1808 547 11.
1828 523 1953 553 Magister
1972 524 2097 546 Novcml).
2112 525 2150 546 21.

284 569 333 591 An.
350 568 407 591 1431
423 568 472 591 suit
486 568 560 599 prior
572 569 665 591 domus
677 567 813 591 Carmelit.
828 568 1025 598 Rotomagens.‚
1042 567 1085 598 qui
1099 567 1192 590 ducem
1207 567 1363 590 Bedsordiae
1379 570 1407 590 ut
1421 567 1585 590 fundatorem
1599 567 1692 589 domus
1708 567 1858 598 designavit
1873 568 1935 597 (vid.
1952 568 2151 597 BizAuul-uuuffl,

284 612 365 636 Notes
378 619 432 637 sur
449 613 486 638 les
496 613 580 643 juyes
597 630 623 637 ...
639 614 671 637 de
687 613 794 637 Jearme
809 612 902 641 ίΖἈΥο,
918 621 944 643 p.
960 612 1024 643 111).
1040 626 1070 629 —
1082 611 1123 636 12.
1141 612 1230 635 Dictus
1245 622 1257 633 α
1273 612 1304 635 de
1320 612 1432 635 Arnhcm
1450 622 1471 634 n.
1489 612 1615 642 Magister
1629 613 1690 637 Jun,
1708 613 1736 634 27
1753 614 1788 643 (p.
1805 613 1843 639 35,
1860 612 1902 634 ubi
1921 623 1932 633 (ι
1948 613 1978 635 dc
1995 613 2113 635 Sorlmna
2129 623 2149 640 n,

284 657 345 688 quia
360 657 458 681 ibidem
473 657 632 688 bursarius).
646 657 705 680 Fuit
717 660 769 680 nat.
785 657 886 688 Anglic.
903 656 1068 680 Universitas
1084 665 1143 679 eum
1157 665 1199 680 an.
1215 657 1273 679 1427
1290 666 1302 678 α
1319 657 1351 679 ad
1366 665 1463 688 papam
1480 656 1650 684 destinatum,
1668 656 1764 687 quique
1782 659 1858 679 antea
1873 656 2002 687 plurimas
2023 657 2152 680 solemnes

283 705 373 726 nostre
388 702 575 726 Universitntis
591 702 754 726 ambaxintas
771 702 886 725 exercuit
899 711 912 723 u
928 710 1031 724 summo
1046 701 1165 733 pontifici
1182 709 1230 732 pro
1243 701 1369 724 beneficio
1385 701 1527 724 obtinendo
1543 701 1767 724 recommendavit
1782 701 1869 730 (Arch.
1885 705 1939 725 nat.
1955 701 2047 729 Paris.y
2062 703 2084 724 M
2101 703 2152 732 ΟΜ,

283 751 313 770 n⁰
323 748 372 777 26).
384 747 431 771 An.
445 748 514 776 1428,
526 747 618 771 Octob.
629 748 651 775 4,
665 748 678 770 8
692 746 788 770 salatia
803 755 852 778 pro
867 746 916 770 hac
932 746 1094 769 ambassiata
1109 746 1209 777 recepit
1222 748 1281 776 (ms.
1297 746 1344 770 lat.
1360 747 1428 774 5494,
1446 754 1473 777 p.
1489 747 1529 769 88.
1542 746 1582 769 Cf.
1598 755 1625 777 p.
1642 747 1688 775 73).
1703 760 1733 763 —
1748 746 1790 771 13.
1805 747 1855 769 Seu
1871 756 1884 767 «
1898 746 1979 769 Nibar
1993 756 2015 770 >›.
2029 746 2154 777 Magister

283 791 404 815 Decemb.
425 792 453 815 12
470 793 506 823 (p.
522 793 571 822 35).
590 792 721 815 Hactenus
738 791 905 823 ignorabant,
924 791 993 814 hunc
1009 791 1152 820 doctorem,
1173 792 1218 822 qui
1239 791 1376 822 processui
1400 791 1536 814 Johanuae
1560 791 1635 814 d'Arc
1657 790 1807 818 assistebat,
1826 791 1889 814 Ord.
1910 791 2041 814 Minorum
2062 791 2153 815 fuisse.

282 850 313 854 -
327 835 367 861 14.
384 837 510 868 Magister
530 845 572 860 an.
589 837 657 866 1425,
675 837 735 861 Jan.
755 837 785 859 26
801 836 896 867 (ibid.).
916 837 965 859 An.
984 836 1054 865 1420,
1075 836 1147 859 Junii
1167 837 1206 866 14,
1228 836 1341 859 Martino
1361 837 1382 859 V
1401 836 1571 867 supplicavit,
1593 836 1648 867 jam
1670 836 1770 859 baccal.
1792 835 1818 858 in
1841 836 1931 861 theoll.
1948 839 1976 858 ut
1996 836 2104 858 Parisiis
2128 836 2153 858 iu

283 881 373 912 aliquo
387 882 445 905 loco
461 881 609 905 Sententias
625 881 712 912 legere
726 884 816 912 posset
828 881 932 912 (Suppl.
945 881 1021 904 Mart.
1034 881 1064 914 V,
1079 885 1107 903 n⁰
1119 881 1174 910 138,
1191 881 1236 904 sol.
1253 881 1329 910 2371'),
1343 883 1368 904 et
1380 884 1441 912 post
1456 884 1508 904 tres
1525 889 1606 903 annos
1621 881 1675 911 jam
1689 880 1839 903 licentiatus
1856 883 1904 905 est.

286 1059 430 1096 2235.
453 1075 469 1094 ‹
484 1068 569 1094 Ritus
584 1067 720 1094 tradendi
737 1068 857 1094 biretum
874 1069 1079 1102 inaugureram
1096 1068 1126 1095 »⁴
1142 1068 1296 1103 facultatis
1313 1068 1484 1103 theologiae.

373 1165 463 1198 Nota
484 1164 594 1210 quod,
613 1164 757 1210 quando
778 1165 954 1211 magister
970 1165 1031 1210 qui
1052 1164 1162 1198 debet
1182 1171 1306 1198 tenere
1328 1164 1545 1210 principium
1567 1165 1604 1197 in
1621 1164 1700 1198 aula
1717 1163 1854 1197 domini
1877 1163 2040 1210 episcopi
2061 1164 2153 1197 Pari-

285 1231 434 1274 siensis‚
462 1232 604 1266 venerit
630 1245 709 1265 cum
738 1245 832 1266 novo
854 1233 1102 1278 magistrando
1124 1239 1159 1266 et
1187 1233 1256 1266 erit
1276 1233 1461 1266 sufficiens
1482 1233 1584 1277 copia
1611 1232 1880 1274 assistcncium,
1909 1232 1956 1264 ita
1985 1231 2081 1277 quod
2109 1231 2152 1264 ab

285 1305 439 1344 utroque
460 1299 571 1333 latere
593 1300 767 1345 magister
783 1306 912 1333 tenens
934 1300 1153 1346 principium
1171 1307 1206 1333 et
1226 1312 1343 1334 novus
1360 1299 1629 1345 magistrandus
1650 1299 1804 1332 habeant
1823 1311 1934 1332 unum
1950 1298 2008 1332 vel
2028 1298 2152 1344 plures

285 1366 491 1412 magistros,
511 1373 546 1400 et
566 1367 805 1409 hachalarius,
824 1368 886 1413 qui
908 1368 952 1400 de
976 1368 1089 1413 prima
1111 1368 1304 1413 questione
1326 1374 1381 1400 cst
1401 1368 1437 1400 in
1458 1367 1537 1400 aula
1558 1378 1820 1412 responsurus,
1837 1366 1967 1399 habeat
1983 1379 1999 1399 a
2017 1366 2150 1399 destris

285 1440 320 1466 et
340 1434 500 1467 sinistris
521 1434 662 1480 aliquos
683 1434 909 1468 bachalarios
929 1436 1116 1477 formatos,
1140 1441 1175 1468 et
1194 1435 1238 1468 ad
1259 1435 1379 1468 minus
1400 1447 1510 1467 unum
1533 1435 1577 1467 de
1599 1434 1761 1479 quolibet
1783 1435 1927 1475 latore²,
1949 1440 2033 1466 tunc
2056 1445 2150 1466 rece-

284 1501 407 1546 ptione
435 1502 559 1543 sacta³⁷
583 1502 708 1535 senior
731 1502 906 1547 magister
932 1509 1060 1535 tenens
1091 1502 1310 1547 principium
1341 1502 1398 1535 sui
1428 1501 1623 1534 bachalarii
1653 1513 1735 1534 mox
1764 1501 2013 1546 magistrandi,
2044 1500 2149 1533 habet

285 1568 406 1601 dicere
428 1580 521 1602 novo
544 1569 816 1614 magistrando:
841 1583 858 1601 «
885 1570 1038 1602 Domine
1064 1570 1282 1614 vesperiate,
1304 1576 1494 1614 antequam
1521 1569 1676 1601 biretum
1704 1568 1899 1613 recipiatis7
1924 1580 1989 1601 vos
2010 1567 2150 1601 habetis

243 1679 245 1682 .
284 1635 403 1681 aliqua
419 1637 556 1681 jurare.
577 1650 592 1667 »
616 1638 660 1669 Et
681 1643 764 1670 tunc
787 1636 894 1670 debet
916 1637 948 1670 ei
968 1637 1093 1682 legere
1108 1638 1311 1682 juramenta
1333 1644 1440 1682 prout
1460 1636 1614 1669 habetur
1634 1636 1671 1668 in
1691 1636 1826 1668 Γοιίηει4
1850 1648 1856 1668 :

374 1735 481 1765 Primo,
497 1743 546 1762 vos
557 1736 692 1769 jurabitis
707 1744 818 1763 servare
837 1744 938 1770 pacem
956 1738 985 1763 et
999 1737 1258 1771 transquillitatem
1274 1737 1350 1763 inter
1371 1736 1491 1762 scolares
1505 1737 1534 1762 et
1548 1735 1695 1768 religiosos
1709 1737 1737 1761 et
1754 1735 1896 1769 equaliter
1910 1735 1986 1761 inter
2006 1735 2151 1768 religiosos

283 1785 312 1811 et
325 1784 453 1811 scolares.

373 1834 457 1863 Item,
470 1834 576 1867 juratis
590 1842 702 1861 servare
716 1835 860 1861 honorem
876 1837 905 1861 et
917 1835 1082 1862 libertatem
1097 1836 1260 1862 cancellarii
1275 1837 1304 1862 et
1318 1835 1486 1862 cancellarie
1500 1835 1615 1861 ecclesie
1632 1834 1802 1860 Parisiensis.

372 1884 457 1914 Item,
471 1884 576 1917 juratis
590 1891 701 1910 servare
715 1892 816 1918 pacem
832 1885 909 1911 inter
921 1885 1144 1911 Universitatem
1160 1887 1188 1912 et
1200 1885 1407 1911 cancellar1um
1420 1884 1534 1911 ecclesie
1548 1883 1719 1910 Parisiensis.

374 1933 458 1963 Item,
471 1933 576 1966 juratis
591 1941 701 1959 servare
716 1934 859 1959 honorem
876 1934 1019 1960 facultatis
1035 1935 1179 1967 theologie
1194 1936 1222 1960 et
1235 1935 1273 1960 sic
1287 1935 1473 1967 singulorum
1489 1933 1698 1966 magistrorum
1713 1932 1788 1958 dicte
1801 1932 1958 1961 sacultatis2
1976 1940 2027 1958 nce
2042 1932 2151 1958 revela-

283 1981 350 2008 bitis
364 1983 471 2008 secreta
483 1982 616 2015 ejusdem
631 1983 783 2009 facultatis

372 2032 456 2062 Item,
469 2032 573 2065 juratis
583 2032 664 2066 quod
677 2033 858 2066 temporibus
870 2033 974 2059 debitis
989 2041 1040 2067 per
1053 2033 1222 2059 facultatem
1237 2033 1377 2059 ordinatis
1391 2040 1438 2058 vos
1453 2032 1569 2062 faciem,
1584 2033 1635 2057 aut
1650 2039 1701 2064 per
1714 2039 1762 2057 vos
1775 2032 1825 2057 aut
1838 2039 1889 2064 per
1905 2031 1997 2057 alium
2013 2031 2055 2057 vel
2071 2031 2151 2064 alios,

283 2078 357 2107 duas
370 2081 571 2114 responsiones
583 2081 614 2107 in
630 2082 703 2107 aulis
718 2089 864 2108 novorum
881 2082 1090 2115 magistrorum
1103 2082 1192 2108 modo
1208 2084 1356 2108 consueto.

374 2179 418 2211 Et
438 2185 522 2211 tunc
537 2179 755 2223 juramentis
776 2180 880 2212 sactis
902 2180 1010 2213 debet
1030 2180 1149 2225 Ipsum
1170 2181 1289 2213 facere
1311 2180 1433 2213 dicere
1455 2180 1546 2221 i[s]ia
1566 2179 1675 2213 verba
1701 2191 1707 2211 :
1735 2180 1792 2212 Ila
1811 2181 1916 2224 juro,
1944 2178 2096 2211 altisone
2119 2185 2154 2210 et

285 2257 391 2278 manu
412 2246 576 2291 apposita
597 2246 640 2279 ad
662 2253 802 2291 pectus.
822 2247 963 2290 Quibus
979 2247 1102 2281 verbis
1125 2247 1231 2280 (lictis
1253 2248 1418 2292 injungat
1435 2247 1480 2288 ei,
1499 2254 1535 2279 ut
1558 2246 1603 2279 ob
1626 2246 1868 2279 reverenciam
1893 2246 1992 2278 sedis
2013 2252 2151 2290 aposto-

286 2313 353 2346 lice
375 2319 486 2358 ponct
513 2325 552 2345 se
580 2314 623 2346 ad
653 2326 784 2359 genua.
818 2316 860 2347 Et.
882 2321 966 2347 tunc
995 2322 1141 2360 recepto
1170 2315 1286 2347 bireto
1309 2315 1353 2347 (lc
1375 2327 1479 2347 mauu
1502 2315 1585 2347 novi
1609 2314 1842 2358 magistrandi
1866 2313 1959 2345 dicat
1982 2313 2153 2357 magister

287 2381 365 2424 ejus
393 2392 400 2412 :
431 2394 446 2411 «
477 2381 554 2425 Ego
576 2381 611 2412 in
634 2381 776 2426 signum
805 2381 956 2414 honoris
983 2389 1018 2415 et
1045 2382 1255 2415 reverencie
1277 2381 1497 2427 magistralis
1528 2388 1607 2426 post
1636 2381 1821 2413 licenciam
1848 2380 1952 2413 vobis
1981 2380 2094 2412 (latam
2119 2386 2154 2412 ct

286 2459 496 2480 concessam
525 2448 737 2481 auctoritate
764 2461 831 2493 qua
858 2449 992 2494 fungor
1018 2450 1055 2481 in
1087 2449 1150 2482 hac
1182 2456 1280 2494 parte
1311 2450 1458 2494 impono
1484 2448 1588 2481 vobis
1610 2448 1786 2480 bieretum
1811 2448 1882 2490 (sic)
1910 2447 2093 2479 doctorale.
2116 2447 2151 2478 in

287 2526 386 2547 sacra
407 2514 574 2547 facultate
596 2514 780 2560 theologie
802 2516 838 2548 in
861 2517 1006 2548 nomine
1028 2516 1142 2549 Patris
1165 2523 1199 2549 ct
1220 2516 1299 2548 Filii
1322 2523 1355 2549 et
1377 2516 1558 2560 Spiritu[s]
1583 2515 1714 2548 Sancti.
1736 2529 1751 2545 »

376 2583 450 2614 ΙΙοο
471 2582 563 2614 sacto
586 2582 679 2615 dicat
700 2595 794 2615 novo
816 2583 989 2627 magistro
1009 2595 1016 2616 :
1040 2598 1056 2615 «
1080 2584 1266 2628 Incipiatis
1288 2584 1432 2628 quando
1454 2583 1656 2616 volueritis.
1682 2596 1698 2612 ³>
1721 2584 1821 2615 Tunc
1844 2582 2016 2626 magister
2037 2593 2153 2614 novus

287 2660 386 2682 suam
413 2649 648 2682 collacionem
672 2650 833 2694 incipiet,
865 2657 932 2683 etc.
965 2651 1174 2684 Collacione
1205 2651 1303 2683 finita
1340 2662 1455 2683 novus
1486 2651 1660 2694 magister
1690 2649 1890 2694 disputabit
1923 2649 2152 2693 questionem

286 2727 400 2758 suam,
424 2723 459 2750 et
486 2717 644 2750 movebit
665 2729 742 2750 eain
764 2718 908 2762 quidam
932 2719 1084 2751 scolaris
1105 2725 1165 2752 aut
1194 2718 1421 2751 bachalarius
1450 2730 1578 2750 cursor
1600 2729 1664 2762 per
1684 2729 1817 2749 novum
1845 2717 2056 2761 magistrum
2080 2716 2154 2748 ele-

287 2790 378 2816 ctus.
409 2785 478 2827 Qui
508 2784 654 2828 quidem
685 2797 801 2817 novus
832 2786 1005 2830 magister
1033 2786 1127 2819 dicat
1154 2798 1160 2818 :
1194 2800 1209 2817 «
1234 2786 1362 2830 Surgat
1395 2786 1456 2829 qui
1487 2784 1594 2817 habet
1629 2796 1833 2829 proponere
1865 2784 2106 2829 questionem.
2136 2798 2151 2814 n

289 2851 490 2892 Questione
520 2852 707 2896 proposita
738 2864 854 2885 novus
884 2853 1060 2897 magister
1080 2852 1337 2885 determinabit
1366 2864 1404 2884 sc
1433 2852 1475 2884 ad
1505 2851 1747 2884 bachalarium
1775 2863 1880 2896 quem
1907 2851 2063 2884 volucrit
2088 2862 2152 2895 pro

291 2918 532 2963 responsione
554 2919 597 2951 ad
619 2919 860 2963 questionem.
894 2921 1146 2964 Rcspousione
1168 2920 1256 2952 sacta
1284 2931 1348 2964 per
1374 2926 1447 2951 tres
1475 2918 1732 2951 conclusiones
1758 2925 1793 2950 et
1820 2930 1883 2950 sex
1904 2917 2097 2950 corrclaria
2119 2924 2154 2950 et
