2502 3418
232 315 327 351 13981
663 327 708 348 ,in
743 327 847 348 ANNO
883 327 1169 348 mecerxxxxw
1199 328 1244 348 Δ111
1280 328 1414 348 ,xxxam
1452 329 1652 351 neeeemi.
2044 323 2085 352 :313

231 407 387 434 sanctam
409 399 557 433 vocabat
578 406 612 432 ct
637 400 673 432 in
694 412 775 444 qua,
798 406 836 432 ut
857 399 1036 440 dicebant,
1059 399 1215 432 debebat.
1235 401 1358 432 venire
1385 401 1534 445 spiritus
1556 402 1616 445 qui
1646 402 1833 434 thesauros
1855 403 2086 436 absconditos

232 468 362 501 docere
384 473 418 499 et
445 466 605 499 revelare
633 466 787 499 debebat
816 478 822 499 :
855 467 1028 511 predictis
1055 466 1224 499 omnibus
1252 467 1396 499 attentis
1423 474 1457 499 et
1484 468 1590 500 simul
1617 469 1754 510 junctis
1784 470 1927 513 ponitur
1955 471 2086 502 delibe-

233 534 322 567 ratio
344 545 408 566 seu
429 533 617 565 conclusio
639 533 731 574 talis,
755 533 852 578 quod
880 545 952 565 non
979 533 1094 565 solum
1126 533 1177 565 illi
1208 533 1268 578 qui
1298 534 1341 566 ad
1373 533 1563 566 thesauros
1590 534 1823 567 absconditos
1855 537 2088 580 reperiendos

233 613 297 634 seu
319 606 457 633 secreta
479 606 513 632 et
533 599 672 632 occulta
693 600 840 632 scienda
862 606 896 632 et
920 600 1175 644 cognoscenda
1201 600 1331 632 talibus
1362 600 1544 644 figmentis
1571 608 1605 633 et
1635 601 1820 634 maleficiis
1842 609 2001 643 utuntur,
2025 604 2088 635 sed

233 667 336 700 etiam
359 678 485 699 omnes
511 665 741 698 christianam
771 666 984 711 religionem
1014 666 1171 710 professi
1202 666 1338 698 ratione
1368 673 1509 699 utentes
1540 674 1668 711 sponte
1697 668 1776 699 talia
1798 674 1832 699 ct
1863 668 1978 701 taliter
2006 682 2090 713 ope-

233 739 352 766 rantes
373 745 412 765 ac
429 733 533 765 etiam
552 732 684 765 talibus
701 739 734 766 et
756 732 874 765 taliter
892 739 1034 765 utentes
1058 733 1231 765 censendi
1254 739 1335 765 sunt
1359 733 1395 765 in
1418 733 1612 766 christiana
1634 734 1811 778 religione
1833 735 2089 779 superstitiosi,

232 799 406 833 censendi
434 806 518 832 sunt
543 799 719 844 ydolatre,
750 799 924 832 censendi
953 806 1038 832 sunt
1065 799 1257 832 demonum
1287 800 1515 832 invocatores
1537 807 1571 833 et
1599 807 1679 833 sunt
1708 801 1743 832 in
1770 801 1839 833 fide
1860 801 2092 834 veliementer

230 866 428 911 suspecti¹.

324 933 515 966 Universis
537 933 737 966 orthodoxe
759 933 843 965 fidei
871 933 1089 966 zelatoribus
1111 933 1348 966 cancellarius
1379 934 1595 966 Parisiensis
1617 940 1651 966 ct
1677 934 1826 966 facultas
1855 934 2036 979 theologie
2058 936 2093 968 in

234 1001 324 1034 alma
346 1000 588 1034 Universitate
609 1000 819 1041 Parisiensi,
844 1007 954 1033 matre
975 1008 1110 1041 nostra,
1133 1013 1212 1033 cum
1235 1001 1378 1045 integro
1401 1000 1513 1033 divini
1534 1000 1652 1033 cultus
1673 1000 1810 1033 honore
1837 1014 1935 1045 spem
1962 1002 2093 1035 habere

236 1068 272 1100 in
293 1067 448 1099 Domino
469 1079 508 1099 ac
529 1067 566 1098 in
586 1067 762 1099 vanitates
784 1073 818 1099 et
838 1067 997 1099 insanias
1018 1067 1126 1100 salsas
1155 1079 1226 1099 non
1248 1067 1443 1111 respicere.
1474 1068 1524 1099 Ex
1549 1067 1706 1111 antiquis
1734 1067 1881 1100 latebris
1903 1080 2094 1114 emergens

235 1134 376 1167 noviter
393 1145 556 1166 errorum
574 1133 653 1166 feda
670 1133 828 1166 colluvio
846 1134 1047 1179 recogitare
1063 1134 1298 1174 commonuit,
1316 1134 1413 1178 quod
1430 1134 1643 1178 plerumque
1660 1135 1791 1167 veritas
1808 1135 1979 1168 catholica
2001 1136 2094 1180 apud

235 1201 422 1234 studiosos
450 1200 486 1232 in
513 1200 625 1233 sacris
646 1200 777 1233 litteris
803 1201 1031 1245 apertissima
1052 1207 1107 1233 est
1134 1213 1203 1245 que
1229 1207 1370 1233 ceteros
1391 1200 1488 1241 latet,
1511 1201 1677 1233 nimirum
1708 1213 1786 1234 cum
1815 1201 1882 1234 1100
1911 1203 2093 1247 proprium

235 1267 364 1301 habeat
389 1267 507 1300 omnis
529 1279 600 1306 ars,
622 1268 851 1300 manifestum
874 1279 955 1300 esse
974 1268 1178 1300 exercitatis
1200 1268 1235 1300 in
1258 1280 1311 1308 ea,
1334 1267 1384 1300 sic
1408 1274 1445 1300 ut
1466 1268 1595 1300 exinde
1616 1275 1812 1313 consurgat.
1839 1269 1897 1301 illa
1920 1269 2067 1302 maxima
2087 1281 2093 1301 :

237 1348 254 1366 «
276 1334 426 1367 cuilibet
446 1334 482 1366 in
503 1346 566 1367 sua
588 1341 662 1367 arte
685 1334 800 1379 perito
823 1335 1044 1367 credendum
1067 1341 1132 1367 est.
1156 1348 1171 1365 1)
1196 1335 1286 1367 Hine
1308 1341 1363 1367 est
1384 1334 1597 1367 Oracianum
1621 1335 1724 1375 illud,
1748 1336 1844 1380 quod
1865 1335 2096 1369 Jheronimus

236 1401 280 1434 ad
301 1400 511 1434 Paulinum'
533 1400 700 1434 scribens
721 1401 873 1434 assumit
891 1413 897 1434 :
922 1415 938 1432 «
958 1402 1054 1446 quod
1075 1401 1297 1434 medicorum
1320 1408 1375 1434 est
1396 1402 1609 1446 promittunt
1630 1402 1771 1443 medici,
1791 1409 1940 1435 tractant
1960 1402 2097 1435 fabrilia

233 1468 348 1502 fabri³
373 1481 403 1500 ³).
435 1468 583 1500 Accedit
612 1468 655 1500 ad
686 1467 751 1501 hec
780 1468 816 1500 in
844 1469 956 1501 saeris
984 1468 1116 1501 litteris
1142 1468 1240 1500 aliud
1262 1468 1432 1512 speciale,
1456 1468 1552 1513 quod
1582 1480 1647 1501 nec
1676 1469 1895 1513 experientia
1926 1476 1958 1501 et
1987 1481 2096 1502 sensu

236 1541 404 1568 constant
428 1541 466 1567 ut
486 1534 554 1567 alie
571 1541 680 1576 artes,
699 1547 765 1567 nec
782 1542 937 1580 possunt
953 1535 995 1567 ab
1013 1535 1129 1568 oculis
1147 1535 1421 1567 circumvolutis
1438 1534 1534 1567 nube
1552 1535 1721 1567 vitiorum
1740 1535 1842 1568 facile
1859 1536 2095 1580 deprehendi.

238 1601 428 1634 Excecavit
447 1602 542 1634 enim
564 1613 627 1634 eos
653 1602 786 1634 malitia
808 1603 971 1642 eorum&
997 1602 1044 1634 ait
1065 1602 1243 1646 siquidem
1267 1602 1468 1646 apostolus.
1486 1602 1583 1646 quod
1604 1609 1751 1646 propter
1771 1603 1974 1635 avaritiam⁵
1997 1603 2098 1636 multi

238 1675 449 1702 erraverunt
469 1681 487 1701 a
509 1668 592 1701 fide.
618 1670 812 1713 Propterea
833 1681 906 1701 non
927 1669 1223 1702 irrationabiliter
1243 1668 1433 1713 ydolorum
1456 1669 1634 1702 servitus⁶
1660 1669 1702 1701 ab
1726 1669 1852 1702 codem
1880 1670 2095 1703 nominatur.

236 1736 309 1768 Alii
331 1742 479 1780 propter
506 1736 817 1780 ingratitudinem,
845 1736 906 1781 qui
929 1750 944 1767 c(
968 1748 1048 1769 cum
1077 1736 1339 1781 cognovissent
1366 1737 1494 1776 Deum,
1519 1748 1592 1768 non
1621 1736 1714 1768 sicut
1734 1737 1847 1768 Deum
1876 1737 2099 1781 glorificave-

239 1803 342 1835 runt⁷
357 1816 388 1843 >›,
406 1802 441 1835 in
459 1814 601 1835 omnem
618 1802 794 1847 ydolatrie
812 1803 1044 1848 impietatem,
1064 1803 1158 1835 sicut
1173 1803 1269 1835 idem
1284 1809 1552 1843 commemorat,
1571 1809 1798 1835 corruerunt.
1815 1804 1926 1835 Porro
1942 1803 2099 1836 Salomo-

237 1881 319 1910 nem
335 1869 378 1902 ad
394 1869 513 1914 ydola,
532 1876 567 1902 et
587 1869 774 1914 Dydonem
797 1870 839 1902 ad
862 1870 1019 1915 magicas
1041 1876 1148 1910 artes,
1170 1869 1340 1914 pertraxit
1356 1869 1491 1902 effrena
1510 1869 1688 1914 voluptas.
1707 1870 1808 1902 Alios
1829 1870 1871 1902 ad
1892 1869 1959 1902 hoc
1981 1871 2097 1915 ipsum

238 1936 384 1969 intorsit
415 1935 570 1980 superba
600 1937 793 1969 curiositas
820 1937 1232 1982 investigandorumque
1261 1936 1484 1969 occultorum
1504 1936 1588 1980 [dira
1614 1937 1757 1980 cupido.
1787 1936 1890 1969 Alios
1917 1944 2098 1981 postremo

238 2003 369 2036 misera
391 2002 577 2043 timiditas,
601 2009 672 2035 tota
696 2015 738 2035 ex
759 2003 917 2036 crastino
945 2003 1122 2048 pendens,
1146 2003 1181 2035 in
1203 2003 1477 2035 observationes
1499 2003 1878 2047 superstitiosissimas
1900 2004 2099 2048 impiasque

238 2069 389 2114 depulit,
414 2069 718 2114 quemadmodum
743 2070 838 2115 apud
860 2072 1040 2103 Lucanum
1066 2070 1109 2102 de
1131 2070 1204 2102 filio
1227 2069 1388 2114 Pompeii
1410 2069 1550 2113 magni⁸
1573 2076 1607 2101 et
1627 2069 1721 2113 apud
1742 2069 1935 2102 historicos
1957 2071 2001 2102 (10
2024 2071 2099 2115 plu-

239 2135 340 2169 ribus
361 2142 522 2169 notatum
545 2143 611 2169 est.
631 2138 681 2170 Ita
702 2137 740 2170 fit
753 2144 792 2170 ut
812 2138 989 2170 recedens
1007 2143 1173 2182 peccator
1187 2149 1204 2169 a
1221 2138 1295 2169 Deo
1314 2136 1472 2168 declinet
1487 2136 1524 2167 in
1540 2136 1715 2168 vanitates
1732 2143 1766 2168 et
1783 2137 1941 2169 insanias
1958 2137 2097 2170 salsas⁹.

236 2209 275 2235 et
302 2202 346 2235 ad
375 2215 469 2243 eum,
500 2203 561 2248 qui
593 2210 693 2248 pater
721 2211 777 2237 est.
806 2204 995 2245 mendacii,
1019 2204 1161 2236 tandem
1190 2203 1439 2248 imprudenter
1461 2202 1647 2247 palamque
1669 2203 1921 2247 apostasiando
1950 2216 1988 2236 se
2015 2217 2099 2236 0011-

239 2276 366 2303 vertat.
389 2270 447 2303 Sic
469 2270 551 2302 Saul
572 2282 590 2303 a
611 2271 765 2303 Domino
790 2271 986 2304 derelictus
1013 2271 1265 2316 phitonissam,
1289 2270 1346 2302 cui
1374 2270 1473 2314 prius
1495 2269 1763 2310 adversabatur,
1785 2270 2019 2310 consuluit¹03
2048 2271 2098 2303 sic

240 2336 416 2369 ochozias
438 2338 512 2369 Deo
535 2337 672 2369 Israhel
700 2344 823 2382 spreto
844 2338 942 2370 misit
967 2338 1010 2370 ad
1035 2337 1299 2370 consulendum
1329 2338 1441 2368 Deum
1465 2335 1683 2374 Acharon¹¹;
1714 2336 1765 2368 sic
1791 2336 1946 2380 denique
1973 2349 2098 2370 omnes

241 2414 304 2435 eos
325 2403 386 2447 qui
408 2403 478 2435 fide
497 2403 554 2436 vel
576 2416 686 2448 opere
707 2404 844 2449 absque
866 2406 942 2437 Deo
959 2417 1044 2438 vero
1066 2411 1162 2445 sunt,
1186 2410 1224 2436 ut
1244 2416 1262 2436 a
1282 2403 1349 2435 deo
1371 2403 1460 2435 salso
1482 2402 1726 2443 ludificentur,
1748 2414 1898 2434 necesse
1920 2405 2022 2436 cst¹².

333 2471 428 2502 Hanc
460 2470 571 2514 igitur
600 2470 822 2515 nephariam,
853 2471 1058 2516 pestiferam
1093 2477 1432 2513 monstruosamque
1463 2469 1680 2501 insaniarum
1712 2469 1879 2501 salsarum
1911 2482 1989 2502 cum
2022 2471 2098 2503 suis

239 2535 435 2568 heresibus
456 2535 784 2570 abhominationem
807 2538 888 2582 plus
910 2538 1018 2571 solito
1039 2544 1162 2570 nostra
1184 2543 1275 2569 etate
1292 2542 1482 2568 cernentes
1504 2535 1713 2575 invaluisse,
1733 2547 1776 2566 110
1797 2536 1918 2567 forsan
1939 2537 2100 2569 christia-

243 2602 432 2635 nissimum
456 2615 624 2648 regnum,
642 2604 738 2648 quod
760 2604 844 2637 olim
863 2611 1026 2637 monstro
1048 2604 1162 2636 caruit
1182 2610 1217 2636 et
1236 2605 1310 2635 Deo
1334 2608 1545 2647 protegente
1568 2601 1716 2639 carebit,
1734 2601 1880 2634 inlicere
1897 2602 2010 2635 valeat
2031 2610 2095 2636 tam

242 2668 424 2701 horrende
453 2669 646 2714 impietatis
674 2677 709 2703 et
738 2671 1050 2715 perniciosissime
1080 2670 1308 2714 contagionis
1340 2675 1552 2708 monstrum,
1581 2668 1768 2711 cupientes
1798 2669 1880 2700 totis
1911 2670 2098 2702 conatibus

243 2735 407 2776 obviare,
426 2748 606 2774 memores
627 2737 777 2782 insuper
794 2744 916 2770 nostre
939 2737 1179 2782 professionis
1202 2736 1372 2781 proque¹³
1391 2735 1483 2779 legis
1505 2734 1580 2766 zelo
1598 2734 1776 2775 succensi,
1796 2747 1929 2779 paucos
1946 2737 1986 2768 ad
2011 2737 2098 2769 lianc

243 2814 318 2841 rem
350 2802 522 2836 articulos
553 2803 818 2848 dampnationis
849 2804 1020 2845 cauterio,
1054 2816 1097 2836 ne
1131 2804 1303 2847 deinceps
1332 2802 1451 2834 fallant
1485 2800 1673 2840 incogniti.
1706 2807 1828 2833 notare
1859 2802 2097 2843 decrevimus,

244 2876 530 2907 rememorantes
561 2870 654 2902 inter
683 2877 800 2902 cetera
835 2871 1023 2903 innumera
1059 2870 1190 2902 dietum
1224 2868 1313 2901 illud
1343 2867 1601 2912 sapientissimi
1638 2866 1796 2898 doctoris
1827 2868 2021 2911 Augustini
2056 2870 2099 2902 de

369 2930 432 2947 *0³*
451 2928 546 2951 chart..
570 2928 647 2951 Unir.
668 2929 761 2952 Puris.
781 2929 821 2951 lv.
