2502 3418
409 325 470 356 160
984 333 1300 355 anu'rULARlum
1336 333 1526 354 UNtvh-ns.
1565 333 1692 354 rmus.
2175 319 2274 355 [1408

406 408 632 441 hebdomada
651 408 779 441 fierent
795 408 851 441 vel
874 408 996 440 eadem
1014 407 1212 452 septimana
1231 406 1308 439 fieri
1331 407 1676 451 pronunciarenturg
1697 406 1760 439 scd
1780 412 1913 438 tuntum
1932 399 2099 450 vesperie
2121 412 2155 438 ct
2176 406 2274 450 prin-

408 476 540 520 cipium
563 475 671 508 unius
693 482 728 508 et
748 475 912 519 ejusdem
936 474 1077 508 valeant
1097 473 1272 518 compleri
1299 480 1460 518 tempore
1489 473 1640 505 cuilibet
1666 473 1939 517 incepturorum
1962 472 2098 517 profixo
2121 479 2156 505 et
2176 472 2273 505 ordi-

408 549 502 583 nato,
532 542 765 587 presentibus
794 541 978 586 magistris
1008 541 1065 573 hic
1094 540 1312 584 subscriptis
1341 539 1448 572 fiebat
1474 539 1539 572 hec
1569 540 1757 572 ordinacio
1782 546 1973 584 propterea
1999 540 2082 584 quia
2110 539 2274 584 magistri

410 609 478 642 mei
500 609 691 642 reverendi
707 610 784 641 Yvo
808 607 972 652 Ilugonis
994 614 1027 639 et
1047 606 1231 640 Johannes
1253 606 1408 638 Beraudi
1430 606 1636 650 oppositum
1660 605 1768 650 hujus
1789 606 1906 638 facere
1927 605 2089 650 pretensi
2110 612 2205 638 sunt.

503 708 603 730 Comm.
621 708 669 729 sac.
688 706 765 733 med„
784 706 803 734 l,
818 714 844 736 p.
861 705 915 728 127.

415 808 554 845 1860,
581 816 715 850 Magistri
731 818 859 849 regentes
873 813 1026 848 facultatis
1045 812 1204 838 medicinae
1220 821 1267 838 an.
1286 812 1454 839 1408-1409.

1613 862 1689 891 7408,
1705 862 1819 888 Movemb.
1836 863 1861 891 3.
1877 863 1991 888 Parisiis.

500 954 594 986 Anni
623 953 807 986 millesimi
838 952 959 985 CCCC
988 950 1102 983 octavi
1135 950 1216 991 [die]
1250 949 1389 982 sabbati
1421 961 1490 994 que
1525 950 1591 982 suit
1626 950 1734 983 tercia
1771 951 1908 983 mensis
1940 951 2161 984 Novembris
2196 958 2278 996 post

411 1022 541 1054 festum
564 1021 732 1054 Omnium
756 1021 981 1059 Sanctorum,
1004 1018 1219 1062 inceperunt
1239 1017 1403 1061 magistri
1429 1029 1582 1061 quorum
1610 1018 1754 1050 nomina
1783 1017 2066 1051 subscribuntur
2091 1030 2175 1051 suas
2205 1018 2277 1051 lec-

415 1089 530 1121 tiones
552 1087 754 1120 ordinarias
773 1098 779 1119 :

500 1187 625 1212 Thomas
639 1186 675 1212 de
690 1186 794 1212 Sancto
810 1186 902 1211 Petro.
1449 1184 1542 1210 Droco
1555 1184 1671 1210 Decani.

500 1235 676 1261 Guillelmus
692 1234 855 1260 Boucherii.
1448 1233 1622 1259 Guilletmus
1636 1233 1759 1267 Nepotis.

499 1286 647 1311 =lohannes
661 1285 697 1310 de
712 1284 905 1310 Bellomontc.
1448 1281 1601 1308 Nieholaus
1615 1282 1651 1307 de
1666 1282 1749 1308 Mola.

502 1335 643 1360 Martinus
658 1334 751 1360 Gazel.
1449 1331 1591 1358 oliverius
1606 1331 1780 1358 Gambelini.

502 1384 602 1410 Petrus
616 1383 652 1410 de
667 1383 845 1409 Aussonna¹.
1449 1382 1597 1408 Johannes
1613 1382 1716 1408 Basini.

502 1432 676 1458 Guillelmus
690 1432 726 1458 dc
741 1432 870 1458 Camera.
1450 1431 1546 1457 Guido
1561 1432 1596 1458 dc
1611 1432 1709 1457 Monte
1724 1431 1846 1465 Fiqueti,

503 1482 650 1508 Johannes
665 1482 701 1507 de
715 1481 782 1507 Ens.
1451 1482 1599 1508 Johannes
1614 1481 1728 1507 Casson.

504 1532 652 1558 Johannes
667 1531 797 1557 Comitis.
1451 1531 1510 1556 Yvo
1526 1531 1613 1557 Levis.

504 1581 651 1607 Johannes
666 1581 791 1614 Leporis.
1453 1581 1553 1606 Petrus
1568 1579 1742 1606 Cardonnel.

505 1631 606 1656 Petrus
621 1630 710 1655 Mioti.
1452 1629 1627 1655 Guillelmus
1641 1628 1732 1654 Fabri.

504 1679 679 1705 Guillelmus
694 1679 853 1712 l‘elleparii.
1451 1679 1600 1705 Johannes
1612 1678 1648 1704 de
1664 1678 1741 1704 Pisis.

506 1728 657 1754 lleinricus
673 1728 783 1754 Pellati.
1453 1727 1628 1753 Guillelmus
1643 1727 1678 1753 de
1693 1727 1837 1753 Gardinis.

505 1778 653 1803 Johannes
665 1777 831 1811 Tanquard.
1453 1777 1595 1803 Robertus
1610 1776 1798 1802 Charmolue.

505 1827 653 1853 Johannes
669 1827 714 1852 Du
730 1828 866 1861 Marti-oy.
1455 1828 1556 1853 Petrus
1571 1827 1606 1853 de
1620 1826 1722 1852 Trecis.

504 1877 651 1903 Johannes
666 1877 798 1903 Bellardi.
1454 1876 1630 1902 Guillelmus
1643 1876 1680 1902 de
1695 1876 1795 1901 Busco⁴

505 1926 628 1952 Jacobus
644 1925 787 1960 Sacespee.
1455 1926 1630 1952 Guillelmus
1645 1925 1729 1951 Haro.

507 1975 657 2001 lIcinricus
672 1976 802 2009 Doygny.
1454 1976 1602 2002 Johannes
1618 1974 1748 2000 Beraudi.
2003 1973 2058 2006 [34]

512 2064 611 2087 Comm.
628 2065 677 2087 sac.
696 2064 763 2088 med.
781 2064 876 2089 Paris..
893 2065 911 2092 l,
929 2073 955 2095 p.
972 2065 1026 2088 130.
1041 2078 1071 2082 -
1088 2065 1153 2088 Nov.
1170 2066 1183 2087 3
1198 2065 1331 2088 Johannes
1345 2065 1444 2088 Cnsson
1459 2064 1626 2087 continuatus
1642 2067 1681 2086 est
1694 2063 1818 2086 decanus.

513 2109 593 2131 Iidem
609 2117 679 2139 mag.
694 2112 812 2139 regentes
827 2110 952 2141 an.1l10{),
968 2113 1072 2141 praeter
1083 2109 1228 2133 oliverium
1244 2109 1402 2138 Gambelini,
1414 2109 1472 2133 Joh.
1489 2108 1588 2137 Basini,
1605 2108 1694 2131 addito
1707 2107 1733 2130 in
1750 2108 1800 2130 fine
1813 2107 1938 2130 Nicholno
1952 2106 2059 2129 Bnrhoti
2075 2105 2159 2138 (ibid.,
2177 2114 2203 2137 p.
2221 2105 2285 2134 1¹14).

420 2154 537 2176 Decanus
552 2153 601 2176 suit
615 2154 668 2176 Yvo
685 2153 769 2177 Levis.

513 2238 538 2263 1.
555 2238 681 2262 Ultimum
697 2247 739 2262 nn.
753 2239 813 2262 1409
829 2239 896 2262 inter
911 2242 1030 2270 regentes
1044 2239 1204 2265 nominatur.
1218 2239 1362 2262 moriturus
1374 2246 1415 2262 an.
1430 2239 1490 2262 1410
1503 2238 1544 2261 die
1558 2239 1624 2261 festo
1639 2236 1826 2261 Deeollationis
1839 2237 1864 2259 S.
1879 2235 2007 2259 Johannis
2020 2235 2164 2266 Baptistae.
2179 2234 2286 2258 Librum

421 2284 511 2307 Galeni
534 2284 565 2306 de
588 2283 700 2306 utilitate
721 2284 836 2314 partium
858 2284 975 2306 facultati
993 2284 1060 2307 med.
1077 2284 1176 2315 legavit
1191 2284 1357 2314 (flamma-n.
1380 2284 1506 2308 Annales
1528 2283 1638 2311 medici,
1659 2289 1721 2309 ms.,
1745 2290 1771 2313 p.
1795 2281 1862 2312 299).
1879 2281 1940 2312 Ejus
1961 2283 2147 2304 testamentum
2168 2279 2222 2302 vid.
2242 2287 2285 2310 ap.

422 2329 540 2353 Trmm.
558 2328 726 2353 Testaments
740 2328 906 2358 enreyistre's
920 2335 986 2354 sous
1003 2329 1028 2353 le
1039 2330 1124 2359 reyne
1136 2330 1169 2353 de
1185 2329 1299 2353 Charles
1315 2328 1360 2357 VI,
1375 2328 1400 2351 in
1417 2328 1560 2358 Melanyes
1576 2326 1754 2357 historiques,
1775 2329 1793 2349 t.
1812 2326 1846 2349 ΙΙΙ
1861 2326 1952 2355 (1880),
1969 2334 1995 2356 p.
2013 2325 2068 2348 504.

429 2496 569 2533 1861.
591 2505 734 2531 Johamzes
757 2506 869 2539 Get-son,
895 2505 1086 2531 cancellarius
1109 2505 1278 2539 Parisiens.,
1304 2505 1416 2530 nomine
1437 2504 1635 2530 Universitatis
1657 2503 1814 2529 orationem
1836 2503 1864 2527 in
1884 2501 1984 2536 lingua
2007 2500 2118 2535 gallica
2140 2499 2227 2526 habet
2248 2499 2288 2525 ad

512 2563 610 2589 pacem
628 2554 839 2580 conciliandam
856 2555 929 2580 inter
944 2554 1055 2580 domum
1071 2554 1307 2580 Aurelianensem
1323 2558 1350 2580 et
1364 2554 1476 2580 domum
1492 2553 1687 2588 Burgundiae.
1704 2562 1718 2576 «
1732 2552 1833 2579 Veniat
1845 2559 1901 2584 pax
1916 2562 1940 2576 ν).

1660 2641 1734 2670 1408,
1750 2642 1784 2667 Mo
1788 2640 1873 2669 remb..
1889 2639 2003 2665 Parisiis.

521 2731 587 2754 nihl.
605 2736 657 2754 nat.
674 2732 766 2758 Parim,
784 2740 832 2754 ms.
848 2732 895 2755 lat.
914 2732 999 2760 '1458-2,
1018 2732 1063 2757 sol.
1079 2732 1108 2753 3ss
1125 2732 1248 2762 (gallice),
1264 2740 1323 2754 cum
1339 2735 1425 2754 tumen
1444 2731 1581 2758 Boi-num,
1598 2730 1678 2754 Essai
1698 2730 1759 2753 hIsc.
1777 2733 1802 2752 et
1823 2728 1884 2752 crit.
1901 2734 1953 2752 sur
1968 2727 2005 2750 les
2019 2732 2145 2751 sermons
2159 2725 2289 2754 francais

427 2777 460 2799 de
474 2776 587 2802 Gerson,
605 2784 630 2806 p.
648 2776 700 2803 118,
719 2779 816 2799 textum
832 2776 987 2807 originalem
1005 2784 1031 2799 se
1048 2784 1097 2798 non
1114 2776 1245 2799 invenisse
1260 2776 1424 2803 confiteatur,
1441 2778 1466 2798 et
1480 2776 1627 2801 JOURDMN,
1645 2783 1670 2805 p.
1688 2775 1742 2802 224,
1757 2776 1810 2796 not.
1828 2774 1848 2802 1,
1863 2774 1965 2795 asserat
1982 2771 2108 2802 gallicum
2123 2773 2221 2793 textum
2234 2769 2288 2801 jam

428 2829 477 2842 nou
498 2824 607 2843 exstare.
631 2820 720 2843 Latine
740 2820 765 2843 in
789 2822 855 2851 Opp.
879 2821 1004 2849 Gerson.‚
1021 2821 1062 2849 IV,
1079 2822 1134 2844 625.
1152 2822 1303 2844 Sermonem
1323 2829 1412 2844 mense
1427 2819 1568 2843 Novembri
1584 2819 1703 2842 habitum
1720 2826 1785 2845 esse.
1803 2826 1833 2840 ex
1853 2815 2047 2840 Introductione
2069 2814 2186 2846 ejusdem
2208 2817 2288 2845 patet,

428 2873 487 2886 num
503 2865 603 2888 Gerson
618 2864 655 2887 ihi
671 2865 810 2887 introitum
826 2874 837 2888 «
854 2865 884 2887 de
901 2866 926 2888 la
941 2868 1034 2896 grente
1050 2873 1134 2888 inesse
1148 2867 1178 2888 de
1194 2865 1258 2888 trois
1275 2865 1425 2888 dimenches
1441 2865 1472 2888 de
1485 2872 1513 2887 ce
1529 2867 1613 2895 temps
1628 2872 1638 2886 n
1653 2863 1729 2886 affert
1745 2870 1750 2886 ;
1769 2871 1780 2885 (t
1798 2861 1876 2893 [Dicit
1889 2860 2035 2892 Dominus,]
2051 2868 2108 2883 ecce
2121 2858 2207 2890 cogito
2222 2858 2292 2890 cogi-

427 2909 538 2931 tationes
555 2909 627 2939 pacis
644 2917 667 2936 »,
683 2912 732 2932 etr.
748 2909 799 2932 Eue
814 2912 867 2932 tres
881 2909 1026 2932 dominicae
1043 2913 1103 2932 suut
1119 2910 1187 2933 dom.
1205 2910 1280 2932 23-25
1296 2912 1356 2940 post
1369 2910 1537 2932 Pentecosten
1554 2910 1588 2938 (v.
1607 2917 1632 2937 g.
1648 2907 1673 2930 in
1690 2906 1799 2936 Minati,
1814 2906 1881 2929 Bibl.
1898 2905 2020 2929 Univch.
2038 2913 2086 2927 ms.
2103 2905 2156 2931 705,
2175 2903 2219 2926 sol.
2233 2901 2292 2926 272b
