2502 3418
267 326 363 363 1413]
613 339 660 360 ΑΒ
694 339 800 360 ΑΝΝΟ
835 338 1122 360 MCCCLxxxXIv
1156 339 1289 367 USQUE
1324 339 1372 360 AD
1406 339 1543 360 ANNUM
1579 339 1784 360 mccccmr
2067 330 2129 362 261

266 413 415 458 gnoisse
437 412 594 445 chascun
615 412 647 445 la
668 414 788 457 grace,
810 412 965 456 laquelle
987 413 1085 445 aussi
1107 424 1245 445 comme
1268 424 1330 456 par
1351 412 1496 444 miracle
1519 413 1609 444 Dieu
1631 424 1648 444 a
1670 413 1751 444 sailc
1773 415 1790 445 a
1812 425 1851 445 re
1874 424 2041 457 royaunie
2059 420 2094 445 et
2114 416 2131 446 a

267 486 347 512 tous
369 479 422 512 les
443 479 608 512 habitans
630 479 802 517 d'icellui,
825 490 869 511 en
899 485 1094 523 requei-ant
1125 479 1273 511 l’acteur
1295 485 1329 510 et
1358 478 1391 510 le
1422 478 1512 510 Dieu
1535 478 1595 522 qui
1623 478 1700 510 seul
1726 479 1759 510 le
1782 486 1864 523 puer
1887 480 2038 521 donner,
2062 493 2131 525 que

266 545 369 578 icelle
390 545 523 579 vueille
545 546 737 578 continuer
757 558 801 578 en
823 545 1118 590 l’auginentation
1141 545 1184 577 de
1206 545 1238 577 la
1259 545 1318 589 foy
1339 551 1371 577 el
1393 544 1551 589 louenge
1574 545 1617 577 de
1639 556 1705 577 son
1728 545 1817 577 saint
1841 558 1936 578 noui.
1967 548 2094 579 Donue
2116 549 2132 579 51

265 613 377 653 Paris,
402 624 446 644 en
467 619 590 645 nostre
612 612 875 657 congregation
896 612 1066 657 generale
1089 624 1152 644 sur
1172 624 1211 644 ce
1234 611 1536 644 solennellenient
1558 611 1723 643 celebr-ee
1746 614 1763 643 a
1785 612 1882 644 Saint
1905 613 2076 653 Bornard7
2100 613 2133 645 le

266 679 402 711 second
418 680 504 723 jour
525 679 689 719 d‘Aoust,
713 678 781 711 l’an
804 678 866 711 mil
887 680 971 711 ΙΙΙΙο
992 685 1024 711 et
1046 679 1145 711 XIII.

357 776 435 799 Arch.
455 776 582 807 municip.
599 776 777 805 Noviomens.,
796 776 897 807 Regist.
912 776 923 799 1
941 776 1171 805 deliberationum,
1187 776 1230 799 sol.
1246 777 1284 800 6'1.
1301 776 1427 804 CovlLLE7
1442 776 1492 799 Les
1510 776 1686 804 Cabocltiens‚
1701 785 1727 807 p.
1741 777 1796 799 439.
1811 789 1840 793 —
1856 776 1930 799 Certe
1946 777 2049 800 litterae
2065 780 2134 806 sunt,

263 829 328 852 quas
350 824 435 844 rector
449 820 547 843 civium
563 820 729 844 Noviomens.
750 821 862 852 Augusti
878 821 907 843 22
923 820 956 843 nb
973 820 1151 844 Universitate
1167 820 1251 843 Paris.
1268 820 1400 851 recepisse
1420 823 1534 843 testatur
1553 820 1634 849 (Bibl.
1650 822 1682 844 (le
1701 821 1793 844 l'e'cole
1805 822 1852 845 (les
1868 822 1987 850 charues,
2001 829 2043 844 an.
2065 822 2136 844 181ιὸ-

264 865 334 895 1846,
349 874 377 896 p.
392 866 431 894 69,
447 869 477 888 n⁰
489 865 528 896 V).

270 992 410 1029 1986.
434 1002 569 1028 Tractatu
585 1002 661 1035 pacis
675 1002 711 1028 de
724 1002 873 1028 Pontisara
888 1010 907 1026 α
923 1010 988 1035 rege
1009 1001 1193 1027 Universitati
1208 1001 1304 1035 missoy
1329 1001 1504 1027 Universitas
1520 1010 1582 1026 eum
1599 1002 1670 1035 Aug.
1689 1003 1704 1027 2
1720 1001 1880 1037 approbat,·
1895 1002 1969 1036 Aug.
1989 1003 2003 1028 4
2024 1002 2137 1027 Univer-

352 1050 426 1076 sitas
440 1054 468 1076 et
480 1050 696 1076 Parlamentum
710 1050 865 1086 deputatos
877 1050 917 1075 ad
928 1059 1020 1084 regem
1037 1051 1160 1085 mittunt,
1177 1054 1204 1076 et
1217 1059 1291 1085 mag.
1310 1050 1395 1076 theol.
1418 1050 1537 1075 Ursinus
1549 1050 1584 1075 dc
1601 1050 1762 1076 Talerande
1777 1050 1935 1076 orationem
1951 1050 2038 1076 babet
2051 1059 2138 1086 super

352 1100 460 1133 Rogate
475 1107 551 1133 quae
565 1100 601 1125 ad
616 1107 717 1133 pacem
733 1101 803 1126 sunt
816 1098 933 1134 [Psalm.
947 1108 1023 1129 cxxi,
1036 1099 1075 1135 6]‚
1087 1103 1115 1125 et
1127 1099 1259 1135 postulat
1275 1103 1304 1125 ut
1315 1109 1368 1135 per
1380 1108 1394 1124 «
1408 1099 1582 1124 Caboclziens
1597 1108 1610 1124 ›>
1625 1099 1733 1125 detenti
1747 1099 1912 1125 liberentur.
1926 1101 1992 1125 Dua:
2005 1101 2138 1134 Burgun-

354 1147 421 1174 diae
437 1152 464 1174 et
479 1157 495 1174 ι
509 1148 684 1174 Caboclziens
699 1157 714 1174 >>
726 1149 797 1184 paci
813 1149 953 1174 contrarii
966 1152 1058 1174 erant.

1446 1185 1515 1213 1413,
1531 1184 1638 1217 Augusti
1651 1185 1676 1214 2,
1690 1186 1714 1214 4,
1733 1185 1848 1210 Parisiis.

359 1272 450 1300 Quoad
467 1274 560 1301 fontes,
582 1272 635 1295 vid.
651 1274 780 1302 Auctar.‚
802 1273 834 1301 ΙΙ,
850 1281 878 1303 p.
899 1272 954 1302 155,
969 1275 1024 1296 not.
1040 1274 1063 1301 3,
1079 1275 1104 1295 et
1125 1273 1250 1302 Coum-E,
1268 1274 1318 1296 Les
1334 1272 1511 1302 Cabochiens,
1527 1281 1553 1303 p.
1571 1274 1625 1296 357.
1642 1273 1710 1295 Haec
1723 1273 1811 1295 omnin
1826 1273 1905 1296 etiam
1921 1273 2055 1304 descripta
2077 1276 2138 1296 sunt

264 1316 290 1339 in
313 1317 426 1348 epistola
440 1317 587 1348 praepositi
603 1320 779 1340 mercatorum
802 1320 827 1340 et
847 1317 1015 1340 scabinorum
1036 1317 1120 1341 Puris.
1144 1318 1177 1340 ad
1200 1317 1270 1340 cives
1291 1317 1471 1346 Noviomens.y
1495 1318 1561 1348 Aug.
1584 1318 1620 1344 16,
1644 1317 1670 1340 iu
1690 1318 1763 1341 Bibl.
1785 1319 1817 1341 de
1841 1317 1932 1341 l'e'cole
1952 1318 1997 1341 des
2019 1318 2137 1346 Chanes,

263 1369 307 1384 an.
325 1361 469 1391 1845-1846,
483 1370 510 1393 p.
524 1362 554 1384 67
570 1369 609 1392 sq.

269 1489 410 1526 1987.
433 1500 499 1524 Dux
525 1498 704 1533 Aquitaniae
725 1507 784 1524 cum
812 1498 934 1524 ducibus
960 1498 1143 1532 Bituricens„
1166 1498 1362 1532 Burgundiae‚
1388 1498 1540 1532 Bavariae,
1564 1498 1696 1531 Barens.,
1722 1506 1783 1522 cum
1809 1497 1937 1522 mamma
1957 1497 2139 1522 multitudine

353 1547 499 1581 baronum,
519 1547 641 1572 militum
660 1551 687 1573 et
704 1547 895 1582 burgensium,
919 1548 1042 1573 accessit
1058 1547 1097 1573 ad
1113 1547 1361 1581 congregationem
1383 1546 1582 1572 Universitatis
1603 1546 1632 1571 in
1650 1549 1677 1572 S.
1699 1546 1858 1580 Bet-nardo,
1877 1546 1926 1571 ubi
1946 1546 2139 1572 cancellarius

353 1595 435 1621 ducis
456 1596 636 1631 Aquitaniae
659 1596 814 1631 (Iohannes
836 1596 871 1621 de
888 1596 992 1630 Nielle)
1012 1597 1127 1630 gratias
1147 1596 1205 1630 egit
1232 1596 1415 1622 Universitati
1437 1595 1471 1621 de
1490 1595 1591 1631 poenis
1612 1599 1638 1621 et
1659 1595 1807 1620 laboribus
1827 1595 1969 1630 susceptis
1992 1595 2020 1620 in
2038 1604 2139 1630 prose-

354 1645 466 1670 cutione
478 1646 578 1681 pacis;
595 1645 669 1670 idem
683 1647 813 1679 fecerunt
827 1645 914 1671 duces
931 1646 1070 1671 Bai-ensis
1086 1649 1114 1671 et
1129 1645 1282 1678 Bavariae,
1302 1645 1371 1680 quia
1394 1644 1594 1670 Universitatis
1610 1643 1786 1669 adminiculo
1802 1653 1820 1669 α
1840 1644 2004 1669 carceribus
2023 1644 2140 1669 liberati

352 1697 428 1720 sunt.
445 1694 508 1720 Jolz.
528 1695 633 1720 Gerson
649 1693 843 1719 cancellarius
866 1695 960 1720 Paris.
978 1694 1104 1728 gratiam
1126 1694 1255 1720 reddidit
1271 1694 1337 1719 duci
1351 1694 1530 1729 Aquitaniae
1547 1702 1600 1729 pro
1621 1693 1726 1718 lzonore
1747 1696 1804 1718 tam
1821 1693 1936 1718 insolito
1957 1692 2140 1718 Universitati

355 1751 492 1779 l'apen-³⁰·
1487 1779 1559 1807 1413,
1575 1778 1682 1810 Augusti
1696 1779 1720 1807 6,
1737 1778 1851 1803 Parisls's.

357 1867 415 1890 Vid.
431 1869 563 1895 Auctar.‚
580 1868 613 1895 II,
629 1875 655 1898 p.
670 1868 724 1896 155,
741 1868 768 1890 13
785 1875 852 1899 sqq.‚
869 1870 894 1890 et
908 1870 993 1896 notas,
1011 1867 1055 1890 uhi
1070 1867 1149 1890 etiam
1164 1867 1290 1898 temporis
1306 1870 1367 1890 nota
1380 1866 1414 1889 ab
1427 1866 1486 1889 aliis
1503 1867 1586 1889 relata
1601 1866 1755 1897 corrigitur.
1769 1867 1833 1896 Aug.
1850 1866 1879 1888 17
1895 1866 2060 1889 Universitas
2076 1866 2140 1888 deli-

264 1912 367 1935 beravit
382 1912 520 1943 epistolas,
537 1912 634 1943 quihus
650 1920 703 1943 pax
718 1912 812 1935 melius
831 1912 1017 1943 explicaretur,
1031 1911 1225 1943 principalibus
1241 1911 1394 1935 civitatibus
1410 1911 1536 1934 Franciae
1551 1911 1703 1934 mittendas.
1717 1913 1848 1938 Auctar„
1865 1910 1897 1940 11,
1915 1918 1942 1941 p.
1960 1910 2014 1939 156,
2034 1910 2063 1933 10
2079 1918 2136 1941 sqq.

268 2096 410 2134 1988.
433 2105 579 2132 Iohannes
598 2107 711 2140 Ger-son,
729 2106 922 2132 cancellarius
931 2107 1038 2140 Paris„
1053 2107 1165 2132 nomine
1179 2106 1379 2131 &nivet-sitatis
1393 2106 1552 2131 orationem
1568 2104 1654 2130 habet
1672 2105 1700 2130 in
1717 2104 1817 2138 lingua
1827 2104 1937 2138 gallica
1953 2113 2046 2130 coram
2062 2113 2135 2138 rege,

353 2163 419 2189 rege
433 2154 572 2180 Ludovico
590 2155 717 2189 Siciliae,
737 2155 859 2180 ducibus
875 2155 1064 2190 Aquitaniae,
1082 2155 1266 2188 Bituricens„
1284 2154 1486 2180 Aurelianens.
1506 2158 1533 2179 et
1548 2153 1686 2179 Borbonii
1701 2153 1827 2188 aliisque
1843 2153 1966 2179 dominis
1981 2154 2008 2178 in
2023 2153 2137 2188 palatio

353 2204 440 2238 regio.
465 2204 622 2239 Postquam
642 2213 734 2238 regem
753 2208 873 2240 propter
894 2208 1064 2240 perpetrata
1086 2204 1211 2229 Parisiis
1235 2203 1274 2229 ad
1295 2203 1523 2229 misericordiam
1545 2204 1663 2237 flectere
1685 2203 1766 2228 nisus
1787 2206 1837 2236 est,
1853 2206 1973 2237 perorat
1989 2202 2023 2227 de
2045 2204 2138 2236 refor-

353 2253 478 2278 matione
494 2253 582 2287 regni,
600 2257 630 2278 ut
645 2253 673 2278 in
685 2255 814 2287 futurum
830 2253 916 2279 malis
931 2254 1100 2289 praeteritis
1114 2253 1158 2279 νὶα
1173 2252 1386 2289 praecludatur
1401 2262 1409 2278 .·
1426 2252 1461 2278 de
1476 2252 1546 2277 bono
1563 2251 1699 2286 regimine
1715 2252 1799 2285 regis,
1818 2251 1853 2276 de
1871 2250 2038 2285 defensione
2058 2251 2138 2285 regni

353 2305 452 2326 contra
477 2301 661 2327 adversarios
684 2306 796 2328 exteros
819 2306 847 2327 et
870 2303 1004 2336 internos,
1027 2302 1062 2328 de
1081 2303 1209 2337 justitia,
1233 2301 1268 2327 de
1290 2301 1465 2336 subjectione
1488 2305 1515 2326 et
1537 2300 1636 2326 labore
1656 2300 1765 2326 civium.
1786 2299 1876 2325 Simul
1898 2300 2021 2325 invectus
2044 2303 2086 2325 cst
2109 2300 2137 2325 in

355 2350 552 2376 damnandam
569 2359 644 2385 mag.
661 2351 800 2377 Johannis
816 2352 902 2377 Parvi
917 2351 1086 2385 doctrinam,
1105 2361 1119 2377 «
1137 2351 1217 2386 quia
1234 2351 1293 2376 este'
1309 2359 1436 2376 semence
1452 2350 1487 2375 de
1503 2350 1641 2375 rebellion
1657 2353 1683 2375 et
1697 2349 1731 2374 de
1748 2349 1872 2374 sedition
1888 2353 1982 2374 contre
1998 2348 2095 2374 l’estat
2110 2358 2134 2383 »7

354 2401 496 2434 offertque
518 2400 730 2435 propositiones
754 2404 862 2436 septem
886 2400 923 2426 ab
942 2401 1004 2436 ipso
1029 2400 1191 2426 extractas*
1216 2409 1230 2425 e
1251 2400 1462 2426 Jusuficatione
1484 2399 1566 2425 ducis
1591 2399 1778 2431 Burgundiae
1793 2397 1931 2423 Iohannis
1951 2398 2055 2423 Parvi²
2075 2407 2136 2423 cum

355 2448 607 2484 reprobationibus
620 2449 784 2475 earumdem
801 2449 838 2475 ab
855 2449 916 2485 ipso
933 2449 1108 2485 compositis.
1125 2459 1138 2473 «
1155 2451 1212 2475 Rex
1227 2450 1258 2475 in
1274 2449 1488 2483 sempiternum
1502 2449 1563 2474 vive
1581 2468 1585 2472 .
1606 2459 1618 2471 υ

1466 2538 1535 2565 1413,
1554 2536 1680 2568 Septemb.
1695 2537 1720 2564 4,
1737 2535 1850 2561 Parisiis.

358 2626 377 2648 E
393 2626 481 2648 codice
497 2626 523 2648 S.
537 2625 650 2648 Victoris
666 2630 695 2648 ῐιο
711 2626 761 2655 138,
777 2625 821 2656 qui
835 2625 890 2656 jam
909 2634 959 2648 non
976 2626 1117 2654 invenitur.
1137 2626 1211 2655 Bm...
1226 2626 1256 2655 V,
1270 2626 1386 2655 238-253;
1405 2625 1470 2654 Opp.
1492 2624 1615 2653 Gerson..
1632 2624 1673 2651 IV,
1686 2623 1798 2647 657-677.
1816 2623 1878 2646 Post
1895 2631 2045 2653 regressum
2063 2623 2137 2646 ducis

265 2670 434 2701 Burgundiae
450 2671 515 2701 Aug.
532 2671 603 2692 22-23
618 2670 680 2699 (vid.
691 2670 798 2693 ERNEST
812 2671 903 2699 Pmm,
914 2670 1080 2694 Itineraires
1088 2672 1121 2693 de
1130 2670 1262 2700 Philippe
1277 2670 1300 2693 le
1315 2669 1408 2693 Hurdi
1423 2673 1447 2692 ct
1458 2670 1489 2692 de
1498 2669 1568 2692 Jean
1582 2674 1649 2692 sans
1665 2668 1750 2695 Peter,
1766 2676 1792 2697 p.
1805 2668 1859 2696 l100)
1874 2667 2043 2698 ejusdemque
2057 2667 2139 2690 ‹lomi-

266 2715 370 2738 nutione
379 2715 522 2746 profligata
535 2715 595 2737 Joh.
612 2714 713 2738 Gerson
727 2714 844 2737 animum
861 2714 976 2745 sumpsit
988 2714 1128 2737 invehendi
1141 2715 1166 2737 iu
1177 2714 1413 2745 Justz'ficatimzem
1428 2713 1508 2737 ducis
1521 2713 1717 2742 Buryuntliae,
1730 2711 1784 2742 jam
1799 2720 1813 2734 a
1829 2711 1943 2742 quinque
1957 2711 2032 2734 annis
2049 2712 2139 2743 puhli-

265 2762 359 2783 eatam.
383 2759 490 2782 Vivente
516 2759 648 2782 Ludovico
670 2759 860 2787 Aureliunensi,
886 2759 948 2781 dum
974 2760 1027 2782 dux
1051 2759 1221 2790 Burguurliae
1244 2766 1340 2789 inagna
1366 2760 1495 2788 potestate
1523 2757 1668 2786 fruebatur⁷
1685 2756 1801 2778 animuin
1829 2756 1922 2778 habuit
1946 2756 2086 2779 invehendi
2111 2756 2135 2779 in

266 2804 432 2835 tyrannidem
444 2803 570 2827 Ludovici
583 2803 764 2827 Aurelianens.
777 2803 883 2826 Minime
897 2807 987 2826 notum
998 2807 1037 2826 est
1048 2804 1113 2826 illud
1127 2803 1225 2826 divtum
1242 2802 1364 2833 magistri
1377 2801 1549 2830 Jacohi‚s1·nt.
1561 2801 1663 2828 Minor.y
1673 2804 1790 2831 tempore
1807 2800 1917 2823 Concilii
1933 2800 2136 2826 Constantiens..

270 2848 295 2871 in
311 2848 419 2872 Collect.
435 2848 541 2871 Martini
557 2849 638 2871 Poree
653 2848 732 2878 (Bibl.
746 2851 799 2871 nat.
816 2848 910 2876 Paris..
926 2856 976 2870 ms.
992 2848 1038 2871 lat.
1055 2849 1141 2878 14851,
1160 2848 1205 2870 sel.
1221 2847 1281 2876 361³),
1298 2847 1367 2878 quod
1382 2846 1515 2870 Johauues
1532 2845 1632 2869 Gersou
1648 2844 1806 2875 magistrum
1819 2845 1966 2868 Johannem
1980 2845 2058 2868 Parvi
2074 2845 2135 2868 dum

269 2893 369 2916 viveret
382 2901 397 2915 u
419 2892 522 2922 magnis
545 2892 710 2923 temporibus
733 2900 839 2915 exosum
859 2892 997 2921 habuerat,
1015 2901 1025 2914 (ι
1042 2901 1071 2915 eo
1095 2893 1163 2923 quod
1184 2892 1271 2923 ipsum
1293 2891 1426 2914 devicerat
1445 2890 1592 2913 rationibus
1612 2890 1762 2920 frequenter
1776 2889 1802 2911 in
1819 2889 1996 2912 Uuiversitate
2013 2890 2098 2913 Paris.
2115 2898 2135 2913 ».
