2502 3418
389 324 455 357 266
968 333 1289 356 CHARTULARIUM
1323 332 1515 355 vulvmzs.
1556 332 1686 354 pinnis.
2164 318 2264 355 [1413

392 408 641 441 fraudulenter
661 408 831 441 inductus
851 407 895 440 ab
915 408 1030 440 Aman
1051 407 1204 452 perfido,
1228 407 1450 452 promulgari
1478 413 1700 451 preceperat,
1724 417 1915 438 revocasse
1945 399 2018 450 per*
2036 405 2166 438 alteras
2197 405 2262 437 mi-

391 475 523 516 ciores,
546 481 735 520 postquam
757 475 968 508 informacio
990 474 1060 507 sibi
1081 475 1203 508 verior
1222 481 1258 507 et
1272 474 1408 518 justior
1428 485 1492 518 per
1514 474 1619 506 Ester
1639 473 1800 518 reginam
1822 472 1998 517 apparuit,
2021 472 2148 505 dicens
2168 472 2264 505 inter

392 548 511 575 cetera
533 542 630 587 quod
659 556 675 573 «
699 541 801 574 multi
830 541 990 574 bonitate
1019 541 1222 586 principum
1246 547 1281 573 et
1306 540 1457 581 honore,
1481 539 1542 584 qui
1565 539 1625 580 [in]
1647 551 1711 571 eos
1732 538 1884 571 collatus
1906 545 1973 579 est,
1995 538 2100 571 abusi
2121 545 2206 571 sunt
2225 538 2262 571 in

393 608 564 654 superbia
586 609 695 641 »....'.
725 609 803 651 Que
834 620 930 641 nunc
959 608 1095 641 idcirco
1124 614 1288 652 repetere
1317 607 1540 647 censuimus,
1572 606 1654 651 quia
1685 605 1751 638 hec
1782 605 1859 650 ipsa
1888 611 2062 650 tempora,
2090 605 2156 638 hec
2187 612 2262 638 acta

393 675 685 708 christianissimi
707 675 805 720 regis
826 675 942 707 nostri
963 681 999 708 et
1018 675 1129 719 patris
1151 674 1378 707 serenissimi
1400 673 1611 717 respiciunt,
1635 672 1729 705 sicut
1754 683 1796 704 ex
1816 672 1951 717 patenti
1978 678 2102 704 tenore
2127 672 2263 706 littera-

395 754 472 775 rum
495 754 639 775 suarum
667 742 725 774 die
746 742 869 786 quinta
899 740 1135 786 Septembris,
1164 752 1258 773 anno
1291 741 1341 772 M⁰
1353 739 1491 773 CCCC⁰
1502 740 1602 779 XIII,
1625 739 1710 771 dum
1736 738 1773 771 in
1795 738 2016 783 parlamento
2043 750 2109 772 suo
2131 739 2262 772 lectum

388 809 536 853 justicie
558 815 709 849 teneret,
728 807 835 840 nobis
856 808 1047 840 innotuit³.
1071 807 1149 839 lllic
1170 807 1266 839 enim
1288 806 1450 851 loquitur
1466 805 1560 838 idem
1583 817 1645 838 rex
1666 811 1792 838 noster
1807 811 1842 838 et
1861 811 1962 850 pater
1978 804 2262 847 illustrissimus,

394 887 465 920 quo
494 882 596 920 pacto
617 874 886 907 mendaciorum
909 873 1066 906 vinculis
1096 873 1205 905 suerit
1234 872 1410 913 irretitus,
1431 884 1512 917 ymo
1540 871 1720 905 violenter
1748 878 1882 904 tractus
1910 878 2032 904 contra
2062 871 2196 905 multos
2217 872 2261 905 de

392 942 570 987 sanguine
588 954 653 974 suo
671 941 878 982 durissima,
896 939 1019 973 feralia
1031 940 1042 957 ⁴
1059 946 1094 972 et
1114 939 1263 984 indigna
1280 939 1375 972 ferre
1392 938 1520 972 edicta.
1545 938 1602 972 Sic
1618 938 1703 971 olim
1722 937 1902 971 Babilonii
1919 945 2119 983 coegerunt
2138 950 2261 984 regem

392 1015 432 1042 ut
451 1009 610 1042 traderet
630 1007 814 1040 Danielem
835 1019 841 1039 :
866 1021 882 1038 «
900 1006 1086 1051 Alioquin,
1109 1006 1292 1051 inquiunt,
1311 1005 1576 1039 succendemus
1597 1011 1631 1038 te
1653 1011 1688 1038 et
1707 1005 1853 1038 domum
1875 1006 1990 1038 tuam⁵
2010 1019 2042 1047 »,
2062 1005 2263 1051 allegantes

396 1076 618 1108 mendaciter
638 1074 734 1119 quod
756 1074 949 1107 adversum
971 1073 1123 1106 salutem
1146 1073 1245 1118 regis
1266 1073 1463 1118 legumque
1485 1084 1630 1105 suarum
1652 1071 1780 1105 Daniel
1801 1084 1909 1105 orans
1929 1072 2174 1105 commiserat.

480 1142 588 1174 Plane
618 1140 862 1174 miserandum
894 1140 1022 1185 pocius
1052 1140 1089 1172 in
1119 1151 1207 1185 rege
1237 1146 1363 1172 nostro
1392 1151 1497 1184 quam
1526 1139 1726 1172 mirandum
1749 1138 1807 1172 vel
1837 1139 2114 1180 criminandum,
2142 1139 2173 1172 si
2198 1151 2264 1184 per

389 1209 568 1242 defectum
599 1207 699 1247 boni,
729 1214 765 1240 ut
798 1207 877 1252 ipse
909 1206 1083 1251 loquitur,
1115 1206 1275 1247 consilii,
1304 1218 1369 1251 per
1399 1206 1633 1252 sugestiones
1665 1206 1817 1251 insuper
1842 1205 2027 1239 malivolas
2054 1212 2089 1238 et
2115 1205 2262 1239 crebras

389 1276 561 1309 seductus
588 1274 758 1314 extiterit,
781 1285 859 1306 cum
892 1273 1058 1318 legamus
1088 1273 1207 1318 ipsum
1240 1273 1366 1314 David,
1390 1279 1526 1306 tantum
1556 1284 1680 1318 regem
1707 1279 1743 1305 et
1772 1272 1995 1318 prophetam,
2019 1272 2261 1306 exheredasse

388 1342 621 1387 Miphiboset,
644 1341 757 1374 filium
779 1342 918 1381 Jonate,
942 1339 988 1373 ob
1016 1339 1211 1373 subdolum
1233 1339 1384 1374 verbum
1416 1339 1501 1373 Sibe
1530 1339 1627 1373 servi
1647 1340 1834 1384 nequam⁶.
1858 1341 1902 1372 Et
1927 1346 1967 1372 ut
1995 1339 2039 1372 de
2069 1339 2261 1385 gentilium

387 1409 563 1454 exemplis
584 1408 701 1453 aliqua
723 1408 898 1448 dicamus,
921 1407 1008 1452 quid
1028 1407 1126 1440 aliud
1146 1407 1214 1440 suit
1233 1407 1414 1440 efficacius
1441 1407 1485 1440 ad
1506 1407 1701 1451 Trojanum
1727 1406 1817 1439 illud
1845 1406 2024 1439 excidium
2046 1418 2150 1451 quam
2180 1418 2262 1450 per-

387 1476 484 1508 fidiis
506 1476 618 1509 Sinon

1102 1519 1134 1545 in
1147 1521 1313 1553 utrumque
1324 1521 1444 1553 paratus

870 1569 928 1595 Aut
944 1576 1055 1595 versare
1067 1568 1159 1599 dolos,
1175 1570 1227 1595 aut
1241 1570 1318 1594 certe
1331 1568 1506 1595 occumbere
1518 1568 1634 1595 morti7.

478 1672 566 1703 lliuc
588 1671 762 1716 egregius
784 1677 901 1715 pocta,
926 1672 1066 1703 Famam
1091 1669 1320 1710 describens,
1343 1669 1500 1715 appellat
1519 1681 1595 1702 eam
1619 1681 1626 1702 ε

815 1770 980 1796 Monstrum
997 1769 1191 1799 horrendum,
1208 1769 1321 1802 ingens,
1336 1769 1417 1803 quod
1430 1775 1552 1801 magnas
1566 1768 1679 1794 territat
1693 1767 1805 1795 urbes⁸.

477 1872 507 1904 A
529 1883 597 1916 qua
618 1871 783 1916 provenit
804 1871 894 1904 illud
917 1871 1092 1916 tragicum
1117 1882 1123 1903 :

993 1969 1122 1995 Turbine
1137 1976 1247 2002 magno
1262 1977 1325 2003 spes
1338 1968 1458 1996 sollicite

991 2018 1117 2044 Urbibus
1132 2019 1232 2043 errant
1245 2018 1411 2052 trepidique
1426 2018 1549 2045 metus⁹.

390 2115 479 2148 illud
501 2127 646 2160 quoque
668 2114 857 2147 Psalmiste
877 2126 884 2147 :
908 2128 924 2146 «
942 2114 1027 2148 Vidi
1048 2115 1274 2159 iniquitatem
1296 2122 1332 2148 et
1352 2115 1673 2148 contradictionem
1695 2115 1731 2147 in
1753 2114 1894 2148 civitate
1912 2126 1947 2154 »ς
1971 2120 2163 2159 propterea
2183 2124 2261 2158 pre-

390 2182 496 2215 mittit
518 2194 524 2214 :
549 2196 565 2213 «
589 2182 776 2226 precipita,
799 2181 965 2222 Domine,
989 2187 1024 2213 et
1046 2181 1167 2214 divide
1188 2181 1334 2227 linguas
1356 2183 1517 2215 eorum¹⁰
1540 2196 1570 2215 n.
1595 2183 1638 2215 Et
1658 2181 1739 2215 talia
1759 2181 1918 2227 legimus
1939 2187 1975 2213 et
1993 2180 2159 2213 videmus
2181 2179 2260 2212 sine

388 2261 552 2281 numero.
576 2249 776 2289 Addamus,
798 2248 841 2280 ad
863 2248 1138 2281 excusacionem
1162 2249 1261 2293 regis
1284 2249 1412 2290 nostri,
1436 2249 1611 2282 terrificas
1633 2261 1718 2294 erga
1739 2248 1920 2289 subditos,
1942 2259 2023 2292 ymo
2045 2246 2261 2292 consangui-

390 2327 479 2348 neos
500 2316 682 2360 propriOS,
706 2315 950 2355 incussiones,
973 2326 1039 2347 nec
1061 2315 1144 2346 dum
1167 2315 1410 2356 verberum¹¹,
1434 2315 1676 2355 vinculorum,
1700 2315 1765 2348 sed
1786 2314 1942 2348 carceris
1964 2320 1999 2346 et
2018 2313 2158 2354 mortis,
2181 2324 2260 2358 pro·

390 2389 468 2426 ptcr
488 2394 576 2427 quas
598 2394 680 2414 essc
702 2394 774 2414 non
803 2388 942 2426 poterat
971 2381 1113 2414 animus
1143 2381 1180 2413 in
1208 2382 1434 2415 consulendo
1456 2382 1562 2415 liber.
1585 2383 1770 2415 Addamus
1796 2381 2073 2426 promissiones,
2096 2390 2258 2420 munera,

390 2449 619 2493 provisiones
641 2455 676 2481 et
700 2448 894 2493 stipendia,
916 2454 1108 2492 ceteraque
1129 2447 1296 2492 plurima,
1320 2448 1453 2493 quibus
1485 2449 1673 2482 irritantur
1693 2449 1884 2494 passiones
1914 2446 2090 2492 improbe,
2114 2457 2259 2479 exceca-

387 2516 495 2548 trices
517 2516 660 2555 mentis,
684 2516 775 2548 sicut
797 2515 893 2548 canit
912 2515 1068 2548 Boecius
1091 2526 1098 2547 ε

1102 2615 1204 2640 Nubila
1219 2622 1303 2641 mens
1317 2616 1358 2641 est

1099 2664 1261 2697 Vinctaque
1275 2663 1372 2693 frenis,

1100 2713 1157 2739 Hec
1172 2713 1224 2738 ubi
1236 2711 1405 2746 regnant⁴²l

474 2809 566 2842 Illud
588 2822 697 2854 porro
714 2823 787 2843 non
805 2811 976 2844 convenit
996 2811 1187 2855 preterire,
1205 2810 1509 2856 quemadmodum
1531 2809 1677 2855 plurimi
1693 2809 1878 2842 veritatem
1899 2806 2057 2840 zelantes
2074 2812 2109 2838 et
2123 2816 2257 2850 cogno-

387 2883 531 2910 scentes
568 2877 745 2921 compulsi
781 2884 865 2910 sunt
897 2877 933 2910 in
967 2877 1032 2910 hac
1059 2884 1158 2911 vasta
1187 2877 1468 2922 turbulentaque
1498 2883 1722 2921 tempestate,
1751 2875 1811 2908 alii
1842 2875 1962 2919 fugam
1990 2872 2098 2906 velud
2132 2871 2265 2910 exulesv

506 2935 544 2957 34.
