2502 3418
257 332 354 369 1417]
603 345 649 366 AB
684 344 789 366 Anno
823 344 1111 366 Mcccnxxxxw
1145 344 1275 372 nsouss
1311 346 1359 366 Αι)
1393 346 1529 367 ANNUM
1566 347 1769 370 mccccmr
2051 339 2115 371 333

255 478 398 516 2089.
422 487 559 513 Facultas
575 487 735 513 medicinae
749 488 863 513 Petrum
877 487 1045 521 Bechebien,
1059 487 1198 513 decanum
1212 497 1303 522 suum,
1315 488 1482 523 portitorem
1498 489 1584 514 rotuli
1595 489 1684 525 primi
1695 489 1868 525 principalis
1880 490 1919 515 ad
1931 491 2084 516 Mat-tinum
2101 492 2122 516 V

343 536 431 571 eligit,
448 540 475 562 et
490 537 592 562 iterum
608 536 732 562 Concilio
751 536 964 562 constantiensi
979 536 1169 562 resistendum
1185 537 1282 571 quoad
1298 537 1437 571 beneficia
1451 538 1562 572 majora
1578 537 1730 564 deliberat.
1926 544 1928 546 ’

1449 626 1519 654 1417.
1536 626 1650 652 Decemb.
1667 626 1703 655 74,
1719 626 1833 652 Parisiis.

340 714 447 745 Anno
464 712 610 745 Domini
629 714 727 754 1417,
745 712 803 745 die
827 714 882 745 14³
898 712 1126 753 Decembris,
1143 713 1210 745 fuit
1230 720 1450 758 congregata
1470 713 1621 746 facultas
1643 713 1822 746 medicine
1914 714 1958 746 ad
1979 714 2117 758 eligen-

252 780 337 812 dum
353 779 565 824 portitorem
583 779 712 812 rotuli¹
732 779 988 812 Universitatis
1006 790 1071 823 pro
1089 779 1182 811 dicta
1198 779 1365 812 facultate
1381 780 1425 812 ad
1442 792 1621 813 summum
1640 780 1845 824 pontificem
1865 780 2057 812 Martinum
2072 782 2114 821 V,

251 846 312 891 qui
333 846 401 879 fuit
420 845 559 879 electus
579 845 811 878 concorditer
827 857 892 890 per
907 857 1031 878 vocem
1054 846 1292 891 principalem
1310 853 1370 879 aut
1390 858 1455 891 per
1471 847 1719 879 accessionem
1741 846 1784 879 ab
1802 846 1972 879 omnibus
1989 847 2117 879 electo-

251 913 353 946 ribus
374 913 411 945 in
433 925 535 946 sacro
552 912 831 946 Constanciensi
851 912 1059 946 Consilio...
1082 914 1158 958 Ego
1176 914 1304 945 Petrus
1325 913 1532 946 Bechebien
1549 921 1633 946 tunc
1651 914 1810 946 decanus
1828 913 1921 946 dicte
1938 914 2116 946 facultatis

249 981 300 1013 fui
328 980 466 1013 electus
493 979 725 1012 concorditer
745 979 890 1011 nemine
919 979 1134 1012 reclamante
1163 980 1199 1012 in
1228 980 1440 1024 portitorem
1466 980 1575 1013 rotuli
1602 992 1667 1025 pro
1690 980 1782 1013 dicta
1807 980 2014 1013 facultate...
2040 982 2115 1025 Ego

249 1047 408 1079 decanus
426 1046 625 1091 requisitus
642 1058 660 1079 a
677 1046 893 1091 quibusdam
911 1046 956 1078 de
977 1047 1161 1091 magistris
1179 1046 1354 1091 explicavi
1372 1047 1468 1091 quod
1486 1047 1630 1091 quidam
1652 1047 1777 1080 nescio
1794 1058 1865 1091 quo
1883 1047 2013 1091 spiritu
2031 1048 2117 1080 moti

249 1114 447 1146 existentes
468 1114 505 1145 in
526 1113 622 1146 dicto
644 1112 809 1146 Consilio
830 1113 1109 1146 Constanciensi
1130 1113 1339 1146 nitebantur
1360 1120 1398 1146 ut
1418 1113 1521 1146 fieret
1541 1113 1720 1146 ordinatio
1742 1125 1807 1146 seu
1828 1113 2053 1155 constitutio,
2072 1125 2116 1146 ne

250 1181 418 1213 decetero
449 1180 613 1225 magistri
644 1180 680 1212 in
711 1180 891 1212 medicina
920 1180 1198 1212 admitterentur
1225 1180 1268 1212 ad
1301 1180 1497 1225 dignitates
1528 1181 1684 1224 majores
1713 1187 1797 1225 post
1826 1180 2052 1225 pontificales
2080 1181 2115 1212 in

249 1246 530 1288 cathedralibus,
559 1259 625 1280 nec
647 1247 752 1280 etiam
780 1247 823 1279 ad
852 1248 1008 1291 majores
1037 1247 1073 1279 in
1101 1246 1268 1280 ecclesiis
1297 1247 1513 1292 collegiatis.
1536 1241 1592 1279 Ad
1621 1247 1891 1279 remediandum
1916 1259 2027 1292 super
2046 1247 2117 1280 hiis

249 1314 430 1347 ordinavit
449 1313 600 1346 facultas
622 1313 720 1358 quod
741 1314 1015 1358 require[re]tur
1036 1314 1073 1346 in
1095 1314 1339 1347 Universitate
1361 1314 1457 1358 quod
1483 1313 1706 1346 scriberetur
1727 1326 1792 1358 per
1810 1314 1956 1346 modum
1978 1314 2117 1359 suppli-

247 1381 407 1414 cacionis
429 1381 576 1414 domino
599 1387 725 1413 nostro
747 1387 782 1413 et
802 1380 1047 1413 cardinalibus
1069 1387 1103 1413 et
1123 1381 1255 1413 ceteris
1277 1380 1410 1425 quibus
1432 1381 1604 1425 expedire
1625 1381 1820 1421 videbitur⁷
1844 1393 1887 1413 ne
1914 1381 1950 1412 in
1971 1381 2115 1413 materia

247 1447 384 1493 aliquid
405 1447 466 1480 fiat
490 1447 534 1480 de
560 1459 655 1480 novo
682 1447 747 1480 sed
774 1454 938 1480 teneatur
959 1447 1090 1479 modus
1115 1447 1299 1492 antiquus.
1328 1449 1416 1480 Item
1439 1447 1620 1480 ordinavit
1645 1447 1741 1492 quod
1767 1447 1931 1491 magistri
1962 1448 2117 1491 particu-

247 1515 371 1548 lariter
388 1514 592 1547 scriberent
613 1514 710 1547 notis
732 1521 766 1547 et
786 1514 912 1546 amicis
933 1514 1174 1547 existentibus
1196 1514 1232 1546 in
1253 1514 1432 1555 Consilio,
1456 1514 1552 1558 quod
1574 1513 1812 1559 prohiberent
1833 1514 1913 1546 talia
1933 1513 2025 1546 fieri.

340 1612 486 1636 Comment.
503 1613 552 1635 sac.
570 1611 649 1642 med„
666 1612 685 1640 Ι,
698 1620 725 1642 p.
742 1612 795 1635 219.
810 1611 868 1634 vid.
883 1614 947 1634 tom.
959 1611 989 1640 V,
1005 1611 1050 1634 ubi
1066 1612 1097 1634 dc
1113 1611 1228 1634 Concilio
1244 1611 1380 1635 Constant.

339 1697 364 1721 1.
382 1696 440 1720 Vid.
456 1699 587 1726 Auctar.,
604 1696 636 1724 II,
652 1705 678 1727 p.
695 1697 748 1723 235,
766 1696 809 1724 34;
826 1696 880 1724 236,
897 1696 935 1719 30.
953 1696 976 1718 Is
997 1695 1108 1723 rotulus,
1126 1695 1170 1726 qui
1192 1695 1218 1718 in
1240 1695 1372 1726 principio
1388 1695 1450 1718 anni
1466 1695 1525 1718 1418
1548 1695 1580 1717 nd
1600 1695 1741 1718 Max-tinum
1760 1695 1780 1717 V
1796 1694 1976 1718 Constantiam
1995 1698 2113 1725 portatus

245 1745 293 1769 est,
310 1745 420 1765 vocatur
435 1741 593 1772 principalis
609 1740 672 1770 (vid.
688 1744 738 1763 num
753 1741 832 1770 2093).
849 1740 973 1771 Ejusdem
990 1740 1056 1763 nihil
1069 1740 1101 1762 ud
1118 1748 1164 1762 nos
1180 1740 1310 1771 pervenit,
1328 1739 1378 1762 nisi
1393 1740 1498 1762 nomina
1511 1740 1734 1763 ambassiatorum
1750 1739 1814 1769 (vid.
1831 1743 1881 1762 num
1894 1740 1974 1768 2092).

245 1930 389 1967 2090.
412 1938 549 1964 Facultas
570 1938 740 1972 medicinae,
757 1942 875 1964 vacante
888 1947 940 1974 per
960 1942 1075 1963 mortem
1096 1946 1170 1972 mag.
1188 1938 1267 1963 Petri
1288 1937 1323 1963 de
1336 1939 1436 1963 'Trecis
1451 1937 1619 1973 capellania
1641 1939 1709 1972 (una
1731 1947 1744 1963 e
1766 1938 1890 1973 quinque
1912 1937 2045 1971 fundatis
2058 1946 2112 1973 per

333 1988 407 2014 dom.
430 1987 561 2014 Carolum
577 1987 612 2013 de
633 1988 757 2023 Savoisy,
775 1996 897 2022 quarum
915 1990 972 2013 tres
990 1987 1081 2012 tribus
1096 1987 1290 2021 facultatibus
1306 1987 1514 2023 superioribus,
1530 1996 1586 2012 una
1602 1987 1715 2021 rectori,
1734 1987 1835 2012 ultima
1851 1986 1990 2021 facultati
2005 1987 2110 2012 artium

333 2037 370 2063 ab
391 2037 579 2063 Universitate
599 2036 868 2071 distribuebantur),
891 2036 1089 2072 praesentavit
1108 2035 1264 2062 Iohannem
1279 2036 1401 2062 Juvenis.
1420 2036 1476 2062 Sed
1490 2045 1543 2072 pro
1560 2036 1658 2062 eadem
1674 2039 1765 2062 rector
1783 2039 1809 2061 et
1822 2035 1966 2061 Iohannes
1982 2035 2016 2061 de
2034 2036 2111 2060 Rou-

334 2095 396 2121 vro.)⁴
411 2095 485 2120 mag.
504 2086 589 2111 tlzeol.
610 2085 827 2121 supplicabant.
844 2087 905 2111 Non
920 2085 978 2119 fuit
992 2085 1156 2111 concordia.
1174 2101 1208 2103 —
1223 2086 1365 2118 Defuncto
1386 2094 1488 2119 maqno
1505 2085 1615 2111 bedello
1631 2087 1690 2119 fac.
1711 2084 1783 2110 med.
1807 2084 1955 2110 Guillelmo
1976 2084 2010 2110 de
2032 2084 2110 2110 Valle

332 2135 505 2161 substitutus
526 2138 569 2160 est
588 2143 695 2170 parvus
717 2134 845 2160 bedellus
868 2134 1007 2160 Guerinus
1030 2133 1065 2159 de
1087 2135 1238 2168 Itoncourt,
1264 2134 1378 2169 fuitque
1400 2134 1426 2159 ei
1448 2134 1520 2159 data
1545 2143 1643 2159 massa
1666 2134 1722 2159 sive
1746 2133 1823 2167 virga
1845 2137 1999 2167 argentea,·
2020 2142 2109 2168 parvo

333 2183 443 2210 bedello
459 2184 598 2210 successit
611 2184 756 2209 Johannes
769 2183 859 2209 Petit·
877 2184 1008 2209 Remens.
1025 2182 1126 2217 dioec„
1144 2183 1227 2218 eique
1244 2182 1355 2208 tradita
1371 2186 1413 2208 est
1429 2183 1506 2217 virga
1523 2182 1630 2216 lignea.

1436 2272 1504 2301 1417,
1517 2271 1632 2297 Decemb.
1648 2272 1693 2300 27.
1710 2271 1823 2297 Parisiis.

337 2362 482 2386 Comment.
499 2362 547 2384 fac.
564 2361 631 2384 med.
648 2360 742 2387 Puris..
758 2361 777 2389 I,
794 2369 820 2391 p.
838 2361 890 2384 219.
908 2361 990 2384 Me'm.
1008 2360 1074 2385 hist.
1089 2367 1142 2384 sut·
1155 2361 1190 2384 les
1208 2361 1346 2392 bdnefices,
1360 2369 1386 2391 p.
1401 2361 1454 2387 137,
1469 2360 1567 2382 omissa
1584 2360 1713 2382 mentione
1730 2360 1760 2382 de
1775 2359 1896 2382 hedenis.
1914 2359 1988 2386 But„
2009 2360 2035 2386 V,
2053 2360 2107 2381 308.

241 2406 316 2429 —De
333 2406 381 2428 hoc
398 2405 502 2436 negotio
518 2405 597 2428 eliani
614 2405 735 2428 Decemb.
752 2406 789 2428 30.
805 2406 854 2428 Pro
870 2405 1018 2436 capellania
1033 2405 1251 2436 supplicaverunt
1266 2405 1399 2428 Johanues
1413 2405 1534 2435 Rouvroy
1550 2408 1575 2427 et
1590 2408 1676 2427 rector
1693 2403 1878 2427 Universitatis
1896 2404 1986 2426 Petrus
2003 2403 2108 2434 Forgeti

242 2451 305 2480 (vid.
322 2450 406 2482 ibim).

335 2534 358 2559 1.
376 2535 426 2557 Seu
441 2544 452 2557 (ι
468 2534 545 2557 Parvi
559 2542 581 2563 ι),
601 2534 650 2561 cui,
671 2534 770 2557 baccal.
789 2534 814 2556 in
837 2537 898 2563 nrt„
920 2535 997 2557 Mart.
1013 2535 1032 2556 V
1049 2542 1090 2557 an.
1108 2534 1176 2563 1424,
1193 2534 1268 2558 Mart.
1285 2535 1324 2563 29,
1345 2534 1458 2565 gratiam
1481 2533 1610 2556 concessit
1631 2535 1757 2564 quantum
1773 2533 1805 2555 ad
1823 2532 2015 2563 exspectativas
2034 2533 2106 2563 (Rog.

242 2580 298 2603 Lat..
315 2580 392 2602 Mart.
405 2579 433 2606 V,
451 2587 493 2602 an.
509 2580 530 2607 7,
547 2578 592 2601 lib.
607 2580 646 2606 ¹³7,
665 2579 709 2602 sol.
727 2579 790 2609 166).

243 2735 386 2771 2091.
416 2743 590 2769 Universitas
612 2742 708 2767 Paris.
732 2741 771 2766 ad
791 2741 895 2767 clerum
920 2745 947 2767 et
969 2741 1135 2767 habitantes
1156 2742 1282 2767 Remens.
1309 2741 1459 2776 epistolam
1483 2740 1577 2774 mittit,
1603 2740 1758 2775 deplorans
1781 2739 1946 2765 divisionem
1971 2740 1998 2764 in
2020 2748 2105 2774 regno

332 2792 480 2826 Franciae,
503 2791 670 2817 divisionem
690 2791 764 2816 inter
779 2790 860 2824 cives,
879 2799 939 2815 cum
956 2799 1021 2824 rege.
1037 2799 1091 2815 non
1107 2791 1279 2825 conjunctos,
1301 2793 1330 2815 ut
1355 2790 1440 2815 etiam
1461 2790 1622 2823 Remenses,
1648 2789 1697 2824 qui
1718 2788 1830 2824 decepti
1855 2788 2103 2824 persuasionibus,

331 2840 488 2867 mendaciis
514 2844 541 2866 et
561 2839 649 2874 falsis
672 2839 912 2875 promissionibus
935 2848 1008 2864 nunc
1034 2838 1088 2864 alii
1111 2838 1190 2872 (duci
1215 2838 1439 2872 Rurgundiae)¹,
1465 2841 1491 2863 et
1516 2846 1569 2863 non
1594 2838 1654 2872 regi
1674 2837 1880 2873 obtemperant.
1903 2838 1969 2862 Cum
1990 2837 2104 2863 tandem

330 2899 451 2916 errorem
474 2893 646 2924 agnoscant,
675 2888 862 2921 Universitas,
886 2887 1072 2923 praepositus
1097 2891 1284 2913 mercatorum
1309 2890 1336 2912 ct
1358 2886 1471 2912 scabini
1495 2886 1594 2912 Carolo
1618 2886 1752 2922 delphino
1776 2885 1930 2920 adjuvante
1954 2895 2001 2911 an.
2026 2887 2101 2912 1417.
