2502 3418
370 326 435 359 654
957 334 1276 357 CHARTULARIUM
1312 335 1502 356 umvsns.
1539 335 1670 357 Psnis.
2145 314 2246 359 [14-'45

370 409 710 450 clementissimum,
728 416 767 442 ut
788 409 846 443 det
863 408 968 442 vobis
985 409 1153 454 spiritum
1174 409 1402 442 fortitudinis
1423 408 1601 442 adversus
1622 408 1686 442 has
1707 408 1906 442 diabolicas
1927 408 2040 442 furias
2062 415 2096 442 et
2118 421 2244 443 omnes

373 476 587 522 pestilentes
608 476 788 509 homines.
812 477 941 509 Amen.

370 597 543 631 Sequuntur
562 597 691 631 quedam
711 596 910 623 conclusiones
929 604 944 622 a
965 596 1131 630 supradicta
1146 596 1303 622 venerabili
1324 597 1462 622 facultate
1482 597 1627 630 theologie
1650 597 1824 626 examinate,
1848 597 2008 631 approbate
2029 598 2057 623 et
2077 597 2243 630 qualificate

417 647 453 672 ad
466 646 688 672 detestationem
703 647 731 671 et
746 646 865 671 totalem
880 645 1110 671 destructionem
1125 653 1174 671 seu
1190 645 1381 671 abolitionem
1397 645 1555 679 supradicti
1571 645 1746 672 damnabilis
1761 647 1790 672 et
1805 646 1938 679 paganici
1952 646 2014 672 sesti
2030 646 2192 672 fatuorum.

458 739 585 772 Prima
601 738 789 772 conclusio.
812 737 1052 771 Consuetudo
1073 737 1280 770 introducta
1305 737 1348 770 ab
1374 738 1572 782 antiquo¹⁰,
1595 738 1798 771 secundum
1825 750 1931 783 quam
1962 738 1999 771 in
2025 737 2242 783 quibusdam

370 805 538 839 ecelesiis
560 812 628 838 tam
650 804 921 838 cathedralibus
943 816 1046 848 quam
1069 803 1276 849 collegiatis
1298 803 1356 837 vel
1377 803 1471 845 aliis,
1495 804 1600 838 annis
1623 805 1781 850 singulis
1802 805 1839 838 in
1860 805 1953 838 festo
1973 805 2241 842 Innocentium,

368 879 428 906 aut
456 873 490 906 S.
515 872 700 917 Stephani,
723 871 781 904 vel
806 870 1111 904 Circumcisionis
1139 870 1299 909 Domini,
1322 877 1383 904 aut
1407 870 1491 912 alio,
1519 871 1563 904 ab
1589 871 1850 905 ecclesiasticis
1881 872 1969 905 viris
1994 872 2033 904 fit
2060 871 2240 917 quoddam

367 939 513 979 festum,
537 938 633 983 quod
651 938 783 981 festum
803 937 998 970 stultorum
1018 944 1162 978 vocant,
1185 937 1222 969 in
1244 949 1315 982 quo
1338 937 1459 970 solent
1484 949 1549 983 per
1570 938 1717 971 eosdem
1745 938 1824 971 fieri
1850 938 1949 971 mille
1976 938 2183 971 derisiones
2209 945 2244 971 et

367 1005 563 1046 fatuitates,
590 1005 694 1038 etiam
722 1011 846 1037 contra
873 1004 1114 1037 reverentiam
1146 1004 1212 1037 Dei
1240 1011 1275 1037 et
1301 1004 1338 1037 in
1359 1004 1581 1049 vituperium
1609 1017 1780 1050 magnum
1811 1005 1901 1038 cleri
1927 1012 1962 1038 et
1987 1005 2099 1038 totius
2127 1012 2242 1039 status

368 1071 620 1112 ecclesiastici,
643 1078 698 1104 est
714 1084 731 1103 a
753 1071 888 1103 sanctis
910 1070 1074 1115 patribus
1096 1077 1131 1103 et
1151 1070 1388 1116 generalibus
1409 1071 1587 1104 Conciliis
1607 1071 1813 1117 reprobata,
1831 1078 1867 1105 et
1882 1071 1997 1117 magis
2019 1078 2074 1104 est
2089 1071 2242 1105 dicenda

367 1138 574 1183 corruptela
595 1150 700 1183 quam
722 1138 967 1178 consuetudo,
990 1149 1057 1170 nee
1078 1144 1243 1182 pretextu
1266 1139 1518 1183 cujuscunque
1540 1138 1664 1171 statuti
1685 1138 1962 1172 observanda¹¹.

455 1204 613 1239 Secunda
638 1205 827 1239 conclusio.
851 1206 931 1237 Non
953 1204 1039 1237 licet
1058 1205 1095 1237 in
1120 1204 1240 1249 aliqua
1266 1205 1421 1238 ecclesia
1446 1204 1514 1238 sub
1541 1212 1707 1250 pretextu
1734 1206 1872 1250 prefate
1898 1205 1991 1239 male
2018 1212 2053 1238 et
2077 1206 2242 1239 damnate

367 1272 646 1305 consuetudinis
668 1271 807 1317 eligere
829 1272 1041 1317 episcopum
1064 1271 1121 1304 vel
1138 1271 1453 1317 archiepiscopum
1475 1272 1671 1312 fatuorum,
1692 1272 1750 1305 vel
1772 1273 1877 1305 etiam
1896 1273 1948 1306 sic
1970 1272 2125 1306 electum
2147 1273 2244 1306 deri-

366 1340 463 1372 sorie
486 1346 521 1372 et
539 1351 618 1372 cum
642 1338 803 1371 ludibrio
825 1338 1054 1379 confirmare,
1077 1350 1158 1371 cum
1181 1338 1402 1384 episcopalis
1423 1339 1583 1384 dignitas
1605 1339 1673 1372 suit
1692 1351 1710 1372 a
1732 1339 1879 1373 Christo
1897 1340 2065 1385 primitus
2087 1339 2124 1372 in
2141 1341 2242 1374 Novo

366 1408 599 1439 Testamento
621 1406 787 1438 instituta
809 1412 844 1438 et
864 1405 1029 1438 ordinata
1054 1405 1098 1438 ad
1121 1406 1286 1451 regimen
1308 1405 1465 1439 ecclesie
1490 1418 1555 1438 sue
1582 1413 1705 1439 sancte
1732 1413 1768 1439 et
1792 1406 1944 1440 salutem
1968 1407 2184 1448 animarum3
2208 1414 2244 1441 et

364 1479 555 1518 propterea
573 1473 627 1505 illi
643 1473 705 1518 qui
722 1473 766 1505 de
784 1479 879 1505 tanta
896 1472 1073 1518 dignitate
1091 1472 1250 1505 illudunt
1265 1480 1299 1505 et
1315 1473 1494 1506 derisoria
1511 1485 1550 1505 ac
1568 1473 1771 1506 ludibriosa
1793 1474 1941 1515 faciunt,
1963 1474 2134 1507 videntur
2151 1474 2242 1508 male

363 1540 500 1573 sentire
522 1540 566 1572 de
583 1540 796 1572 auctoritate
814 1546 849 1572 et
865 1539 1129 1584 preeminentia
1146 1539 1366 1584 pontificalis
1381 1540 1585 1585 dignitatis,
1605 1552 1675 1585 que
1692 1547 1813 1573 tamen
1830 1547 1886 1574 est
1902 1540 2016 1587 prima
2033 1541 2069 1573 in
2086 1540 2241 1574 ecclesie

362 1606 563 1652 gerarchia.
586 1606 694 1640 Tales
716 1618 863 1651 quoque
885 1613 971 1639 sunt
991 1606 1152 1651 graviter
1173 1606 1362 1651 puniendi.

456 1674 583 1707 Tertia
606 1673 796 1707 conclusio.
814 1675 894 1706 Non
915 1673 1001 1706 licet
1020 1673 1232 1718 hujusmodi
1250 1674 1435 1718 episcopis
1456 1673 1515 1707 vel
1535 1673 1824 1719 archiepiscopis
1845 1675 2025 1707 fatuorum
2044 1675 2095 1707 uti
2111 1675 2241 1720 quovis

364 1741 469 1773 modo
492 1741 666 1786 insigniis
689 1740 915 1785 pontificum,
938 1740 1111 1773 videlicet
1133 1741 1237 1773 mitra
1265 1747 1300 1773 et
1325 1740 1455 1773 baculo
1481 1740 1656 1786 pastorali
1683 1747 1742 1774 aut
1765 1741 1898 1774 ceteris
1924 1741 2151 1786 hujusmodi;
2175 1754 2241 1775 nec

362 1808 465 1840 etiam
490 1808 595 1841 decet
616 1808 754 1841 eisdem
777 1807 1066 1852 archiepiscopis
1092 1814 1174 1840 ante
1197 1819 1235 1839 se
1257 1808 1376 1840 facere
1399 1808 1535 1852 portari
1562 1820 1706 1841 crucem
1730 1820 1808 1841 cum
1836 1808 1980 1849 baculo,
2003 1808 2099 1841 sicut
2122 1809 2240 1842 facere

361 1874 455 1907 solet
482 1874 783 1920 archiepiscopus
816 1874 1036 1907 ambulando
1067 1874 1124 1907 vel
1152 1874 1350 1919 equitando
1379 1887 1444 1919 per
1476 1886 1576 1908 suam
1607 1875 1844 1920 provinciam,
1877 1887 1957 1908 cum
1989 1875 2069 1908 talia
2101 1875 2174 1908 sint
2203 1875 2240 1908 in

362 1954 529 1986 magnum
553 1942 715 1975 derisum
737 1948 769 1974 et
791 1942 1011 1986 vituperium
1035 1941 1255 1986 episcopalis
1277 1941 1334 1974 vel
1355 1941 1679 1986 archiepiscopalis
1701 1941 1902 1987 diguitatis.

453 2010 594 2053 Quarta
619 2009 806 2042 conclusio.
838 2010 917 2041 *Non
952 2008 1037 2041 licet
1067 2009 1219 2053 insuper
1250 2009 1398 2054 prefatis
1434 2009 1619 2054 episcopis
1648 2009 1705 2042 vel
1738 2008 2024 2054 archiepiscopis
2056 2010 2238 2042 fatuorum

362 2077 479 2109 facere
515 2076 676 2109 divinum
708 2075 865 2108 officium
897 2075 934 2108 in
969 2075 1125 2108 ecelesia
1159 2087 1240 2108 cum
1274 2075 1495 2120 supradictis
1528 2075 1714 2120 insigniis,
1746 2087 1812 2108 nee
1844 2075 1928 2108 dare
1958 2075 2238 2109 benedictiones

362 2143 571 2188 legentibus
593 2143 772 2175 lectiones
793 2142 1039 2182 matutinales,
1062 2154 1128 2175 nec
1150 2143 1255 2175 etiam
1274 2142 1496 2175 benedicere
1513 2142 1706 2188 populum,
1725 2155 1804 2175 cum
1824 2142 1906 2175 talia
1924 2143 1995 2175 sint
2013 2143 2049 2175 in
2066 2155 2237 2188 magnum

361 2217 605 2254 contemptum
634 2216 669 2242 et
699 2209 972 2242 irreverentiam
1002 2210 1069 2242 Dei
1099 2216 1134 2242 et
1159 2210 1238 2254 ejus
1267 2210 1419 2250 servitii,
1450 2216 1485 2242 et
1512 2210 1549 2242 in
1569 2210 1787 2254 vituperium
1818 2222 1987 2255 magnum
2017 2210 2237 2255 episcopalis

362 2277 563 2321 dignitatis,
586 2289 690 2321 quam
715 2289 787 2309 uon
813 2276 930 2309 solum
953 2276 1111 2309 instituit
1132 2276 1315 2317 Christus,
1344 2276 1409 2309 sed
1430 2277 1525 2309 sicut
1549 2283 1697 2309 sanctus
1724 2283 1759 2309 et
1778 2288 1887 2310 verus
1914 2277 2077 2322 pontifex
2097 2277 2236 2322 primus

361 2356 400 2376 ea
423 2356 510 2376 usus
531 2345 608 2384 suit,
633 2351 667 2376 et
688 2356 764 2376 eam
788 2344 865 2376 suis
886 2343 1063 2388 apostolis
1085 2344 1364 2376 communicavit
1385 2350 1420 2376 et
1440 2355 1566 2376 eorum
1589 2343 1884 2376 successoribus.

451 2412 584 2456 Quinla
604 2411 795 2444 conclusio.
818 2411 908 2444 Cum
936 2410 1144 2455 supradicta
1170 2410 1244 2443 sint
1269 2410 1433 2443 districte
1460 2410 1655 2455 prohibita,
1681 2417 1747 2443 tam
1775 2423 1838 2455 per
1864 2422 2088 2443 summorum
2116 2411 2236 2456 ponti-

363 2477 464 2510 ficum
489 2477 704 2518 decretales,
724 2490 830 2522 quam
852 2490 916 2522 per
936 2477 1163 2523 generalium
1186 2477 1435 2510 Concilioriun
1459 2477 1615 2518 decreta,
1636 2478 1666 2510 si
1687 2477 1814 2522 aliqui.
1832 2478 1985 2510 maxime
2007 2484 2088 2522 post
2106 2489 2235 2511 eorun-

361 2544 440 2576 dem
468 2544 697 2577 decretorum
729 2544 946 2577 recensitam
974 2544 1260 2589 publicationem
1291 2550 1325 2577 et
1355 2543 1637 2577 declarationem
1670 2556 1734 2588 per
1764 2544 1941 2589 prelatum
1970 2544 2041 2577 loci
2068 2551 2128 2577 aut
2154 2546 2234 2589 ejus

360 2611 570 2643 auctoritate
588 2612 728 2652 factam,
749 2611 868 2643 animo
891 2611 1068 2656 pertinaci
1089 2617 1124 2643 et
1139 2610 1309 2643 indurato
1331 2610 1539 2655 supradicta
1559 2611 1726 2649 fecerint,
1742 2618 1804 2643 aut.
1822 2610 2043 2644 facientibus
2060 2611 2233 2644 auxilium

362 2677 416 2709 vel
438 2678 686 2716 auctoritatem
709 2677 889 2719 dederint,
914 2677 1003 2710 tales
1029 2684 1201 2722 poterunt
1226 2684 1262 2710 et
1284 2676 1471 2710 debebunt
1492 2677 1614 2722 puniri
1642 2678 1737 2710 sicut
1764 2684 2037 2722 contemptores
2066 2684 2102 2710 et
2120 2677 2233 2711 viola-

361 2749 457 2775 tores
479 2756 661 2776 sacrorum
685 2744 932 2785 decretorum;
956 2750 991 2777 et
1011 2756 1092 2777 cum
1113 2744 1326 2789 hujusmodi
1346 2743 1544 2777 violatores
1566 2744 1797 2777 decretorum
1821 2743 2021 2777 secundum
2041 2745 2104 2789 jus
2126 2756 2233 2777 cano—

361 2810 477 2842 nicum
506 2809 655 2847 heretici
681 2817 743 2850 aut¹
765 2811 801 2842 in
827 2810 897 2843 fide
919 2811 1081 2855 suspecti
1103 2817 1335 2852 censeantur,
1363 2822 1443 2843 cum
1465 2810 1557 2843 male
1579 2810 1772 2843 videantur
1795 2811 1933 2843 sentire
1953 2810 1997 2843 de
2019 2811 2231 2844 auctoritate

360 2875 526 2908 ecclesie.
551 2877 682 2919 poterit
703 2883 826 2909 contra
848 2889 911 2910 eos
932 2877 1083 2921 procedi
1105 2889 1170 2922 per
1190 2877 1446 2922 inquisitorem
1469 2876 1629 2910 heretice
1651 2877 1853 2922 pravitatis.

2488 2794 2502 2880 ifffflnx
2496 2773 2502 2789 m

2486 2908 2502 3125 ‘fn—hulmum
2500 2895 2502 2898 .
