2502 3418
372 320 436 353 398
949 328 1266 351 CHARTULARIUM
1302 327 1491 350 UNtvsns.
1528 328 1658 349 mats⁴
2137 313 2235 350 [1421

373 416 495 450 regem
518 411 704 449 regentem
727 410 761 437 et
782 403 952 436 heredem
977 403 1123 436 Francie
1146 402 1283 435 litteras
1305 402 1498 447 impetrare
1520 401 1736 447 dignemini,
1759 401 1971 446 dirigendas
1993 400 2141 433 domino
2158 412 2236 434 can-

372 471 518 505 cellario
541 471 724 512 Francie⁶,
748 483 890 503 necnon
912 477 947 503 etv
967 469 1168 503 reverendo
1190 470 1226 502 in
1248 469 1393 503 Christo
1415 469 1506 514 patri
1528 469 1675 501 domino
1698 467 1914 501 cancellario
1940 467 2172 508 Normannie,
2200 474 2238 500 ut

372 538 415 572 ab
429 538 500 572 hiis
516 538 694 571 molestiis
711 537 933 571 marcharum
952 544 985 570 et
1003 537 1221 570 decimarum
1239 536 1359 569 vexari
1378 548 1445 568 nos
1466 548 1539 568 non
1561 535 1769 580 permittant
1783 541 1818 568 et
1834 534 1871 567 in
1887 534 2054 568 libertate
2075 533 2238 579 patribus

372 605 509 639 nostris
530 617 703 638 concessa
727 605 902 645 vivamus,
930 604 1050 637 studio
1073 604 1278 637 divinorum
1300 603 1435 648 pariter
1462 609 1497 635 et
1525 602 1765 635 humanorum
1788 602 2014 643 insistentes,
2042 601 2079 634 in
2104 600 2237 646 quibus

372 672 480 706 nobis
501 673 706 718 largiemini
728 671 933 705 subsidium
955 671 1223 704 neccessarium
1246 677 1281 703 et
1302 670 1436 703 donum
1459 669 1659 714 singulare,
1687 675 1722 702 et
1742 669 1860 714 jussis
1881 669 2013 702 vestris
2034 669 2106 714 jam
2137 680 2238 714 para-

374 740 534 773 tissimos
556 739 785 772 constituetis
813 738 1064 783 obligatiores,
1088 738 1323 782 offeretisque
1354 738 1429 770 Deo
1457 743 1596 782 gratum
1627 736 1859 781 obsequium,
1882 736 1944 781 qui
1972 736 2109 769 domini
2139 736 2238 782 regis

372 807 504 852 Anglie
526 813 558 839 et
580 806 689 840 vestri
717 812 830 838 status
853 811 885 838 et
907 817 1016 850 opera
1037 804 1192 837 feliciter
1212 804 1346 849 dirigat
1370 804 1413 837 ad
1439 810 1532 837 vota.
1563 803 1741 849 Scriptum
1769 803 1930 837 Parisius
1952 803 1988 836 in
2010 809 2133 836 nostra
2154 815 2239 837 con-

371 874 584 919 gregatione
605 873 780 918 generali.

462 964 577 987 Minuta
592 963 707 987 chartac.
725 962 749 986 iu
766 962 843 986 Arch.
860 965 913 985 nat.
932 961 1025 990 Paris„
1047 962 1071 985 M
1086 961 1138 991 65¹³,
1155 965 1182 984 11⁰
1197 962 1226 984 39
1242 960 1316 992 (olim
1332 962 1360 985 A.
1376 961 1400 984 3.
1416 962 1450 990 ο).
1466 974 1496 978 -
1511 961 1546 984 Ut
1560 960 1671 984 Juvenal
1693 960 1738 984 des
1758 960 1852 985 Ursins
1871 960 1897 984 in
1917 961 1988 986 Hist.
2011 962 2044 985 de
2057 961 2172 986 Charles
2191 960 2237 990 VI,

368 1009 408 1031 ed.
426 1008 581 1035 Gonarmw,
598 1016 624 1038 p.
641 1008 695 1035 385,
720 1010 819 1035 narrat,
842 1006 1008 1030 Universitas
1026 1006 1082 1037 jam
1103 1014 1145 1030 un.
1167 1006 1236 1034 1420,
1253 1005 1385 1035 Deeemb„
1402 1005 1458 1036 regi
1474 1005 1584 1037 Angliae
1608 1005 1808 1037 supplicaverat
1829 1009 1858 1029 ut
1877 1006 1911 1029 ab
1929 1005 1975 1029 illa
1993 1005 2163 1037 impositione
2178 1013 2190 1029 1
2206 1005 2239 1029 ds

369 1061 440 1076 marc
452 1052 571 1083 d'argent
582 1060 593 1074 ›·›
607 1051 779 1079 liberm-etum
797 1051 842 1074 sed
854 1050 985 1082 magistri,
1003 1054 1031 1074 ut
1045 1050 1147 1079 scribity
1162 1050 1205 1073 vix
1215 1058 1347 1074 carcerem
1358 1049 1516 1081 effugerunt.
1532 1049 1558 1073 Si
1572 1050 1700 1082 temporis
1716 1053 1777 1073 nota
1789 1058 1805 1074 a
1819 1050 1946 1074 Juvenale
1961 1053 2031 1074 recte
2045 1049 2237 1081 assignaretur,

368 1097 498 1129 quomodo
516 1096 680 1120 Universitas
696 1104 764 1118 anno
780 1095 849 1121 1421.
866 1096 932 1126 Aug.
950 1097 972 1122 5,
986 1098 1015 1118 ut
1028 1103 1040 1118 e
1053 1095 1209 1118 documento
1224 1094 1391 1126 praecedenti
1410 1094 1502 1126 liquet,
1518 1102 1583 1118 ausa
1599 1097 1639 1117 est
1655 1094 1826 1118 abolitionem
1842 1103 1925 1118 novae
1945 1094 2123 1126 impositionis
2142 1094 2237 1118 iterum

368 1150 382 1164 n
398 1150 459 1172 rege
477 1141 585 1172 Angliue
604 1141 708 1172 petere?
725 1140 872 1171 Opinnmur
889 1141 987 1163 sactum
1005 1139 1142 1163 Juvenalis
1158 1139 1191 1162 ad
1206 1147 1249 1163 an.
1264 1139 1322 1162 1421
1337 1139 1503 1162 referendum
1520 1147 1587 1163 esse.
1603 1139 1689 1162 Etiam
1705 1139 1731 1162 in
1745 1140 1870 1164 Journal
1884 1139 1953 1164 d‘un
1968 1139 2124 1170 bouvyeois,
2141 1148 2167 1171 p.
2184 1139 2238 1170 161,

368 1187 399 1209 de
414 1186 460 1209 illa
473 1186 580 1209 marcha
596 1185 698 1216 argenti
714 1185 746 1208 ad
762 1193 804 1208 nn.
822 1185 880 1208 1421
896 1184 1030 1214 scribitur,
1043 1187 1068 1208 et
1082 1184 1108 1207 in
1123 1184 1200 1207 Arch.
1214 1187 1269 1207 nat.
1282 1184 1376 1213 Paris.y
1388 1184 1427 1207 LL
1443 1184 1499 1216 112,
1515 1184 1548 1207 ad
1563 1192 1660 1207 annum
1673 1187 1823 1216 sequentem
1840 1184 1919 1208 etium
1932 1184 2029 1216 agitur.

461 1261 485 1286 1.
502 1262 520 1286 E
536 1270 587 1293 quo
602 1261 686 1293 liquet
704 1261 845 1292 epistolum
863 1269 913 1284 non
930 1261 963 1284 ad
978 1261 1071 1284 ducem
1092 1260 1248 1284 Bedsordiae
1269 1260 1396 1283 directam
1412 1268 1479 1288 esse,
1495 1268 1509 1283 a
1528 1269 1580 1292 quo
1598 1260 1764 1284 Universitus
1780 1260 1864 1285 Paris.
1880 1260 2007 1284 hactenus
2023 1260 2089 1284 nibil
2107 1259 2239 1284 commodi

368 1306 477 1337 accepit.
495 1320 525 1324 —
546 1306 570 1331 2.
591 1306 641 1329 Pro
664 1305 835 1337 sequentibus
856 1313 938 1337 usque
959 1314 969 1328 α
990 1305 1171 1328 exactionibus
1193 1313 1204 1328 »
1227 1313 1243 1328 a
1260 1308 1335 1336 tergo
1357 1304 1501 1328 scribitur:
1520 1314 1531 1328 (1
1550 1305 1646 1328 Verum
1665 1308 1694 1328 ut
1713 1308 1818 1329 nostras
1836 1305 2024 1337 oppressiones
2045 1307 2124 1337 atque
2144 1312 2239 1337 graves

368 1351 513 1381 molestias,
536 1359 585 1382 que
601 1350 676 1374 nohis
692 1350 892 1382 presencialiter
907 1350 1089 1381 imponuntur,
1106 1353 1192 1373 vestre
1212 1349 1311 1373 illustri
1334 1350 1469 1373 serenitati
1491 1353 1654 1382 paterneque
1670 1350 1774 1374 caritati
1795 1350 1953 1373 fiducialiter
1975 1350 2163 1381 exprimamus,
2180 1358 2240 1373 ecce

364 1396 419 1427 jam
434 1395 505 1419 omni
518 1404 548 1419 ex
559 1399 633 1427 parte
647 1395 764 1426 ungariis
778 1395 932 1426 premimur,
944 1395 1121 1426 vectigalibus
1139 1398 1217 1426 atque
1237 1394 1418 1418 exactionibus
1436 1394 1552 1426 undique
1567 1394 1753 1426 angustiamur
1767 1403 1788 1418 ι.
1803 1408 1828 1412 -
1840 1394 1863 1420 3.
1879 1395 1990 1425 Thren.‚
2007 1402 2025 1425 Ι,
2040 1395 2062 1420 1.
2078 1408 2105 1413 -
2118 1394 2143 1420 h.
2158 1394 2218 1419 lsai
2231 1412 2238 1422 ,

368 1448 439 1473 xxw,
457 1441 485 1470 23
504 1440 594 1468 Oscae,
612 1447 646 1468 ιν,
664 1441 687 1464 9.
703 1454 733 1457 -
749 1439 773 1464 5.
790 1440 829 1464 Cs.
843 1439 921 1467 Joel.,
938 1446 956 1469 1,
970 1440 994 1463 4.
1010 1453 1039 1457 —
1057 1439 1082 1465 6.
1097 1439 1211 1462 Johanni
1227 1440 1250 1463 le
1266 1439 1349 1463 Clerc.

369 1594 494 1632 2181
506 1624 513 1631 .
540 1604 702 1640 Capitulum
715 1603 850 1638 generale
869 1603 1048 1630 Cisterciens.
1064 1603 1198 1640 deplorat
1213 1604 1326 1630 ruinam
1343 1607 1370 1630 et
1385 1603 1592 1630 desolationem
1613 1603 1731 1638 Collegit·
1745 1606 1773 1630 S.
1790 1603 1932 1630 Bernardi
1947 1604 2034 1630 Paris

1547 1683 1618 1712 7421,
1630 1683 1758 1716 Septemb.
1775 1684 1812 1713 12,
1829 1683 1955 1710 cistercii.

459 1763 637 1796 Generale
659 1763 863 1807 Capitulum
887 1763 1120 1795 inenarrabili
1142 1763 1278 1808 gemitu
1301 1762 1490 1796 sollicitam
1514 1763 1646 1796 mentis
1667 1763 1836 1796 attollens
1857 1763 2065 1808 indaginem
2088 1762 2131 1796 ad
2153 1761 2238 1797 Col-

370 1829 503 1875 legium
528 1830 570 1863 Sti
592 1830 767 1862 Bel-nardi
795 1830 923 1867 Paris,
952 1830 1049 1875 quod
1078 1837 1158 1863 ante
1187 1842 1260 1863 non
1289 1830 1422 1863 multos
1444 1830 1511 1863 hos
1532 1830 1612 1863 dies
1637 1831 1754 1863 suerat
1780 1830 1910 1864 Ordini
1937 1830 2115 1875 sapientie
2141 1830 2237 1871 fons,

371 1897 501 1930 rutilus
522 1897 577 1930 sol
598 1904 686 1930 tetra
708 1897 853 1930 diluens
875 1897 1093 1942 ignorantie,
1118 1897 1254 1942 publici
1280 1897 1367 1930 boni
1393 1898 1543 1931 Ordinis
1565 1897 1732 1931 columen
1755 1897 1958 1943 egregium,
1982 1897 2082 1930 radix
2103 1903 2237 1938 sancta,

403 1990 423 1997 ..
447 1976 542 1997 nunc
570 1971 687 1997 autem
719 1964 918 1997 miserabili
949 1964 1167 2010 collaptione
1201 1971 1438 2010 prostratum,
1469 1965 1574 2007 adeo,
1606 1972 1645 1998 ut
1674 1965 1825 1998 firmitas
1856 1964 2082 1998 edificiorum
2111 1964 2240 1998 sunda-

371 2031 537 2064 mentalia
559 2038 654 2076 petat
670 2032 752 2076 jura
775 2038 1028 2076 proventuum,
1050 2031 1264 2065 aboleantur
1284 2033 1471 2073 memorie,
1495 2033 1739 2066 sanctuarium
1761 2032 1944 2065 stillicidia
1966 2037 2105 2074 cavent,
2128 2043 2239 2077 pene-

370 2105 465 2131 trent
485 2098 633 2139 imbres,
653 2098 798 2131 diruant
818 2099 928 2140 venti,
952 2098 1070 2132 cultus
1093 2111 1194 2132 sacer
1215 2106 1333 2133 cesset
1362 2100 1398 2132 in
1420 2100 1640 2141 sanctuario,
1662 2101 1698 2132 in
1726 2099 1824 2133 scola
1853 2099 2035 2132 scolastici
2065 2105 2179 2140 actus,
2201 2098 2238 2132 in

371 2165 502 2198 studiis
523 2165 694 2198 studendi
724 2166 863 2198 fructus
890 2172 925 2198 et
954 2178 1056 2205 usus,
1080 2166 1248 2211 quoniam
1271 2167 1414 2200 deserta
1447 2167 1616 2212 personis
1643 2173 1709 2208 est,
1734 2173 1768 2200 et
1795 2166 1933 2212 absque
1954 2168 2096 2212 (parum
2118 2165 2237 2209 abest)

370 2232 569 2265 habitatore
591 2233 721 2265 domus
742 2232 802 2265 illa
824 2232 995 2273 celebris,
1023 2233 1059 2265 in
1082 2245 1149 2277 qua
1172 2234 1312 2278 pridem
1334 2234 1485 2267 Ordinis
1506 2234 1724 2267 monasteria
1745 2234 1924 2267 variarum
1946 2233 2108 2278 undique
2129 2233 2239 2267 natio·

370 2311 453 2332 num
486 2306 521 2332 et
548 2299 652 2344 regni
674 2299 866 2344 presertim
890 2300 1037 2332 Francie
1066 2300 1258 2333 scolarium
1289 2301 1557 2334 multitudinem
1588 2301 1771 2346 copiosam
1801 2301 1955 2334 educare
1986 2300 2091 2333 solita
2123 2306 2236 2342 erant,

370 2366 485 2399 donec
523 2366 719 2399 dissidiosa
748 2366 1043 2412 belligerentium
1076 2367 1278 2400 immanitas
1313 2368 1356 2401 ad
1387 2369 1702 2413 consumptionem
1742 2380 1782 2401 ea
1816 2367 1874 2401 vel
1905 2379 2029 2401 eorum
2063 2367 2239 2412 diriperet

371 2439 405 2465 et
432 2440 598 2466 vastaret.
623 2433 809 2466 Exitialem
837 2433 928 2466 hanc
959 2440 993 2466 et
1013 2434 1247 2478 pernitiosam
1279 2435 1408 2468 Ordini
1442 2442 1567 2468 nostro
1590 2435 1728 2481 plagam
1760 2435 1957 2468 indefessis
1981 2434 2170 2468 conatibus
2203 2440 2238 2468 et

370 2500 566 2545 irrequieto
598 2500 727 2545 spiritu
749 2501 947 2533 inardescit
972 2501 1065 2533 idem
1096 2501 1300 2546 Capitulum
1324 2502 1533 2536 salubribus
1565 2509 1767 2535 restaurare
1800 2502 2025 2535 curationum
2050 2501 2234 2539 antidotis,

370 2567 555 2611 pristinam
579 2579 723 2611 quoque
745 2567 988 2599 membrorum
1019 2567 1105 2600 dicti
1136 2568 1246 2601 studii
1278 2569 1528 2614 redintegrare
1550 2581 1762 2614 compagem
1791 2576 1827 2602 et
1853 2569 2075 2602 harmoniam
2096 2568 2133 2601 in
2155 2580 2237 2613 per-

371 2633 485 2674 sonis,
507 2633 681 2678 gradibus
703 2633 998 2679 edibusque....¹.

464 2723 603 2746 Constitut.
619 2726 644 2746 et
658 2724 740 2754 Capp.
759 2724 875 2754 general.
892 2723 1000 2747 Cisterc.
1022 2724 1047 2747 in
1066 2725 1144 2748 Arch.
1163 2728 1247 2748 status
1265 2725 1384 2753 Luzern.,
1401 2730 1430 2748 11ο
1445 2726 1499 2755 544,
1517 2734 1544 2757 p.
1561 2726 1615 2750 277.
1630 2726 1708 2750 Deest
1728 2734 1771 2757 up.
1789 2725 2055 2754 Minime-nummu,
2077 2724 2157 2749 Thes.
2172 2731 2234 2749 nov.

370 2769 476 2796 anecd„
493 2768 533 2797 lv,
552 2768 621 2796 1566,
638 2767 681 2790 ubi
697 2768 872 2797 solummodo,
888 2771 916 2791 ut
929 2771 981 2791 tres
997 2769 1106 2792 abbates
1120 2769 1189 2792 int'ru
1204 2769 1230 2792 in
1244 2773 1297 2793 not.
1314 2770 1324 2792 1
1342 2770 1469 2793 nominati
1485 2770 1602 2793 studium
1615 2772 1768 2794 reforment.

462 2842 484 2867 1.
502 2843 575 2866 Unde
590 2843 698 2866 abbates
717 2843 845 2872 Cisternii,
866 2844 1030 2874 pontigniaci
1048 2848 1073 2867 et
1093 2844 1266 2868 Claraevallis
1282 2845 1444 2869 inducuntur
1461 2845 1610 2877 providere,
1629 2849 1658 2869 ut
1672 2846 1807 2869 scholares
1826 2845 1965 2869 mittantur
1982 2847 2007 2869 et
2027 2848 2055 2868 ut
2075 2844 2235 2868 monasteria

370 2887 536 2910 contribuant
549 2888 580 2910 ud
596 2888 773 2910 aedificiorum
791 2888 894 2919 collegii
911 2888 1079 2911 ruinosorum
1095 2889 1303 2920 reparationem3
1321 2890 1449 2913 auxilium
1465 2890 1661 2919 Universitutis,
1678 2899 1772 2923 papae,
1789 2890 1870 2923 regis,
1887 2889 2052 2922 aliorumque
2067 2889 2233 2921 imploretur.
