2502 3418
236 308 331 344 1402]
667 322 712 343 AB
747 322 852 343 ΑΝΝο
887 321 1173 343 MCCCLXXXXiv
1202 321 1249 341 AD
1284 320 1420 341 ANNUM
1456 319 1659 341 mccccmi.
2052 312 2093 344 49

240 432 379 468 1773.
405 441 523 467 Carolus
544 442 585 475 Vl,
607 450 659 467 rex
678 443 857 475 Francorum,
879 442 974 467 omnia
986 441 1147 477 privilegia,
1171 441 1320 466 libertates
1348 444 1376 465 et
1397 440 1575 474 franchisias
1598 440 1634 464 ab
1656 440 1721 465 olim
1744 440 1898 474 magistris,
1921 441 2091 475 doctoribus,

324 490 511 524 baccalareis,
526 490 706 516 scholaribus
723 495 750 516 et
764 491 921 526 suppositis
941 490 1138 516 Universitatis
1154 490 1249 516 Paris.
1265 498 1424 523 concessas,
1440 498 1474 514 ne
1490 489 1518 514 in
1533 489 1628 514 studio
1645 489 1846 524 impediantur,
1864 498 1916 525 per
1929 490 2040 515 litteras
2057 491 2096 516 acl

322 539 536 565 Par-lamentam
552 539 682 575 aliosque
697 549 763 565 suos
778 540 930 572 officiarios
945 539 1071 565 directas
1085 541 1243 574 confirmat.
1259 537 1363 565 Donne
1375 537 1391 565 a
1406 538 1483 564 Paris
1497 538 1524 564 10
1536 538 1651 564 derrain
1663 539 1732 572 j0ur
1747 538 1782 565 de
1798 539 1879 568 Mars,
1891 539 1948 564 l'an
1963 540 1998 566 de
2013 548 2096 572 grace

322 589 375 614 mil
388 588 476 615 CCCC
492 590 520 615 et
534 589 620 618 deux.
636 590 665 615 et
679 590 705 615 10
720 589 810 623 xxiiij⁶
825 589 861 615 de
875 591 971 615 nostre
986 587 1084 622 regne.
1101 598 1114 612 «
1130 589 1183 615 Nos
1197 596 1277 615 amez
1293 589 1319 614 10
1333 589 1447 614 rccteur
1463 597 1485 613 ».

1455 676 1529 705 7402,
1545 676 1632 702 Martii
1643 676 1681 705 37,
1697 676 1810 701 Parisiis.

327 765 462 797 originale
482 765 508 789 in
529 766 605 789 Arch.
628 766 750 790 Univers.
766 765 858 794 Paris.y
875 765 943 789 thee.
960 765 994 794 11,
1007 766 1035 789 Α.
1054 767 1076 790 5.
1090 765 1136 788 bb.
1152 765 1229 788 Deest
1248 764 1376 795 sigillum.
1391 777 1420 781 -—-
1439 764 1562 788 Ordorm.
1577 765 1623 788 des
1637 764 1704 792 rois,
1718 764 1786 792 vm,
1803 764 1856 787 575.
1870 764 1933 788 Rec.
1949 765 1994 788 des
2006 764 2097 793 privi-

235 811 314 841 leyes‚
330 819 357 842 p.
375 811 412 834 13.
428 811 504 839 Bm„y
518 811 547 840 V,
563 811 601 834 54.
617 824 648 828 —
664 811 714 834 Sed
735 811 929 834 observandum
945 813 993 839 est,
1009 810 1191 833 documentum
1215 818 1266 832 sec.
1292 812 1380 832 notam
1402 808 1528 840 temporis
1551 809 1583 831 ad
1608 816 1650 831 an.
1668 809 1727 831 1402
1750 808 1890 839 pertinere,
1913 816 1973 831 nam
1998 809 2098 831 Pascha

235 863 277 879 nn.
293 855 353 878 1402
370 855 419 878 fuit
433 856 509 878 Mart.
526 856 568 883 263
584 855 630 878 sed
645 866 657 877 «
672 863 714 879 an.
730 855 803 886 xxiij¹³
818 865 831 877 n
846 857 915 878 esset
930 863 972 878 un.
988 855 1057 877 1403.

239 1022 378 1058 1774.
404 1032 546 1056 Statutum
559 1030 712 1065 facultatis
726 1031 884 1056 medicinae
898 1030 933 1056 de
943 1030 1060 1066 juribus
1075 1030 1247 1057 bedellorum
1263 1030 1557 1064 subbedelloramque,
1575 1033 1632 1054 tam
1646 1029 1807 1063 theologiae
1822 1030 1880 1063 fac.
1899 1038 1984 1064 quam
2000 1029 2097 1054 natio-

323 1089 388 1105 num
404 1084 547 1116 quattuor,
564 1089 582 1106 a
596 1080 722 1116 quolibet
737 1089 803 1106 novo
820 1080 956 1114 magistro
971 1080 999 1105 in
1013 1080 1156 1106 medicina
1169 1079 1318 1105 solvendis.

1464 1128 1537 1157 7402,
1554 1128 1626 1160 April.
1642 1129 1684 1157 22,
1700 1128 1813 1153 Parisiis.

325 1219 365 1250 In
386 1218 456 1250 isto
478 1218 652 1251 decanatu
674 1218 731 1251 die
753 1218 840 1263 xxija
860 1218 997 1251 mensis
1014 1217 1163 1263 Aprilis,
1187 1216 1327 1250 scilicet
1347 1215 1486 1249 sabbati
1508 1222 1590 1260 post
1610 1215 1756 1248 missam
1777 1216 1814 1247 in
1836 1215 1965 1248 Sancto
1986 1216 2100 1247 Matu-

236 1285 330 1326 rino,
351 1284 518 1326 facultate
540 1285 753 1319 solemniter
773 1291 993 1330 congregata
1015 1291 1049 1317 et
1069 1290 1262 1317 convocata
1285 1295 1349 1328 per
1368 1282 1530 1316 cedulam
1554 1282 1590 1314 in
1610 1282 1766 1327 capitulo
1790 1282 1908 1315 Sancti
1929 1282 2100 1314 Maturini

234 1352 282 1384 2ad
302 1352 543 1384 ordinandum
566 1352 610 1385 de
630 1352 777 1397 juribus
798 1364 867 1397 que
889 1352 1070 1397 recipiunt
1090 1351 1225 1384 hedelli
1245 1350 1466 1391 facultatum,
1490 1349 1629 1382 50111001
1654 1349 1838 1394 theologie
1860 1356 1894 1381 01
1914 1349 2042 1381 artium
2063 1349 2100 1381 in

239 1418 332 1451 dicta
353 1425 475 1451 nostra
495 1419 675 1460 facultate,
697 1419 780 1464 quia
801 1419 906 1452 etiam
932 1418 1068 1451 bedelli
1095 1417 1273 1450 facultatis
1302 1423 1425 1449 nostre
1450 1418 1532 1461 jura
1553 1416 1663 1448 multa
1690 1416 1727 1448 in
1756 1415 1829 1448 illis
1862 1415 2067 1460 percipiunt
2091 1427 2098 1447 ε

239 1486 320 1530 quia
343 1486 485 1530 quidam
508 1486 592 1519 novi
613 1486 777 1531 magistri
803 1486 862 1518 illa
884 1485 1057 1518 nolebant
1081 1485 1187 1517 (110115
1208 1484 1364 1517 bedellis
1384 1483 1589 1516 facultatum
1612 1477 1854 1528 predictarum
1876 1482 2100 1527 persolvere,

238 1558 273 1585 et
300 1553 352 1585 510
378 1553 493 1585 nostri
515 1564 581 1585 suo
608 1553 712 1585 etiam
736 1554 819 1597 jure
841 1553 877 1585 in
899 1552 972 1585 illis
993 1552 1121 1597 privati
1140 1551 1309 1591 fuissent,
1332 1551 1399 1583 suit
1420 1550 1638 1583 declaratum
1662 1556 1696 1582 01
1716 1549 1929 1582 conclusum
1951 1561 2101 1581 concor-

236 1619 330 1652 diter
352 1620 448 1664 quod
470 1620 590 1664 magni
611 1619 747 1652 bedelli
769 1619 989 1664 principales
1011 1619 1181 1652 antedicti
1204 1618 1343 1651 scilicet
1364 1617 1548 1662 theologie
1569 1624 1604 1650 01
1622 1617 1704 1661 iiijor
1720 1617 1904 1649 nationum
1926 1615 2102 1649 haberent

235 1686 279 1719 de
296 1693 416 1719 cetero
434 1693 468 1719 01
487 1686 620 1719 habere
638 1686 824 1719 debebunt
845 1693 880 1720 et
895 1686 1096 1719 debuerant
1112 1699 1129 1719 a
1146 1685 1308 1731 quolibet
1330 1685 1504 1730 magistro
1522 1684 1663 1717 noviter
1680 1684 1716 1716 iu
1733 1684 1912 1716 medicine
1933 1683 2100 1716 facultate

236 1753 446 1798 incipiente,
465 1753 617 1798 quilibet
637 1753 812 1786 birretum
835 1760 870 1786 01
890 1753 1092 1786 cirothecas
1114 1752 1291 1797 duplices.
1316 1753 1358 1784 Et
1374 1752 1426 1784 sic
1448 1758 1533 1784 sunt
1552 1751 1712 1796 quinque
1734 1751 1868 1783 birreta
1885 1757 1920 1782 01
1940 1751 2100 1795 quinque

237 1886 410 1920 haberent
439 1887 607 1920 similiter
632 1887 786 1932 quilibet
812 1887 1013 1920 cirothecas
1042 1887 1239 1932 simplices.
1274 1887 1315 1918 Et
1343 1886 1394 1918 sic
1421 1892 1505 1918 sunt
1531 1885 1691 1930 quinque
1719 1884 1816 1929 paria
1837 1884 2099 1917 cirothecaruin

238 1953 468 1999 simplicium.
497 1954 734 1987 Presentibus
760 1955 945 2000 magistris
973 1954 1198 1994 reverendis,
1222 1953 1362 1986 scilicet
1381 1952 1517 1985 Thoma
1540 1952 1583 1985 de
1606 1952 1735 1985 Sancto
1760 1953 1878 1993 Petro,
1903 1951 2099 1984 Guillelmo

237 2021 443 2062 Boucherii,
467 2021 656 2066 Radulpho
678 2021 721 2054 de
744 2021 887 2062 Harbis,
909 2021 1106 2055 Guillelmo
1129 2021 1173 2053 (10
1195 2021 1357 2061 Camera⁷
1377 2019 1540 2053 Johanne
1562 2019 1727 2060 Comitis,
1749 2019 1912 2052 Johanne
1934 2019 2099 2063 Leporis,

236 2087 371 2121 Thoma
393 2089 440 2121 Le
461 2090 604 2133 Mauge,
626 2090 731 2122 Petro
754 2089 877 2130 Miote,
897 2088 1094 2122 Guillelmo
1117 2088 1161 2121 de
1184 2087 1352 2128 Senonis,
1376 2087 1532 2119 Henrico
1554 2086 1678 2127 Pelati,
1696 2085 1859 2119 Johanne
1880 2086 2098 2130 Tanquardi,

238 2145 393 2187 Henrico
422 2155 567 2200 Doigny
594 2162 678 2188 tunc
709 2156 859 2195 decano,
890 2157 995 2188 Petro
1026 2156 1146 2197 Biteti,
1177 2154 1374 2188 Guillelmo
1405 2154 1569 2199 Nepotis,
1596 2153 1759 2186 Johanne
1788 2154 1895 2193 Rose,
1921 2153 1958 2184 P.
1982 2152 2098 2194 Parvi,

236 2222 383 2255 Nicolao
405 2221 449 2255 de
470 2222 577 2264 Mola,
599 2222 667 2256 hoc
687 2223 818 2256 factum
838 2223 904 2256 fuit
926 2230 961 2256 et
980 2222 1206 2256 conclusum.

329 2322 429 2346 Comm.
446 2323 494 2346 fac.
509 2323 612 2351 medic„
628 2324 648 2352 Ι,
664 2332 691 2354 p.
708 2324 746 2346 75.
759 2337 790 2341 —
804 2323 939 2353 Romus,
953 2323 982 2351 V,
999 2324 1022 2352 4,
1039 2322 1083 2354 qui
1107 2323 1173 2345 salso
1195 2321 1278 2353 April.
1299 2321 1310 2343 1
1332 2321 1394 2350 edit,
1411 2324 1436 2344 ct
1459 2320 1564 2343 nomina
1584 2320 1735 2351 subscripta
1751 2318 1939 2349 magistrorum
1955 2317 2099 2341 medicinae

236 2366 340 2390 omittit.

241 2489 381 2526 1775.
406 2499 539 2533 Magistri
554 2503 681 2534 regentes
696 2500 847 2533 facultatis
862 2499 1020 2525 medicinae
1033 2508 1080 2525 an.
1098 2499 1259 2526 1402—1403.

1439 2567 1513 2595 1402,
1529 2565 1643 2591 Noremb.
1659 2565 1684 2594 5,
1700 2564 1813 2589 Parisiis.

327 2670 486 2702 Fuerunt
507 2670 669 2715 magistri
690 2678 859 2716 regentes
881 2677 1078 2716 sequentes
1103 2670 1164 2714 qui
1194 2670 1409 2713 inceperunt
1434 2667 1609 2699 lectiones
1636 2676 1720 2697 suas
1741 2664 1799 2697 (110
1820 2664 1917 2708 jovis
1939 2675 2008 2708 quc
2033 2663 2100 2695 suit

238 2735 361 2780 quinta
382 2736 598 2769 Novembris
617 2749 623 2769 :

326 2834 450 2860 Thomas
464 2835 499 2861 de
515 2836 618 2862 Sancto
637 2837 728 2867 Petro,
1272 2834 1337 2859 Joh.
1352 2833 1387 2858 dc
1403 2832 1593 2859 Bellomontc,

326 2882 359 2908 G.
377 2883 539 2913 Boucherii,
1273 2881 1445 2914 Radulplius
1457 2880 1492 2905 dc
1508 2878 1617 2907 llerbis,

362 2933 424 2950 *ss*
443 2931 537 2955 Chart.
561 2932 638 2956 Unio.
657 2933 749 2957 Paris.
769 2933 808 2955 1v.
