2502 3418
389 312 453 344 594
968 322 1287 344 cnam-uranium
1323 322 1514 344 UN1vEns.
1550 320 1681 343 Pinus.
2160 306 2261 344 [1436

388 442 534 479 2495.
558 451 693 478 Facultas
709 451 886 478 decretorum
900 452 1011 478 duobus
1029 452 1210 478 baccalareis
1228 452 1373 478 licentiam
1388 457 1472 479 extra
1488 457 1598 491 tempus
1613 460 1754 482 statutum
1769 455 1888 488 confert.

1412 550 1487 580 1436,
1504 551 1618 578 novemb.
1634 551 1801 578 26-0ecemb.
1817 552 1844 580 3,
1860 549 1974 576 Parisiis.

480 636 546 668 Die
567 636 651 668 lune
673 637 752 680 xxvj
775 635 992 668 Novembris
1016 636 1179 680 ejusdem
1207 637 1290 669 anni
1317 637 1488 672 MCCCCi
1508 640 1660 673 XXXVI
1687 639 1850 679 facultas,
1880 644 2029 683 propter
2065 634 2260 668 nonnullas

390 714 518 735 causas
540 702 774 735 rationabiles
803 709 837 735 et
868 702 1162 747 urgentissimas,
1188 703 1334 736 admisit
1356 704 1399 736 ad
1421 716 1571 738 examen
1597 718 1662 751 pro
1695 706 1841 739 licentia
1870 705 1907 737 in
1936 703 2102 737 facultate
2134 702 2260 735 decre-

391 776 508 803 torum
533 769 741 814 recipienda
773 768 1004 802 venerabiles
1035 775 1070 801 et
1104 769 1284 802 discretos
1318 770 1417 803 viros
1445 783 1539 816 mag.
1568 772 1648 805 Joh.
1679 772 1844 805 Alardoti
1872 778 1907 804 et
1933 782 2027 815 mag.
2067 768 2259 802 Ricardum

390 836 610 876 Lucratoris,
634 836 694 880 qui
711 848 776 880 per
797 842 871 868 tres
893 835 972 868 dies
994 842 1192 880 sequentes
1209 837 1400 869 examinati
1422 838 1639 872 exstiterunt
1664 846 1698 872 et
1718 846 1843 884 postea
1864 850 1928 883 per
1957 836 2161 870 facultatem
2183 842 2260 868 tan-

389 914 495 947 quam
531 902 663 947 ydonei
694 902 736 934 ad
772 902 1023 947 recipiendum
1059 902 1211 947 gradum
1245 903 1392 936 licentie
1422 905 1586 947 admissi,
1619 912 1653 939 et
1684 906 1828 938 demum
1863 905 2011 938 domino
2042 902 2259 936 cancellario

388 970 428 1001 B.
452 970 563 1001 Marie
586 969 783 1013 presentati
805 975 839 1002 et
860 969 1010 1014 recepti.

477 1036 542 1068 Die
564 1035 665 1068 tertia
695 1035 909 1068 Decembris
931 1036 1095 1080 ejusdem
1118 1037 1202 1069 anni
1224 1038 1372 1071 suerunt
1398 1038 1572 1071 licentiati
1593 1038 1644 1071 hii
1672 1039 1758 1084 [qui]
1787 1045 1991 1084 sequuntur
2015 1038 2052 1070 in
2078 1036 2157 1070 aula
2185 1036 2261 1081 epi-

387 1102 524 1146 scopali
545 1102 658 1134 Paris.
682 1114 746 1146 per
762 1114 857 1147 mag.
879 1102 959 1135 Joh.
984 1102 1028 1135 de
1050 1104 1175 1142 Ponte,
1196 1116 1297 1137 sacre
1326 1104 1512 1150 theologie
1535 1106 1795 1150 professorem,
1814 1105 2049 1138 commissum
2071 1116 2088 1136 a
2110 1103 2258 1136 domino

385 1168 601 1201 cancellario
619 1168 774 1201 ecclesie
791 1169 905 1202 Paris.
930 1181 937 1201 ε

471 1268 544 1300 Mag.
561 1267 626 1293 Joh.
645 1267 775 1296 Alardot.
792 1267 976 1294 Cabilonens.
991 1268 1121 1298 diocesis,
1138 1269 1295 1295 canonicus
1311 1270 1337 1296 S.
1353 1270 1495 1297 Honorati
1508 1271 1593 1297 Paris.

471 1316 543 1349 Mag.
561 1316 699 1342 Ricardus
713 1316 886 1346 Lucratoris,
904 1316 1121 1344 Constanciens.
1138 1317 1225 1347 dioc.‚
1240 1326 1317 1352 mag⁴
1339 1318 1370 1344 in
1385 1320 1505 1346 artibus.

474 1404 582 1427 Memor.
600 1405 648 1427 sac.
665 1404 774 1434 decret„
789 1405 807 1432 1,
824 1404 869 1428 sol.
885 1404 940 1428 182.

381 1531 526 1568 2496.
555 1541 730 1567 Πιιίιέι·ει’ίαε
746 1541 842 1568 Paris.
858 1541 1007 1577 chirurgos
1022 1543 1201 1579 approbatos
1218 1548 1248 1569 ue
1259 1544 1407 1571 scholares
1418 1546 1534 1580 juratos
1554 1544 1754 1571 Universitatis
1767 1546 1893 1579 reputat.

1549 1646 1621 1675 7436,
1639 1645 1786 1671 Decembris
1803 1645 1839 1674 73,
1856 1644 1969 1670 Parisiis.

469 1730 660 1763 Universis
682 1737 873 1775 presentes
904 1731 1043 1765 litteras
1074 1732 1297 1777 inspecturis
1328 1741 1448 1766 rector
1478 1741 1513 1766 et
1538 1733 1766 1767 Universitas
1792 1732 2048 1777 magistrorum
2082 1737 2118 1764 et
2142 1730 2258 1764 scola-

380 1797 470 1829 rium
493 1797 655 1830 Parisius
679 1797 904 1830 studentium
927 1805 1087 1831 eternam
1111 1799 1147 1832 in
1169 1800 1325 1833 Domino
1354 1800 1521 1835 salutem.
1552 1801 1683 1833 Notum
1714 1799 1866 1832 facimus
1895 1798 1992 1844 quod
2014 1797 2121 1830 nobis
2147 1809 2259 1842 super

379 1863 567 1898 nonnullis
589 1864 713 1897 arduis
735 1864 831 1897 inter
851 1876 919 1898 nos
940 1866 1138 1899 tractandis
1160 1867 1320 1911 negotiis
1337 1867 1553 1900 solemniter
1574 1867 1822 1912 congregatIS,
1844 1866 1899 1899 vir
1919 1864 2140 1899 venerabilis
2162 1875 2255 1909 mag.

379 1929 564 1963 Johannes
582 1930 626 1962 (le
651 1930 849 1970 Subfurno,
879 1931 916 1963 in
939 1931 1078 1965 artibus
1112 1939 1145 1965 et
1167 1932 1351 1979 chirurgia
1374 1934 1561 1979 magister,
1586 1940 1652 1966 tam
1686 1945 1752 1966 suo
1774 1944 1879 1977 quam
1902 1932 2143 1965 discretorum
2165 1930 2257 1963 viro-

383 2009 461 2029 rum
479 1997 646 2041 Dionysii
664 1997 826 2039 Palluau,
842 1998 1019 2031 Johannis
1037 2000 1255 2042 Perricardi,
1273 2001 1352 2033 Ade
1373 2001 1532 2042 Martini,
1549 2000 1725 2034 Johannis
1742 1999 1935 2040 Gileberti,
1951 1998 2118 2032 Gausridi
2136 1998 2255 2038 Serre,

382 2064 530 2108 Rogerii
553 2064 718 2105 Ernoult,
742 2065 899 2097 Dionisii
919 2065 963 2097 de
981 2066 1077 2098 Lens
1099 2073 1134 2099 et
1154 2067 1250 2100 Petri
1270 2067 1420 2112 Peuple,
1443 2067 1701 2112 magistrorum
1724 2066 1885 2099 Parisius
1910 2064 2192 2110 approbatorum
2220 2064 2257 2096 in

381 2131 533 2163 scientia
555 2137 588 2163 et
605 2137 680 2163 arte
702 2130 888 2176 chirurgie
911 2132 1073 2165 Parisius
1091 2145 1156 2178 per
1176 2133 1261 2167 illos
1282 2134 1325 2167 ad
1343 2146 1435 2179 quos
1457 2140 1597 2179 spectat
1610 2133 1894 2167 examinatorum
1910 2138 1946 2165 et
1960 2131 2256 2177 approbatorum,

382 2198 418 2229 111
439 2204 563 2230 nostra
584 2197 781 2230 parisiensi
800 2198 1045 2232 Universitate
1067 2211 1236 2233 verorum
1259 2201 1453 2234 scolarium
1476 2201 1707 2234 existentium
1728 2199 1938 2232 nominibus
1960 2198 2140 2244 exposuit,
2159 2197 2258 2242 quod

383 2270 507 2296 contra
524 2263 659 2296 bonum
678 2264 881 2309 reipublice
899 2265 1025 2310 plures
1046 2266 1246 2311 insurgunt
1266 2267 1458 2309 abusores,
1478 2280 1551 2300 non
1568 2266 1772 2312 approbati,
1790 2273 1825 2299 et
1840 2265 1923 2299 salsi
1945 2277 2009 2298 seu
2026 2265 2099 2297 ficti
2116 2263 2258 2297 chirur-

383 2330 467 2375 gici,
491 2330 736 2363 venerabilem
759 2330 947 2376 chirurgie
970 2332 1157 2365 scientiam
1176 2334 1396 2378 permaxime
1418 2333 1657 2367 deturbantes
1680 2346 1719 2366 ac
1739 2332 2024 2378 vilipendentes,
2043 2330 2141 2376 quod
2161 2330 2259 2364 cedit

385 2396 421 2428 in
441 2409 550 2441 grave
573 2403 607 2430 et
627 2396 850 2430 horrendum
879 2398 1087 2431 scandalum
1111 2400 1237 2445 populi
1258 2407 1293 2433 et
1319 2401 1578 2434 detrimentum
1601 2400 1780 2445 ejusdcm,
1803 2399 1901 2444 quod
1923 2399 2027 2432 etiam
2051 2397 2256 2430 redundare

384 2463 528 2495 videtur
553 2463 590 2495 in
613 2463 790 2496 dictorum
814 2465 1073 2509 exponentium
1095 2467 1339 2511 prejudicium
1361 2474 1397 2500 et
1416 2479 1612 2512 gravamen
1634 2479 1707 2499 non
1727 2466 1923 2507 modicum,
1945 2464 2092 2498 attentis
2114 2463 2256 2509 magnis

384 2535 418 2561 ct
438 2529 661 2562 notabilibus
678 2530 884 2575 privilegiis
906 2543 924 2563 a
945 2531 1070 2565 multis
1087 2533 1308 2566 Francorum
1330 2533 1482 2579 regibus
1501 2533 1639 2567 eisdem
1661 2532 1929 2578 exponentibus
1951 2538 1987 2564 et
2006 2531 2083 2564 suis
2104 2531 2142 2563 in
2162 2530 2256 2563 dicta

383 2595 568 2640 chirurgie
597 2596 747 2629 scientia
777 2597 1106 2641 predecessoribus
1138 2601 1326 2633 concessis
1352 2607 1387 2633 et
1416 2600 1582 2641 indultis,
1604 2600 1776 2633 videlicet
1801 2599 1898 2644 quod
1926 2598 2017 2631 nulli
2038 2603 2195 2643 possunt
2218 2597 2255 2629 in

382 2662 533 2694 scientia
555 2673 619 2695 seu
642 2663 797 2707 practica
818 2663 1004 2710 chirurgie
1025 2665 1062 2698 in
1083 2666 1168 2699 villa
1189 2667 1389 2700 Parisiensi
1411 2679 1477 2700 seu
1498 2667 1751 2700 vicecomitatu
1778 2665 1944 2711 ejusdem
1966 2664 2176 2710 practicam,
2198 2663 2257 2696 vel

382 2728 536 2760 officium
559 2728 744 2774 chirurgio
771 2742 956 2772 exercere,
980 2732 1052 2765 nisi
1079 2745 1143 2777 per
1164 2734 1308 2778 juratos
1331 2734 1469 2766 domini
1486 2733 1602 2766 nostri
1619 2733 1718 2778 regis
1735 2733 1773 2765 in
1790 2744 1856 2765 suo
1874 2731 2071 2766 Castelleto
2088 2730 2201 2763 Paris.
2221 2736 2256 2763 et

381 2794 622 2838 prepositum¹
646 2795 950 2840 chirurgicorum,
974 2799 1112 2832 vocatis
1133 2800 1321 2841 vocandis,
1345 2801 1447 2845 prius
1473 2800 1609 2833 suerint
1634 2799 1825 2833 examinati
1847 2798 2044 2843 diligenter
2065 2803 2099 2830 et
2124 2808 2255 2841 appro-

380 2859 466 2901 bati,
488 2867 595 2904 prout
616 2860 759 2905 plenius
781 2863 818 2895 in
845 2863 951 2897 dictis
975 2865 1051 2898 suis
1073 2866 1279 2912 privilegiis
1303 2866 1445 2900 dicebat
1466 2867 1678 2900 contineri2.
1712 2865 1928 2911 Supplicans
1953 2864 2048 2897 idem
2081 2863 2256 2908 magister

503 2918 543 2941 75.
