2502 3418
333 1895 346 1916 b*
333 1837 346 1858 Ρ
333 1779 345 1800 A>

350 1954 358 1958 '
348 1895 362 1916 b?
349 1837 362 1858 ω
349 1778 362 1800 ιύ

302 2068 314 2090 {0
301 2010 314 2032 {0
301 1952 314 1974 ιθ
302 1894 315 1916 Ιὺ
303 1836 316 1858 Ιύ
302 1778 315 1799 10

317 2068 330 2090 [Φ
317 2010 330 2032 ¹0
317 1952 330 1974 [Φ
318 1894 331 1916 10
318 1836 331 1858 μ’)
318 1778 331 1800 {0

332 2011 346 2032 *b*
333 1953 345 1974 ab*

348 2011 362 2032 Φ
349 1960 362 1975 v

351 2081 357 2090 ἱ
349 2069 361 2078 ΑΙ

333 2068 346 2090 ...N

398 1894 544 1920 1423-1424

434 1952 502 1977 1424

633 592 697 616 Julii
713 593 741 615 22

610 694 722 725 Augusti
737 695 766 717 24

581 752 705 775 Novemb.
715 753 754 780 23,
763 753 792 775 29

596 810 656 832 Dee.
673 809 766 841 14'sqq

604 1023 725 1046 Januarii
740 1024 770 1046 26

615 1081 760 1104 Februario

627 1138 715 1162 Martii
731 1139 745 1161 3

579 1356 790 1380 Mart.29-Maii25

618 1459 705 1482 Martii
721 1459 748 1481 31

648 1530 678 1535 -
721 1517 748 1539 31

637 1619 731 1642 Martio

621 1676 720 1707 Aprilis
737 1677 748 1699 1

656 1779 748 1802 —18

579 1837 790 1868 Mart.12-Aug.20

615 1894 758 1925 Oct.-Sept.

608 1952 761 1983 Septembre

589 2010 745 2033 Novembris

764 2011 776 2033 7

594 2068 744 2091 Decembris
761 2068 773 2090 7

593 2418 731 2441 Februarii
746 2419 776 2441 26

637 2520 697 2543 Maii
715 2520 726 2543 1

622 2621 694 2644 Junii
712 2622 739 2645 21

587 2728 749 2759 Septembris

766 2730 778 2751 7

765 2787 780 2808 9

1152 308 1321 329 'FABULA-

1153 470 1302 494 Processus
1316 474 1415 494 contra
1427 470 1584 494 Johannem
1599 470 1752 494 Domremi.

1301 528 1414 551 (Continet
1426 531 1460 547 n0⁵
1473 528 1607 552 2228-2231.)

822 594 964 616 Processus
982 594 1065 616 factus
1083 601 1097 616 a
1116 594 1164 617 fac.
1181 593 1325 616 medicinae
1344 596 1434 616 contra
1449 594 1508 616 Joh.
1525 593 1657 616 Domremi
1677 596 1702 616 et
1721 593 1821 616 similes
1837 594 1962 617 abusores
1983 594 2081 625 practi-

851 641 941 660 cantes
955 637 1064 660 Parisiis
1083 638 1108 660 in
1127 638 1257 661 medicina
1274 638 1365 661 illicite
1379 655 2080 662 ............................

821 695 958 718 Ordinatio
975 695 1093 726 episcopi
1109 695 1193 718 Paris.
1210 699 1300 719 contra
1315 695 1374 718 Joh.
1392 696 1522 718 Donuemi
1532 711 2080 719 ......................

820 753 880 776 Joh.
897 753 1028 776 Domremi
1044 761 1132 776 coram
1148 753 1314 776 Purlamento
1330 761 1356 776 se
1373 753 1489 776 defendit
1501 756 1593 776 contra
1607 754 1656 776 fac.
1673 753 1816 776 medicinae
1820 770 2080 776 ...........

820 810 880 834 Joh.
894 810 1025 833 Domremi
1042 814 1152 834 conatur
1169 811 1194 833 in
1211 811 1376 834 Parlamento
1393 814 1548 842 argumenta
1564 810 1697 833 facultatis
1713 810 1856 833 medicinae
1872 813 2020 838 attenuare;
2037 812 2080 834 sed

851 855 930 877 etiam
949 858 1107 886 procurator
1126 855 1196 886 regis
1218 864 1244 878 se
1264 855 1386 886 adjungit
1405 855 1540 886 magistris
1557 855 1755 882 Universitatis,
1774 855 1818 886 qui
1840 855 1935 878 iterum
1951 856 2081 879 Domremi

852 899 1010 930 impugnant
1018 916 2081 923 ..........................................

821 1023 972 1054 Capitulum
987 1023 1071 1046 Paris.
1088 1024 1120 1047 de
1135 1023 1233 1046 scholis
1248 1024 1338 1055 parvis
1354 1024 1479 1054 disponit,
1498 1024 1605 1047 absente
1620 1024 1776 1047 cancellario
1792 1041 2081 1048 ............

820 1081 940 1111 Magistri
957 1082 1006 1104 fac.
1022 1081 1102 1104 theol.
1116 1082 1269 1112 congregati
1285 1082 1318 1104 ad
1334 1081 1495 1104 visitandum
1510 1085 1618 1105 statuta
1630 1082 1776 1111 facultatis
1790 1082 2003 1111 etjuramenta.
2023 1100 2028 1106 .
2049 1100 2054 1106 .
2074 1099 2081 1106 .

820 1138 957 1161 Licentiati
972 1139 998 1161 in
1015 1139 1139 1162 facultate
1154 1139 1303 1169 theologiae
1307 1156 2081 1164 ...............................

820 1196 894 1219 Ritus
910 1196 1032 1219 tradendi
1048 1196 1161 1219 biretum
1177 1196 1369 1227 inaugurorum
1384 1197 1410 1219 in
1426 1197 1550 1220 facultate
1564 1197 1711 1228 theologiae
1715 1214 2080 1222 ...............

820 1254 916 1277 Paulus
939 1254 970 1277 de
993 1254 1136 1285 Bonnefoy,
1159 1254 1287 1285 magister
1310 1254 1453 1277 llebraicae
1477 1258 1502 1277 et
1524 1255 1681 1278 Chaldaicae
1704 1255 1810 1286 linguae
1840 1255 1867 1278 in
1894 1255 2080 1285 Universitate‚

850 1301 962 1321 testatur
977 1306 1004 1321 se
1017 1306 1031 1321 a
1048 1298 1172 1321 facultate
1185 1299 1264 1322 theol.
1281 1299 1307 1322 1ss
1322 1299 1371 1322 sol.
1386 1299 1468 1329 paris.
1485 1299 1616 1330 recepisse
1620 1316 2080 1324 ...................

820 1355 929 1378 Articuli
949 1364 1101 1379 communes
1119 1356 1151 1379 ad
1170 1357 1286 1379 rotulum
1304 1356 1447 1379 secundum
1462 1356 1637 1387 principalem
1652 1357 1837 1380 Universitatis
1854 1358 1964 1381 Martino
1981 1358 2001 1380 V
2017 1358 2081 1381 mis-

851 1408 917 1428 sum,
935 1403 960 1423 et
974 1408 989 1423 a
1004 1408 1075 1431 papa
1090 1400 1126 1431 iiij
1143 1400 1195 1423 kal.
1213 1400 1307 1431 April„
1323 1409 1391 1423 anno
1407 1409 1454 1429 vu,
1471 1401 1605 1431 signatum
1614 1418 2080 1427 ...................

820 1462 941 1493 Magistri
957 1462 1080 1486 destinati
1096 1463 1129 1485 ad
1143 1463 1231 1486 sedem
1247 1463 1420 1494 apostolicam
1431 1471 1489 1485 cum
1505 1463 1591 1486 rotulo
1607 1463 1719 1486 secundo
1729 1463 1871 1494 principali
1887 1464 2080 1487 Universitatis.

820 1520 912 1543 Petitio
928 1520 998 1551 regis
1015 1520 1124 1551 Angliae
1142 1529 1187 1543 seu
1203 1521 1291 1551 potius
1308 1521 1381 1543 ducis
1398 1521 1555 1544 Bedfordiae
1574 1521 1685 1544 Martino
1707 1522 1725 1543 V
1740 1525 1860 1552 porrecta
1875 1522 1907 1544 ad
1928 1522 2081 1553 erigendum

851 1565 877 1587 in
892 1564 1054 1588 Nox-mannia
1069 1565 1177 1596 aliquod
1193 1565 1309 1588 studium
1323 1566 1445 1596 generale
1455 1582 2080 1591 .........................

819 1622 957 1645 Licentiati
972 1622 998 1645 in
1016 1623 1139 1645 facultate
1155 1622 1300 1645 medicinae
1303 1639 2080 1647 ...............................

820 1680 949 1703 Martinus
971 1680 991 1703 V
1007 1680 1180 1703 Universitati
1202 1680 1403 1711 praerogativas
1419 1680 1538 1703 concedit
1556 1680 1642 1711 quoad
1658 1680 1758 1711 gratias
1777 1681 1978 1712 exspectativas,
1998 1682 2034 1704 ita
2056 1685 2082 1704 ut

850 1724 989 1755 supposita
1006 1726 1191 1755 praeferantur
1206 1725 1266 1747 aliis
1282 1725 1307 1747 in
1322 1724 1381 1755 pari
1397 1725 1437 1747 vel
1454 1725 1546 1755 majori
1562 1725 1632 1753 data,
1649 1725 1808 1756 quibusdam
1825 1726 1939 1757 exceptis
1945 1743 2080 1749 ......

819 1782 956 1805 Licentiati
971 1782 1081 1805 Parisiis
1097 1782 1123 1805 in
1144 1782 1267 1805 facultate
1285 1782 1449 1805 decretorum
1457 1799 2079 1807 .........................

819 1840 985 1863 Universitas
1001 1840 1085 1863 Paris.
1100 1840 1217 1863 celebrat
1231 1840 1357 1863 victorius
1373 1841 1517 1871 Anglorum
1532 1848 1545 1862 e
1558 1840 1727 1871 Francigenis
1742 1841 1837 1864 relatas
1842 1858 2079 1866 ..........

819 1898 946 1920 Cursores
964 1898 990 1920 in
1007 1898 1140 1928 theologia
1145 1914 2079 1922 .....................................

819 1955 988 1978 Sententiarii
1003 1959 1028 1978 et
1043 1955 1137 1978 Biblici
1153 1955 1315 1978 Parisienses
1329 1973 2078 1980 ..............................

819 2013 940 2044 Magistri
953 2016 1072 2044 regentes
1090 2013 1223 2036 facultatis
1239 2013 1383 2036 medicinae
1396 2021 1439 2036 an.
1457 2013 1592 2036 1424-’1425
1597 2030 2027 2038 ..................
2048 2035 2052 2039 .
2072 2032 2078 2038 .

819 2072 847 2094 In
863 2072 1029 2094 Parlamento
1045 2079 1115 2102 mag.
1134 2071 1266 2094 ..lohannes
1285 2071 1419 2099 Lai-chier,
1440 2071 1544 2094 nomine
1562 2071 1759 2101 Universitatis,
1779 2071 1880 2094 litteras
1897 2072 1984 2095 Caroli
1999 2073 2031 2095 VI
2047 2073 2079 2095 ad

849 2115 991 2146 privilegia
1006 2115 1193 2139 Universitatis
1209 2116 1389 2138 conservanda
1405 2115 1489 2143 datas,
1506 2115 1552 2138 sed
1567 2116 1683 2138 nondum
1701 2115 1836 2139 restitutas
1855 2124 1901 2139 nec
1917 2116 1942 2138 in
1958 2116 2078 2147 registris

850 2160 1000 2191 inscriptas,
1018 2160 1135 2190 expediri
1152 2160 1218 2191 petit
1221 2177 2078 2184 ..................................

819 2218 983 2241 Universitas
1006 2218 1039 2240 ad
1060 2218 1234 2241 Humfredum
1254 2218 1346 2240 ducem
1367 2217 1537 2246 Glocestriae,
1554 2221 1583 2240 ut
1601 2225 1616 2240 a
1635 2218 1772 2248 proposito
1788 2226 1835 2240 suo
1855 2218 1979 2246 desistat:
2003 2219 2079 2242 aliter

849 2262 994 2285 timendum
1012 2270 1043 2285 ne
1059 2270 1112 2293 pax
1126 2262 1194 2285 inter
1209 2262 1331 2293 Angliam
1347 2265 1371 2285 ct
1386 2262 1523 2284 Franciam
1539 2265 1678 2292 rumpatur
1686 2279 2076 2286 ................

818 2320 983 2343 Universitas
1003 2319 1113 2342 concilio
1129 2319 1201 2350 regio
1219 2319 1328 2350 Angliue
1349 2319 1450 2347 scribit,
1467 2328 1498 2342 ne
1513 2320 1565 2342 dux
1584 2319 1745 2343 Glocestriae
1760 2320 1887 2342 adversus
1903 2320 1995 2343 ducem
2010 2320 2078 2343 Bur-

849 2364 963 2393 gundiae
976 2364 1076 2387 bellum
1089 2367 1193 2387 moveat
1196 2381 2077 2388 ...................................

818 2422 984 2445 Universitas
1005 2422 1116 2444 Martino
1136 2422 1156 2444 V
1178 2421 1316 2444 tuitionem
1340 2429 1448 2444 suarum
1472 2421 1719 2452 praerogativarum
1741 2422 1915 2445 commendat.
1935 2422 2078 2453 Supposita

849 2466 970 2497 dispersa
986 2469 1054 2489 sunt.
1070 2466 1106 2488 Ne
1121 2469 1243 2489 creentur
1259 2474 1341 2488 novae
1358 2466 1550 2489 Universitates
1555 2482 2076 2490 .....................

818 2524 922 2547 Martini
937 2525 958 2547 V
971 2524 1093 2547 Cal-olum
1110 2524 1156 2547 Vll
1170 2524 1294 2547 admonet
1306 2532 1364 2546 eum
1382 2532 1432 2546 non
1448 2523 1530 2547 teneri
1543 2524 1700 2554 juramento,
1713 2532 1763 2555 quo
1777 2532 1804 2547 se
1818 2524 1978 2555 obligaverit
1990 2524 2076 2547 obser-

848 2577 910 2591 vare
927 2568 1141 2591 constitutionem
1156 2577 1199 2591 an.
1216 2569 1276 2590 1418
1292 2568 1323 2591 de
1338 2568 1478 2591 collatione
1493 2568 1680 2591 beneficiorum
1685 2585 2076 2593 ................

817 2626 938 2649 Conanus
953 2626 1046 2655 abbas,
1060 2626 1123 2648 olim
1137 2626 1219 2649 Paris.
1231 2626 1285 2657 juri
1302 2634 1359 2648 can.
1377 2626 1494 2654 studens,
1510 2625 1642 2648 licentiam
1658 2634 1673 2648 a
1688 2634 1758 2657 papa
1775 2626 1841 2656 petit
1854 2626 2003 2657 Andegavis
2019 2630 2078 2650 stu-

847 2670 925 2693 dendi
941 2674 966 2693 et
981 2670 1080 2701 gradus
1093 2670 1238 2701 recipiendi
1246 2687 2075 2695 .................................

817 2728 860 2751 Lis
876 2728 944 2751 inter
958 2728 1097 2759 chirurgos
1113 2732 1138 2751 et
1153 2728 1351 2751 barbitonsores
1356 2745 2075 2752 .............................

816 2787 876 2810 Joh.
894 2787 925 2809 de
941 2786 1080 2815 Lucronio,
1098 2786 1127 2810 Ο.
1147 2786 1220 2813 Μίη.,
1234 2786 1301 2816 petit
1314 2789 1341 2808 ut
1358 2785 1422 2808 alibi
1442 2794 1520 2817 quam
1540 2785 1648 2808 Parisiis
1664 2785 1845 2816 magisterium
1866 2786 1946 2809 theol.
1961 2786 2076 2817 recipere

846 2831 930 2862 possit
935 2847 2074 2855 .............................................

2104 297 2171 330 765

2126 641 2172 663 424

2126 699 2171 721 425

2127 757 2172 779 425

2126 903 2172 926 426

2125 1028 2171 1051 428

2125 1086 2171 1109 428

2125 1144 2171 1166 428

2125 1203 2170 1225 429

2126 1306 2172 1327 430

2126 1408 2172 1430 430

2126 1465 2171 1487 432

2126 1568 2171 1590 432

2126 1626 2171 1648 433

2125 1728 2171 1750 433

2125 1786 2171 1808 435

2124 1844 2170 1866 435

2124 1901 2171 1923 436

2124 1959 2170 1980 436

2125 2017 2169 2039 437

2123 2163 2168 2185 437

2123 2265 2167 2287 437

2122 2367 2168 2389 438

2122 2465 2168 2487 439

2122 2568 2167 2590 440

2121 2671 2164 2693 441

2120 2730 2166 2752 442

2119 2832 2165 2854 443
