2502 3418
403 334 467 366 570
982 341 1304 363 CHAltTULARtUM
1341 340 1531 362 uatvssns.
1569 339 1699 362 [mnis.
2170 324 2271 362 [1435

407 424 514 462 prout
535 417 705 462 superius
728 423 857 449 tactum
881 423 947 457 cst,
971 423 1006 449 et
1026 416 1224 448 recitentur
1245 415 1421 460 obsequia
1443 427 1512 460 que
1535 415 1709 448 hactenus
1731 420 1959 447 sacrosancta
1980 419 2092 446 mater
2117 412 2271 445 ecclesia

405 491 440 517 et
460 484 569 517 sedes
585 484 782 529 apostolica
804 496 847 516 ex
867 483 935 516 hoc
952 495 1066 528 regno
1081 483 1253 527 suscepit,
1277 495 1294 515 a
1316 494 1387 527 quo
1409 482 1634 527 paratissima
1655 494 1799 527 semper
1819 481 1950 514 auxilia
1970 481 2146 513 adversus
2166 479 2271 512 here-

408 552 559 584 ticorum
582 551 852 592 infestaciones,
873 551 1150 595 persecutiones
1168 557 1401 594 tyrannorum
1423 556 1455 582 et
1477 550 1629 582 aliorum
1647 549 1938 583 adversariorum
1956 547 2113 580 nominis
2135 546 2271 581 Christi

407 631 550 664 semper
571 618 708 651 habuit.
731 620 822 650 Ymo
847 617 993 650 tradunt
1014 617 1175 650 Annales
1196 617 1346 661 ystoric,
1369 617 1512 662 aliquos
1538 627 1700 650 summos
1722 616 1913 662 pontifices
1939 615 1982 648 ab
2003 614 2093 648 urbe
2114 616 2271 647 Romana

406 686 531 719 exules
553 692 588 718 et
607 686 640 719 vi
664 692 895 730 tyrannorum
918 685 1090 729 expulsos
1112 684 1147 716 in
1170 696 1245 716 eam
1264 684 1377 717 fuisse
1399 683 1588 717 restitutos
1609 697 1676 729 ope
1699 691 1733 717 et
1753 684 1885 717 auxilio
1907 685 2125 717 Francorum
2143 694 2269 728 regum

407 753 469 785 illo
492 760 575 786 tunc
598 752 845 797 rcgnanthun3
868 752 1167 796 largissimasque
1189 751 1459 785 subvenciones
1482 752 1714 797 pecuniarum
1733 758 1767 784 et
1784 757 2037 796 proventuum,
2056 750 2269 783 clericorum

407 820 557 865 insuper
573 819 916 852 litteratissimorum
935 818 1229 859 habundantiam,
1249 819 1310 863 qui
1328 825 1363 851 et
1378 817 1485 852 fidem
1504 826 1538 852 et
1564 819 1679 864 ipsius
1701 826 1823 852 sancte
1846 818 1969 851 matris
1990 817 2146 850 ecclesie
2168 817 2272 849 unio-

408 899 487 920 nem
510 894 615 931 atque
637 887 810 919 honorem
834 886 1031 918 indefessis
1059 886 1190 918 studiis
1213 885 1397 931 prosecuti
1425 893 1521 919 sunt.
1545 886 1672 931 Ibique
1701 887 1833 932 poterit
1860 885 2002 919 recitari
2019 885 2129 918 decor
2156 884 2272 917 eccle-

408 954 544 987 siastici
573 960 687 986 status
722 960 756 986 ct
785 953 898 985 divini
926 953 1045 986 cultus
1075 953 1354 987 honoratissima
1382 954 1637 999 frequentatio,
1666 966 1735 998 que
1757 954 1793 986 in
1815 953 1884 986 hoc
1919 965 2033 998 regno
2059 951 2270 993 habebatur,

408 1021 609 1066 principum
628 1027 733 1065 atque
755 1020 972 1065 populorum
998 1020 1163 1062 devocio,
1183 1032 1252 1065 que
1273 1019 1503 1054 basilicarum
1526 1028 1593 1054 tam
1621 1020 1856 1054 ecclesiarum
1881 1019 2138 1053 cathedralium
2167 1031 2270 1064 quam

408 1088 707 1121 monasteriorum
731 1094 766 1120 et
785 1087 933 1120 aliarum
957 1087 1193 1120 ecclesiarum
1215 1087 1433 1121 fundacione
1452 1088 1592 1130 claruit,
1612 1088 1708 1121 unde
1730 1087 1948 1121 universalis
1972 1086 2125 1120 ecclesia
2147 1086 2273 1119 exalta-

407 1155 512 1188 batur
528 1161 562 1187 ct
583 1155 673 1187 miro
692 1153 931 1187 decorabatur
951 1154 1102 1187 honore.
1127 1156 1169 1187 Et
1185 1155 1257 1200 jam
1276 1155 1387 1188 sentit
1402 1156 1479 1201 ipsa
1497 1162 1609 1189 mater
1626 1155 1793 1197 ecelesia,
1813 1156 1885 1200 jam
1907 1165 2133 1200 cognoscere
2154 1160 2274 1199 potest

406 1222 602 1267 apostolica
621 1222 741 1263 sedes,
761 1221 831 1254 sibi
852 1222 1003 1266 suisque
1020 1221 1131 1254 rebus
1149 1222 1299 1255 multum
1323 1223 1455 1256 obesse
1479 1223 1583 1268 regni
1604 1223 1712 1268 hujus
1735 1222 1984 1255 calamitatem.
2009 1223 2095 1254 Nam
2117 1221 2272 1254 contrito

406 1290 472 1322 hoc
501 1289 649 1322 brachio
676 1289 903 1322 validissimo
928 1289 1169 1322 dess'ensionis
1198 1291 1290 1334 ejus,
1316 1291 1389 1335 jam
1419 1290 1569 1324 heretici
1601 1291 1810 1335 insurgunt,
1833 1291 1906 1335 jam
1935 1289 2104 1322 infideles
2139 1300 2274 1322 cornua

405 1357 563 1402 erigunt,
580 1357 653 1401 jam
675 1356 864 1389 innumere
886 1357 1168 1401 prosecutiones
1190 1357 1288 1390 intus
1306 1364 1340 1390 01
1361 1365 1458 1391 extra
1480 1358 1757 1403 conspiciuntur
1777 1357 1927 1399 oboriri,
1950 1369 2019 1402 que
2043 1356 2148 1402 regni
2164 1355 2273 1400 hujus

406 1424 551 1465 auxilio,
571 1424 600 1456 si
623 1424 804 1468 integrum
829 1424 935 1465 soret,
959 1423 1088 1469 repelli
1108 1424 1282 1457 valerent.
1308 1427 1433 1470 Neque
1456 1427 1528 1470 jam
1556 1426 1651 1470 apud
1675 1425 1798 1458 sedem
1823 1424 2057 1470 apostolicam
2086 1423 2146 1457 illa
2171 1423 2275 1456 cleri-

404 1504 526 1524 corum
556 1491 771 1536 frequentia,
802 1490 860 1523 illa
890 1503 998 1536 opum
1028 1498 1062 1524 et
1086 1491 1298 1525 diviciarum
1328 1493 1430 1538 copia
1459 1493 1697 1538 conspicitur,
1719 1505 1789 1537 que
1820 1504 1933 1537 regno
1960 1492 2112 1524 ssorente
2143 1491 2272 1524 adesse

407 1558 559 1592 solebat.

495 1626 613 1668 Quare
647 1637 689 1657 cx
717 1625 855 1657 intimis
885 1625 1092 1659 visceribus
1125 1626 1323 1659 condolere
1354 1634 1387 1660 et
1413 1628 1568 1672 compati
1598 1627 1732 1661 debent
1760 1634 1795 1660 et
1820 1626 2074 1660 sanctissimus
2104 1625 2274 1659 dominus

407 1700 532 1726 noster
553 1699 584 1725 et
608 1691 827 1725 universalis
846 1692 1000 1725 ecclesia
1022 1693 1208 1726 sscbilibus
1229 1694 1410 1739 angustiis
1433 1695 1535 1739 regni
1557 1694 1679 1739 hujus,
1697 1701 1732 1728 et
1748 1706 1875 1727 omnes
1892 1694 2034 1735 modos,
2056 1705 2184 1726 omnes
2197 1693 2274 1727 vias

407 1759 625 1804 excogitare,
649 1759 783 1804 quibus
809 1771 873 1792 5110
896 1759 1094 1804 egritudini
1122 1761 1264 1805 possint
1291 1762 1420 1794 assâ€˜erre
1446 1762 1637 1803 medelam,
1661 1774 1779 1807 neque
1807 1762 1844 1794 in
1872 1761 1936 1794 hac
1964 1773 2002 1794 re
2034 1772 2182 1806 parcere
2215 1766 2276 1793 aut

405 1827 597 1872 impensis,
619 1833 677 1859 aut
700 1826 901 1859 laboribus.
927 1828 968 1859 Et
993 1840 1074 1860 cum
1098 1829 1171 1872 jam
1194 1835 1336 1873 tempus
1358 1836 1578 1874 oportunum
1600 1829 1801 1871 advenerit,
1824 1829 1889 1862 hac
1910 1828 2154 1862 conventione
2184 1827 2275 1861 cele-

407 1894 563 1927 berrima
585 1894 760 1927 divinitus
778 1900 816 1926 ut
837 1906 1027 1939 speramus
1049 1895 1278 1940 donata,jam
1301 1897 1453 1929 summis
1475 1896 1665 1930 conatibus
1682 1909 1745 1930 eos
1767 1897 1855 1929 eniti
1876 1903 2057 1941 opportet,
2076 1902 2115 1929 ut
2134 1895 2274 1929 animos

406 1961 593 1994 hominum
616 1967 827 1994 convertant
848 1961 890 1994 ad
914 1974 1050 2006 pacem,
1072 1963 1275 2007 arguendo,
1298 1963 1539 2006 obsecrando,
1568 1964 1802 2009 increpando,
1826 1970 1864 1997 ut
1883 1963 2084 2008 Apostolus
2113 1962 2276 2008 loquitur

408 2031 438 2070 [2
466 2029 574 2069 Tim,
598 2039 647 2069 1v,
669 2030 713 2069 2J,
738 2028 944 2073 importune
967 2035 1001 2061 et
1028 2037 1246 2074 opportune,
1266 2037 1303 2063 111
1326 2031 1445 2076 reipsa
1466 2031 1752 2076 comprobentur
1773 2043 1855 2064 esse
1877 2031 1998 2076 angeli
2019 2031 2118 2076 pacis
2140 2037 2175 2063 et
2198 2030 2275 2063 veri

409 2096 607 2129 imitatores
636 2095 885 2141 apostolorum
907 2095 1058 2138 Christi,
1081 2097 1215 2141 quibus
1237 2098 1314 2143 ipse
1337 2098 1507 2132 Christus
1533 2111 1655 2143 pacem
1683 2111 1783 2132 suam
1806 2098 1907 2131 dedit
1931 2105 1966 2131 et
1995 2098 2156 2143 reliquit.
2187 2099 2274 2130 Nam

409 2170 444 2196 01
464 2164 500 2196 111
522 2175 585 2196 005
606 2163 702 2196 001111
725 2163 884 2195 omnium
907 2164 1151 2208 conspiciunt,
1173 2165 1217 2197 ad
1237 2177 1300 2198 eos
1321 2165 1475 2199 clamant
1502 2178 1582 2199 cum
1614 2166 1781 2211 angustia
1814 2173 1849 2199 et
1873 2165 2066 2211 lachrymis
2096 2176 2276 2211 pauperes

409 2230 594 2275 regnicole
622 2230 759 2271 asssicti,
792 2230 987 2275 angustiati
1014 2231 1179 2273 cedibus,
1207 2233 1358 2277 rapiniS,
1389 2233 1569 2266 incendiis
1597 2233 1840 2278 omnibusque
1871 2233 2046 2266 malorum
2076 2232 2276 2278 generibus

410 2297 584 2342 subjecti,
624 2297 774 2342 sanguis
812 2297 1084 2330 interfectorum
1113 2299 1156 2331 dc
1188 2306 1280 2332 terra
1308 2301 1540 2342 vociferatur,
1580 2301 1740 2346 gemitus
1769 2300 2024 2334 tribulatorum
2063 2300 2204 2334 levatur
2240 2300 2277 2332 in

410 2364 539 2397 celum.
563 2366 681 2406 Quare
704 2364 781 2397 data
799 2365 871 2408 jam
894 2366 1177 2409 opportunitate,
1210 2366 1327 2411 qualis
1362 2367 1493 2400 diebus
1535 2368 1671 2401 nostris
1705 2368 1780 2401 visa
1808 2380 1880 2401 non
1910 2368 2039 2409 extitit,
2071 2379 2175 2400 suum
2209 2367 2277 2400 erit

412 2432 581 2464 exaudire
603 2431 762 2476 gemitus
784 2444 997 2476 pauperum,
1022 2439 1056 2465 ct.
1077 2433 1120 2466 ab
1142 2433 1209 2466 1100
1230 2434 1311 2467 1000
1337 2447 1411 2467 11011
1433 2435 1636 2477 discedere,
1660 2436 1776 2468 donec
1798 2447 1941 2468 omnem
1967 2447 2067 2468 suam
2090 2433 2277 2480 possibili-

413 2505 530 2539 tatem,
550 2510 676 2531 omnes
694 2510 778 2531 suas
795 2499 892 2531 vires
907 2499 943 2531 in
960 2500 1260 2544 compositionem
1280 2502 1378 2546 pacis
1391 2502 1615 2547 expleverint
1631 2503 1674 2535 ad
1686 2502 1861 2536 honorem
1878 2502 1957 2544 Dei,
1975 2502 2099 2535 matris
2121 2501 2276 2535 ecclesie

412 2565 561 2598 salutem
585 2572 619 2597 01
638 2565 845 2598 felicitatem
879 2567 1146 2610 permaximam,
1171 2568 1266 2601 unde
1288 2581 1429 2602 merces
1451 2582 1578 2615 magna
1601 2570 1668 2603 erit
1689 2570 1742 2603 cis
1764 2570 1800 2602 in
1824 2570 1912 2603 celis
1942 2570 2113 2615 reposita.
2146 2569 2276 2613 Sicque

412 2644 453 2664 cx
475 2632 553 2664 istis
575 2639 607 2664 ct
625 2631 706 2664 aliis
728 2645 796 2676 que
816 2633 979 2665 addenda
1002 2634 1235 2677 videbuntur,
1259 2642 1431 2680 poterunt
1452 2637 1678 2682 persuaderi,
1702 2638 1889 2670 oss'erendo
1912 2637 1966 2669 eis
1989 2636 2145 2669 finaliter
2170 2635 2277 2668 obse-

412 2699 492 2742 quia
515 2699 771 2731 Universitatis
804 2699 840 2731 in
862 2712 899 2731 re
922 2700 981 2732 illa
1004 2708 1038 2733 et
1066 2702 1211 2743 ceteris,
1240 2703 1480 2748 supplicando
1504 2710 1541 2736 ut
1562 2716 1715 2749 regnum
1744 2704 1847 2746 illud,
1882 2711 1917 2737 et
1943 2704 2057 2749 ipsam
2089 2703 2277 2736 Universi-

413 2771 515 2797 tatem
535 2777 572 2797 ac
595 2766 673 2808 ejus
696 2766 885 2810 supposita
907 2767 1106 2811 dignentur
1127 2776 1276 2813 paterno
1305 2771 1426 2804 favore
1449 2783 1594 2815 semper
1614 2771 1788 2816 prosequi
1818 2778 1853 2804 et
1872 2770 2006 2804 habere
2028 2769 2274 2803 recommissa.

504 2867 638 2897 Originale
654 2867 679 2890 in
695 2868 771 2891 Arch.
790 2869 912 2892 univers.
925 2870 1020 2900 Parisâ€ž
1037 2871 1111 2894 theca
1127 2872 1147 2901 1,
1163 2873 1192 2895 Î‘.
1207 2873 1229 2896 1.
1245 2882 1266 2897 e.
1283 2873 1352 2897 Olim
1368 2873 1456 2905 sigillo
1472 2873 1600 2897 munitum
1618 2874 1810 2902 eranâ€”Buâ€ž
1821 2874 1851 2903 V,
1862 2882 1888 2905 p.
1901 2874 1955 2896 429.
1970 2873 2195 2900 â€”JOURDAlx,nâ°
2206 2872 2274 2898 1247.

411 2912 504 2933 harum
518 2912 722 2935 Instructionum
740 2913 764 2935 in
782 2917 841 2936 nota
857 2914 942 2937 solum
960 2916 1116 2939 mentionem
1131 2917 1223 2948 injicit,
1242 2921 1265 2941 ct
1282 2918 1348 2942 alias
1366 2918 1465 2942 ibidem
1480 2919 1542 2949 edit,
1561 2927 1627 2951 quae
1642 2922 1730 2943 tamen
1745 2919 1778 2942 ad
1794 2927 1836 2942 an.
1853 2919 1914 2942 1439
1926 2917 2069 2950 pertinent,
2085 2916 2129 2940 ubi
2145 2916 2214 2941 vide.

536 2956 574 2978 72.
