2502 3418
388 316 449 347 172
959 325 1277 347 CHARTULARlUM
1312 324 1501 345 UNiVEnS.
1537 324 1666 346 rmus.
2147 311 2245 347 [1410

386 398 452 431 lis²
481 398 663 432 Αἶνηαηίε3
691 406 938 443 procuratore,
962 411 1040 431 cum
1069 398 1235 443 pluribus
1257 398 1337 431 aliis
1362 398 1405 430 ad
1432 398 1608 442 premissa
1638 397 1786 430 vocatis.
1819 395 2043 442 Signatum:
2067 398 2243 430 TESTARDI

385 476 460 498 cum
482 466 700 510 syngrapha.

478 563 594 593 De'fense
609 566 655 588 des
669 565 756 588 clroits
772 566 803 587 [Ze
821 563 996 588 [Universite'
1014 565 1046 587 de
1068 563 1162 592 Paris,
1183 563 1242 587 add.
1264 572 1290 594 p.
1313 565 1352 592 43,
1369 572 1381 586 e
1402 564 1470 586 libro
1490 564 1632 595 reccptoris
1657 563 1791 587 Franciac.
1808 563 1907 586 Ibidem
1928 563 2061 592 scribitur,
2080 563 2127 586 hoc
2149 565 2244 586 sactum

385 616 441 630 esse
458 608 578 631 Decemb.
591 609 628 631 23.
642 609 692 631 Sed
703 608 757 639 jam
771 617 784 631 a
797 609 917 631 Deeemb.
934 609 963 631 15
977 617 1027 631 non
1044 608 1105 631 Joh.
1120 608 1151 631 dc
1167 608 1260 638 llallis7
1277 608 1322 631 sed
1338 609 1424 639 Spaen
1440 608 1524 631 dictus
1538 608 1613 631 Friso
1631 611 1786 639 procurator
1800 611 1854 631 nat.
1871 607 1972 638 Anglic.
1991 607 2039 630 fuit
2054 609 2193 637 (Auctar.,
2211 609 2244 637 ΙΙ,

384 654 422 679 65,
437 653 480 680 40;
494 654 532 682 66,
550 654 581 682 2).
597 652 655 676 Vid.
671 653 855 676 documentum
870 653 1038 684 praecedens.

477 736 500 760 1.
516 737 562 760 Ed.
577 745 583 759 2
601 746 612 759 «
628 737 746 760 ,Iohanne
761 737 848 767 Magni
867 737 977 760 Firmuli
994 745 1016 760 ».
1032 751 1061 754 —
1076 736 1100 761 2.
1116 736 1182 760 thid.
1199 745 1203 759 z
1223 745 1233 759 ι(
1251 737 1340 759 Dehall
1358 745 1379 760 )).
1395 751 1421 754 -—
1438 737 1461 761 3.
1478 738 1497 760 Ι.
1514 745 1536 760 e.
1550 740 1603 760 nat.
1618 737 1785 767 Anglicanac.

390 903 529 941 1875.
554 914 689 939 Facultas
706 914 880 939 decretorum
897 914 967 939 daos
984 913 1146 940 licentiatos
1160 923 1194 939 ea
1210 914 1372 939 conditione
1387 914 1497 949 recipit,
1515 917 1546 939 ut
1559 913 1700 940 volumina
1715 923 1770 939 sua
1784 918 1851 940 ante
1867 913 2046 940 doctor-atum
2060 914 2243 950 complerent.

1551 1002 1621 1031 1410,
1637 1001 1769 1027 februarii
1783 1002 1828 1032 24,
1846 1002 1960 1028 Parisiis.

472 1090 650 1133 Tempore
672 1089 866 1121 decanatus
892 1089 1055 1134 magistri
1082 1089 1258 1122 Johannis
1285 1089 1422 1123 Vicini¹
1454 1089 1522 1121 suit
1553 1101 1703 1121 examen
1732 1089 1879 1122 licentie
1906 1089 2085 1122 facultatis
2106 1090 2245 1130 [decre-

383 1160 512 1196 torum]
534 1162 694 1200 apertum
717 1156 775 1188 die
797 1156 882 1188 lune
905 1156 1021 1200 xxiiija
1041 1156 1228 1188 Februarii
1250 1157 1333 1189 anni
1354 1156 1539 1188 millesimi
1561 1154 1767 1198 CCCCIIX‚
1791 1163 1826 1189 et
1845 1156 1993 1189 fuerunt
2013 1156 2084 1189 duo
2108 1157 2245 1202 recepti

383 1235 421 1255 ea
440 1223 655 1255 condicione
673 1223 770 1267 quod
791 1222 958 1267 legerent
978 1230 1113 1256 tantum
1136 1231 1279 1268 tempus
1300 1223 1416 1256 adhuc
1437 1224 1474 1255 in
1494 1223 1676 1262 facultate,
1694 1223 1793 1268 quod
1814 1223 1883 1267 ipsi
1900 1223 2106 1257 finivissent
2125 1224 2245 1257 omnia

383 1302 446 1322 sua
466 1289 663 1331 volumina,
686 1296 721 1322 et
741 1290 838 1334 quod
859 1278 1041 1335 nunquam
1072 1290 1277 1335 reciperent
1306 1290 1455 1335 gradum
1489 1290 1699 1323 doctoratus
1728 1290 1799 1323 nisi
1821 1290 1864 1323 de
1886 1290 2030 1323 licentia
2050 1291 2243 1333 facultatis,

383 1356 552 1389 omnibus
573 1356 785 1390 doctoribus
807 1357 901 1390 trino
923 1357 1042 1390 edicto
1063 1357 1270 1402 specialiter
1286 1364 1389 1390 antea
1406 1358 1575 1390 evocatis.

473 1455 549 1477 Mem.
567 1455 614 1478 fac.
630 1455 710 1484 decr„
727 1456 745 1482 Ι,
763 1456 806 1478 sol.
824 1456 877 1478 175.
896 1469 921 1472 —
938 1455 1034 1478 Notitia
1050 1464 1089 1485 ca,
1106 1456 1146 1478 his
1163 1456 1270 1487 scripta,
1287 1456 1385 1486 legitur
1400 1456 1468 1479 inter
1484 1464 1524 1479 res
1540 1456 1600 1479 anni
1618 1456 1687 1479 1435.

473 1539 498 1563 1.
513 1539 562 1561 Scu
580 1548 591 1562 α
608 1539 696 1562 Voisin
711 1549 732 1563 )).

385 1667 525 1703 1876.
549 1676 703 1702 Licentiati
718 1676 746 1701 in
758 1676 901 1710 facultate
915 1676 1086 1703 medicinae.

1620 1721 1690 1751 1410,
1704 1721 1791 1747 Martii
1803 1721 1827 1751 4,
1844 1722 1958 1748 Par-[sile.

472 1807 535 1839 Die
563 1808 686 1840 martis
713 1820 782 1852 que
811 1808 878 1840 fuit
906 1814 1030 1852 quarta
1059 1808 1137 1840 dies
1163 1809 1300 1841 mensis
1327 1809 1451 1842 Marcii
1479 1810 1563 1842 anni
1592 1810 1737 1842 Domini
1768 1810 1953 1843 millesimi
1980 1811 2113 1844 CCCCi
2140 1811 2240 1852 noni,

380 1886 509 1907 novem
531 1874 726 1907 bachalarii
752 1874 853 1919 prius
879 1875 1051 1907 nominati
1073 1875 1220 1908 domino
1242 1876 1457 1909 cancellario
1480 1889 1522 1909 ex
1542 1883 1642 1922 parte
1662 1877 1841 1911 facultatis
1863 1878 2075 1922 presentati,
2096 1878 2243 1911 fuerunt

381 1942 581 1974 secundum
598 1941 693 1974 hunc
710 1942 874 1974 ordinem
896 1942 1070 1975 licentiati
1087 1949 1122 1974 et
1142 1943 1330 1976 solverunt
1347 1943 1476 1977 bursas
1494 1956 1577 1977 suas
1599 1944 1736 1977 decano
1758 1944 1852 1977 sicut
1867 1945 2078 1989 juraverant
2100 1957 2107 1977 :

472 2040 544 2073 Mag.
562 2040 686 2066 Jacobus
701 2040 848 2074 Despars¹.
1417 2043 1489 2076 Mag.
1507 2043 1600 2069 Adam
1615 2043 1749 2069 Robart3.

489 2104 520 2107 m
558 2089 706 2115 ,Iohannes
720 2090 831 2116 Zcberti
846 2090 882 2115 de
897 2090 997 2116 Breda.
1433 2106 1465 2110 —-
1504 2091 1655 2118 Nicholaus
1671 2092 1831 2125 Voisquini.

488 2154 522 2158 —
559 2139 644 2164 Basso
658 2139 833 2172 Doggherw.
1433 2156 1467 2158 —
1503 2141 1650 2167 Johannes
1666 2141 1786 2167 picardi.

487 2202 521 2205 —
558 2187 624 2213 Joh.
642 2188 677 2214 dc
693 2189 792 2213 Fonte.
1433 2205 1466 2208 -—
1479 2199 1482 2201 ·
1503 2190 1650 2216 Johannes
1664 2190 1792 2216 Domini.

487 2250 521 2255 —
558 2236 710 2262 Nicholaus
724 2237 872 2270 Burgueti.
2064 2241 2101 2274 [9]

475 2324 574 2347 Comm.
592 2326 640 2348 fac.
658 2325 737 2356 mcd.,
753 2326 773 2354 Ι,
787 2334 814 2356 p.
830 2325 884 2348 147.

474 2408 497 2432 1.
512 2409 704 2432 Celeberrimus
719 2410 787 2433 inter
802 2410 916 2433 medicos
933 2418 1002 2433 saec.
1018 2418 1060 2439 xv,
1077 2410 1108 2433 de
1121 2419 1171 2441 quo
1188 2410 1240 2434 vid.
1255 2411 1383 2434 Cl-niltEAU
1399 2411 1498 2441 (Nouv.
1512 2412 1677 2442 bioyraphie
1687 2412 1827 2442 ye'ne'rale,
1839 2413 1907 2440 XIII,
1924 2413 2050 2443 875-878)‚
2065 2413 2241 2440 Duuzmmmo,

380 2453 452 2477 Hisc.
467 2455 514 2477 des
528 2454 648 2485 seiences
661 2454 816 2483 me'dicales,
832 2455 849 2482 Ι,
867 2455 912 2477 345
928 2463 985 2485 sqq.
1003 2454 1113 2485 Saepius
1129 2455 1160 2477 (lc
1176 2463 1205 2477 eo
1221 2458 1314 2486 agetur
1329 2455 1355 2478 in
1370 2456 1419 2478 hoc
1434 2459 1512 2479 tomo.
1523 2455 1585 2480 —2.
1596 2456 1709 2479 Vocatur
1724 2456 1802 2479 etiam
1818 2457 1918 2488 pluries
1934 2457 1960 2479 in
1976 2465 2026 2481 ms.
2043 2466 2054 2480 <‹
2070 2458 2098 2482 R.
2109 2457 2140 2480 de
2155 2457 2243 2480 Haen-

380 2498 442 2520 sade
454 2506 476 2526 »‚
494 2507 504 2521 <‹
517 2499 672 2522 Haemstede
684 2507 705 2528 ›),
718 2499 762 2522 sed
776 2499 932 2530 plerumque
948 2499 1051 2522 nomine
1065 2503 1190 2523 correcto.
1199 2509 1229 2518 ⁶-
1238 2499 1262 2524 3.
1275 2501 1322 2522 An.
1337 2501 1396 2523 1408
1408 2504 1528 2531 receptus
1539 2501 1621 2523 estad
1636 2501 1745 2524 bursam
1757 2501 1901 2524 medicinae
1913 2502 1939 2524 in
1952 2502 2063 2532 collegio
2075 2501 2243 2525 Laudunensi

379 2542 463 2565 Paris.
480 2543 566 2572 (Arch.
583 2547 647 2569 nat..
662 2544 683 2566 H
695 2545 792 2573 28031).
