2502 3418
421 330 484 362 502
998 338 1316 360 CllAn'rULARIUM
1353 336 1542 359 UNtvssns.
1579 336 1707 358 rAnls.
2183 321 2282 359 [1430

423 458 566 494 2358.
590 468 744 492 processus
765 470 862 492 contra
882 466 1037 492 ,Iohannem
1059 467 1181 500 Segueut
1200 465 1237 491 ab
1260 465 1429 501 inquisitore
1450 464 1578 490 Joltanne
1601 465 1759 496 Graverent,
1786 463 1817 489 Ο.
1838 461 1954 496 Praed.,
1973 461 2123 495 Rotomagi
2143 461 2172 487 in
2192 469 2282 486 causa

509 515 580 551 fidei
592 516 750 542 institutus.
766 516 888 542 Articuli
908 516 1091 541 Universitati
1106 515 1200 541 Paris.
1218 515 1304 541 etiam
1321 514 1360 540 ad
1373 512 1591 540 deliberandum
1607 513 1765 539 mittuntur.

1517 592 1594 620 7430.
1610 590 1787 617 ‹lut-Moremb.
1801 590 1844 619 30,
1859 590 1998 621 Rotomagi.

517 669 705 702 Universis
732 675 922 713 presentes
948 667 1086 700 litteras
1112 679 1176 700 seu
1210 679 1364 712 presens
1393 667 1672 699 instrumentum
1705 665 1925 710 inspecturis
1958 663 2120 697 officialis
2150 663 2284 696 Rotho-

426 736 623 780 magensis,
647 736 733 768 sede
755 734 1054 779 archiepiscopali
1075 741 1236 775 vacante7
1260 740 1294 766 ct
1313 734 1424 766 frater
1443 733 1626 766 Johannes
1648 733 1848 773 Graveren⁷
1871 743 1972 765 sacre
1994 731 2179 776 theologie
2201 743 2283 776 pro-

425 804 555 843 fessor,
579 802 728 835 Ordinis
749 803 827 834 srat.
847 802 1129 841 Predicatormn,
1153 801 1349 845 inquisitor
1370 801 1454 833 fidei
1479 807 1514 833 et
1540 800 1700 833 heretice
1722 799 1907 845 pravitatis
1935 800 1971 831 in
1995 811 2109 843 regno
2137 798 2284 831 Francia

425 870 635 902 anctoritate
652 869 849 914 apostolica
867 869 1073 913 deputatus,
1092 867 1286 900 salutem...
1300 869 1431 900 Notum
1448 867 1598 900 facimus
1616 867 1713 912 quod
1730 879 1809 900 cum
1827 867 1863 899 in
1880 873 1976 899 certa
1992 866 2283 910 congregacione

424 939 512 970 sacta
530 937 566 969 in
583 936 719 981 capella
736 935 887 968 manerii
908 934 1229 980 archiepiscopalis
1247 934 1554 979 Rothomagensis
1571 933 1636 979 pro
1653 933 1801 979 juribus
1823 940 1858 966 et
1878 932 2108 966 libertatibus
2129 932 2284 966 ecclesie

426 1003 663 1036 reformandis
680 1015 697 1035 a
714 1002 901 1035 nonnullis
919 1002 1131 1035 reverendis
1148 1002 1184 1034 in
1201 1001 1347 1035 Christo
1366 1002 1528 1047 patribus
1546 1001 1703 1034 dominis
1720 1001 1903 1046 episcopis
1978 999 2175 1045 presentati
2195 999 2284 1032 fuis-

426 1077 507 1103 sent
527 1070 615 1102 certi
636 1069 776 1102 articuli
799 1069 883 1102 fidei
904 1069 1102 1109 materiam„
1124 1075 1163 1102 ut
1184 1069 1297 1113 prima
1318 1069 1408 1101 facie
1424 1068 1632 1114 apparebat,
1654 1074 1860 1113 tangente&
1878 1079 1945 1100 nos
1963 1079 2006 1100 ex
2022 1066 2284 1100 deliberatione

426 1138 586 1181 ipsorum
610 1136 893 1168 reverendorum
912 1142 1051 1180 patrum
1070 1142 1102 1168 et
1119 1135 1269 1168 aliorum
1288 1136 1516 1168 dominorum
1535 1142 1569 1168 et
1586 1135 1840 1180 magistrorum
1859 1134 1944 1167 illuc
1961 1134 2151 1167 astantium
2168 1133 2285 1166 dictos

426 1203 597 1236 articulos
619 1203 662 1235 de
684 1202 795 1236 verbo
817 1203 860 1235 ad
882 1202 1031 1235 verbum
1055 1202 1195 1248 perlegi
1216 1203 1381 1235 fecimus.
1405 1203 1565 1245 Quorum
1587 1201 1820 1235 articulorum
1843 1201 2032 1246 potissime
2054 1201 2098 1233 de
2118 1200 2190 1233 hiis
2215 1212 2284 1246 que

427 1271 615 1303 manifeste
637 1270 826 1314 sapiebant
845 1270 1003 1303 heresim
1024 1276 1129 1303 tenor
1150 1270 1315 1315 sequitur
1335 1269 1403 1303 sub
1424 1269 1489 1302 hac
1508 1270 1648 1303 forma.v

516 1339 724 1382 Sequuntur
748 1337 836 1370 certi
868 1337 1010 1369 articuli
1037 1337 1107 1370 dati
1136 1349 1254 1369 coram
1284 1337 1390 1369 dictis
1419 1337 1577 1369 dominis
1599 1336 1787 1381 judicibus
1815 1336 1851 1368 in
1875 1348 1982 1368 causa
2007 1335 2092 1368 fidei
2118 1347 2160 1368 ex
2186 1341 2285 1379 parte

425 1405 678 1449 magistrorum
704 1404 880 1437 Johannis
907 1404 1030 1448 Regis,
1058 1404 1223 1436 canonici
1249 1403 1338 1437 eccl.
1368 1403 1581 1449 Rothomag.
1606 1403 1825 1448 promotoris
1846 1414 2034 1436 causarum
2056 1402 2163 1435 officii
2185 1401 2285 1434 curie

424 1471 744 1516 archiepiscopalis
767 1471 995 1515 Rothomag„
1014 1477 1048 1503 et
1064 1470 1217 1503 Auberti
1234 1470 1377 1503 Morelli
1395 1471 1615 1515 promotoris
1632 1477 1754 1503 sancte
1771 1470 2020 1514 inquisitionis
2037 1469 2121 1501 fidei
2139 1468 2285 1501 nomine

424 1540 585 1583 ipsorum
609 1538 807 1571 officiorum
830 1538 1050 1582 promotoris
1070 1538 1160 1570 sama
1178 1537 1321 1583 publica
1339 1538 1532 1570 refferente
1551 1544 1675 1570 contra
1691 1537 1890 1570 Johannem
1910 1537 2069 1581 Segueut
2087 1535 2282 1576 seniorem,

422 1607 631 1639 advocatum
653 1605 689 1637 in
710 1606 788 1638 soro
810 1605 979 1638 seculari.
1004 1605 1072 1647 Qui
1094 1605 1239 1649 quidem
1263 1605 1459 1638 advocatus
1480 1604 1585 1637 alias¹
1610 1604 1750 1649 positus
1771 1604 1838 1636 suit
1858 1604 1894 1636 in
1916 1615 2057 1636 causam
2081 1603 2116 1636 in
2138 1603 2283 1635 materia

424 1673 507 1705 fidei
530 1673 721 1705 occasione
744 1672 1040 1717 proposicionum
1064 1672 1218 1705 inferius
1240 1672 1470 1717 scriptarum.
1492 1683 1581 1716 quas
1604 1671 1795 1705 revocavit.

512 1771 609 1797 Primo
624 1771 697 1797 dixit
716 1779 721 1797 ε
741 1781 753 1794 «
771 1771 858 1797 Jhesu
882 1771 955 1796 Crist
973 1772 1097 1797 n’estent
1111 1778 1139 1796 sa
1156 1771 1322 1804 seigneurie
1338 1778 1365 1797 se
1378 1778 1439 1797 non
1454 1778 1490 1797 eu
1505 1770 1580 1796 chiel
1594 1772 1623 1796 et
1638 1778 1665 1796 es
1680 1778 1759 1796 ames
1773 1770 1822 1796 des
1836 1777 1992 1804 personnes
2008 1780 2032 1796 ».
2050 1770 2137 1796 Istam
2153 1769 2285 1803 proposi-

422 1821 536 1847 cionem
552 1821 693 1847 revocavit
708 1822 851 1854 tanquam
868 1820 968 1846 salsam
983 1822 1011 1846 et
1024 1828 1177 1846 erroneam
1193 1821 1220 1846 et
1235 1821 1336 1846 contra
1351 1820 1520 1846 dominium
1535 1820 1654 1846 Domini
1669 1819 1760 1846 nostri
1773 1820 1862 1846 Jhesu
1877 1819 1993 1845 Christi.

513 1880 526 1893 «
548 1871 631 1899 Item,
649 1878 706 1903 que
719 1878 782 1903 ung
795 1870 868 1895 clerc
883 1869 919 1895 ad
934 1877 964 1895 ce
977 1869 1049 1902 qu'il
1059 1869 1167 1902 jouisse
1181 1869 1217 1895 dc
1229 1868 1376 1903 priviliege
1391 1869 1426 1895 de
1441 1869 1515 1895 clerc
1529 1869 1611 1895 doibt
1625 1869 1705 1895 avoir
1719 1870 1839 1895 tonsure
1854 1870 1883 1895 et
1899 1868 2119 1897 confirmacion.
2135 1870 2164 1894 et
2180 1875 2288 1901 pource

423 1928 480 1953 que
494 1920 520 1944 la
536 1920 619 1945 lettre
634 1919 669 1945 de
682 1920 802 1944 tonsure
814 1917 933 1944 exhibeo
946 1926 982 1944 en
995 1919 1151 1951 jugement
1165 1926 1202 1944 ne
1218 1919 1311 1944 faisoit
1322 1918 1405 1952 point
1416 1918 1550 1944 mention
1563 1918 1599 1944 de
1609 1918 1829 1947 confirmadon,
1842 1918 1895 1944 elle
1907 1926 1943 1944 ne
1954 1918 2040 1943 valoit
2050 1918 2248 1943 aucunement
2259 1927 2284 1942 n.

424 1970 509 1994 Istam
526 1968 757 2002 proposicionem
774 1968 914 1993 revocavit
930 1969 1071 2001 tanquam
1089 1975 1149 1993 non
1164 1968 1237 1994 hene
1251 1968 1370 1996 dietam.
1387 1969 1477 2000 prout
1493 1967 1597 1993 dicunt
1613 1967 1717 1995 clerici,
1734 1968 1877 2000 tanquam
1892 1967 2003 1994 salsam.
2020 1974 2088 1992 cum
2101 1966 2140 1992 ita
2155 1966 2191 1992 sit
2205 1965 2285 2000 quod

426 2020 543 2043 tonsura
556 2019 584 2043 et
599 2016 797 2046 confirmacio,
814 2024 871 2050 que
888 2018 929 2042 est
946 2017 981 2042 {le
996 2017 1181 2042 sacramentis
1196 2017 1319 2045 ecclesie.
1337 2018 1406 2042 sunt
1424 2025 1467 2042 res
1485 2017 1630 2046 distincte,
1651 2016 1756 2042 scilicet
1774 2016 1854 2049 quod
1871 2024 1931 2042 una
1951 2017 2045 2049 potest
2064 2023 2122 2041 esse
2141 2015 2202 2041 sine
2220 2015 2284 2041 alia.

513 2077 526 2089 «
547 2067 630 2095 item.
648 2073 706 2099 que
718 2066 816 2091 Nostre
831 2066 971 2098 Seigneur
986 2066 1074 2091 Jhesu
1090 2066 1163 2091 Crist
1178 2066 1283 2091 n'avoit
1296 2066 1356 2091 rien
1368 2074 1404 2092 en
1418 2067 1475 2092 cest
1491 2066 1609 2095 monde,
1627 2073 1663 2091 ne
1676 2073 1717 2091 ses
1731 2066 1872 2099 disciplcs‚
1889 2066 1917 2091 et
1927 2073 1985 2098 que
1995 2065 2044 2098 luy
2058 2072 2093 2091 ne
2104 2072 2145 2091 ses
2155 2064 2286 2098 disciples

425 2116 569 2141 n'avoient
583 2123 698 2141 aucune
711 2115 795 2141 chose
807 2122 913 2147 propre
923 2114 959 2140 de
974 2113 1117 2147 temporel
1129 2114 1181 2147 qui
1194 2115 1436 2148 vaulsistjusques
1449 2113 1465 2141 a
1480 2123 1543 2147 ung
1553 2113 1599 2148 pie
1611 2114 1646 2140 de
1659 2116 1743 2143 terre,
1757 2116 1785 2140 et
1799 2122 1856 2148 que
1869 2114 1974 2147 icelluy
1987 2114 2075 2140 Jhesu
2089 2113 2163 2139 Crist
2174 2113 2288 2139 n'estoit

425 2165 507 2198 point
522 2172 571 2197 ro)¹
585 2172 621 2190 en
638 2165 695 2190 cest
710 2164 819 2189 monde
834 2174 858 2192 ι),
872 2165 900 2189 et
916 2164 1007 2196 allega
1021 2162 1037 2189 ἓι
1050 2171 1101 2189 son
1118 2172 1224 2197 propos
1238 2166 1359 2198 prnum
1380 2172 1466 2189 meum
1490 2172 1542 2189 non
1563 2165 1601 2190 est
1619 2164 1651 2189 de
1670 2164 1719 2189 hoc
1738 2163 1836 2189 mundo
1849 2163 1937 2198 (Joh.‚
1952 2171 2021 2192 xvn,
2038 2162 2093 2197 36).
2114 2163 2201 2188 Istam
2216 2170 2287 2197 pro-

424 2214 600 2247 posicionem
618 2213 769 2242 revocavit,
787 2213 961 2241 retractavit.
978 2213 1095 2238 cassavit
1109 2214 1138 2238 et
1153 2213 1314 2238 adnullavit
1329 2214 1484 2246 tamquam
1504 2213 1604 2238 salsam
1625 2214 1652 2239 et
1667 2214 1767 2238 contra
1786 2214 1920 2238 sanctum
1945 2212 2128 2245 evangelium
2147 2219 2179 2238 ac
2198 2219 2289 2238 sacras

425 2263 590 2296 scripturas.

515 2352 603 2383 ltem
637 2351 749 2383 eciam
782 2350 964 2383 revocavit
994 2349 1118 2394 plures
1150 2349 1238 2382 alias
1269 2350 1547 2394 proposiciones
1575 2356 1763 2382 contentas
1790 2350 1827 2382 in
1852 2361 2027 2394 processu
2053 2356 2176 2382 contra
2206 2360 2287 2381 eum

426 2418 517 2450 sacto
540 2424 731 2462 tangentes
759 2423 791 2449 et
814 2423 1079 2450 concernentes
1100 2416 1360 2461 juridicionem
1387 2423 1422 2449 et
1443 2428 1548 2449 usum
1574 2416 1730 2449 ecclesie
1757 2417 1894 2462 piarum
1917 2417 2055 2449 aurium
2078 2416 2288 2457 offensivas,

429 2491 460 2517 et
483 2491 658 2528 tamquam
681 2496 789 2517 verns
811 2483 907 2516 filius
931 2483 1085 2516 ecclesie
1107 2484 1262 2516 cassavit
1282 2490 1315 2516 et
1337 2483 1535 2516 adnullavit
1555 2496 1593 2516 ac
1615 2496 1679 2528 pro
1702 2483 1812 2517 nullis
1833 2490 1867 2516 et
1883 2496 1955 2516 non
1973 2484 2079 2516 dictis
2098 2483 2286 2528 reputavit.

516 2551 571 2583 Ad
608 2551 722 2583 dictas
763 2551 1013 2583 revocationes
1052 2550 1256 2583 faciendum
1293 2550 1580 2595 condempnatus
1614 2551 1680 2583 suit
1714 2563 1778 2595 per
1813 2551 2027 2583 sententiam
2066 2550 2287 2583 diffinitivam

429 2618 565 2649 domini
586 2618 815 2662 inquisitoris
836 2617 940 2650 latam
963 2617 999 2649 in
1022 2617 1209 2662 presencia
1232 2617 1461 2650 dominorum
1484 2617 1528 2650 (le
1550 2617 1661 2658 clero,
1684 2617 1741 2650 cui
1764 2618 1944 2651 sententie
1964 2617 2144 2662 acquievit
2163 2629 2229 2649 nec
2246 2616 2289 2649 ab

431 2696 468 2715 ca
491 2684 738 2728 appellavit....

519 2752 673 2795 Depost²
708 2763 794 2784 vero
830 2751 944 2784 dictas
985 2752 1205 2792 sentencias,
1247 2751 1517 2792 revocaciones,
1555 2751 1820 2796 promissiones
1861 2758 1895 2784 et
1927 2753 2131 2796 juramenta
2171 2750 2289 2783 dictus

432 2817 624 2849 advocatus
646 2818 746 2858 dixit,
769 2818 853 2850 fecit
873 2825 908 2850 et
928 2818 1138 2851 vociferavit
1158 2830 1197 2851 ea
1219 2830 1288 2863 que
1310 2825 1524 2863 sequuntur.

522 2885 561 2915 Et
592 2884 705 2927 primo
727 2884 804 2928 ipsc
833 2885 1026 2917 advocatus
1048 2885 1231 2929 loquendo
1255 2885 1298 2918 de
1325 2885 1470 2918 materia
1503 2886 1690 2930 cujusdam
1717 2886 1853 2919 detenti
1881 2886 1917 2918 in
1945 2885 2091 2918 materia
2119 2884 2203 2917 fidei
2229 2884 2290 2929 qui
