2502 3418
400 337 462 369 186
976 344 1296 366 CHARTULAMUM
1332 343 1519 364 UNivssns.
1559 343 1686 363 t‘AtttS.
2167 327 2265 363 [1410

399 421 432 453 S.
452 422 493 453 V.
514 421 739 458 decerneret,
759 419 994 452 conformiter
1014 419 1056 451 ad
1073 419 1136 463 jus
1157 430 1362 458 commune,
1383 417 1480 462 quod
1502 416 1625 449 nullus
1647 423 1839 449 extraneus
1861 415 2057 459 recipiatur
2077 414 2113 446 in
2136 426 2262 459 regne.

398 488 468 520 nisi
489 487 614 520 saltenl
636 487 672 519 in
693 487 805 519 altero
832 486 1035 519 studiorum
1058 485 1211 530 predicti
1235 485 1338 529 regni
1360 484 1557 529 graduatus
1579 484 1700 518 fuerit.
1725 482 1822 527 quod
1844 482 1911 514 etsi
1933 481 2065 526 aliquis
2091 493 2163 513 non
2184 493 2264 526 gra—

399 555 528 587 duatus
549 554 585 586 in
603 554 776 598 predictis
798 553 929 586 studiis
951 553 1158 597 recipiatur,
1177 552 1349 597 dignetur
1367 552 1400 583 S.
1419 553 1461 584 V.
1481 550 1683 583 concedere
1701 549 1797 594 quod
1818 548 2002 593 magistris
2023 548 2264 593 infrascriptis

397 622 432 653 in
456 621 591 653 nichilo
613 627 779 659 noceant,
798 621 901 653 etiam
925 621 1177 664 cujuscunque
1199 626 1326 658 status,
1346 618 1481 663 gradus
1503 624 1563 650 aut
1582 616 1812 649 condicionis
1834 627 1898 648 seu
1920 614 2173 648 familiaritatis
2190 615 2264 648 exi-

397 695 503 721 stant.
521 709 565 713 ——
586 688 774 721 Provisum
798 694 833 720 et
853 686 1088 719 sufficienter.
1114 688 1179 727 [R]

486 757 573 788 Item
596 755 692 800 quod
724 754 887 799 magistri
918 766 1010 798 quos
1039 753 1267 786 Universitas
1295 759 1436 797 reputat
1466 758 1675 797 presentes,
1702 749 1872 782 omnibus
1901 749 2115 782 absentibus
2147 750 2265 794 prefe-

395 830 530 855 rantur.
548 843 591 847 —
613 823 688 854 Fiat
709 828 746 854 ut
767 821 911 866 petitur.
937 822 962 852 Β
970 847 1047 852 ......

485 891 570 922 Item
593 901 672 921 cum
695 889 731 920 in
754 887 942 920 nonnullis
964 887 1126 932 partibus
1143 888 1215 931 jam
1238 886 1431 919 inoleverit
1451 885 1693 925 consuetudo,
1715 896 1834 929 ymmo
1857 884 1977 929 potius
1999 883 2135 916 abusus
2156 883 2264 916 intol-

395 957 570 996 lerabilis,
590 956 687 1000 quod
704 955 802 987 scole
820 955 935 999 magis
953 954 1064 994 danti,
1083 954 1167 986 lieet
1183 961 1301 986 tamen
1322 953 1519 998 ignoranti,
1539 952 1803 985 distribuantur
1826 951 1882 984 vel
1904 951 2025 996 potius
2046 950 2261 991 vendantur,

394 1024 430 1056 in
458 1035 567 1068 grave
595 1023 786 1066 dampnum
815 1021 993 1061 doctrine,
1015 1021 1191 1065 juvenum
1220 1027 1254 1053 et
1284 1019 1485 1065 reipublice
1513 1032 1552 1052 ac
1582 1019 1693 1052 totius
1721 1018 1877 1051 ecclesie
1906 1017 2059 1062 pollitie,
2091 1017 2264 1062 dignetur

394 1091 428 1123 S.
446 1092 488 1123 V.
509 1089 576 1122 tale
598 1089 798 1121 remedium
819 1100 1015 1133 apponere,
1035 1088 1132 1132 quod
1154 1100 1226 1120 non
1247 1088 1294 1120 ita
1316 1086 1595 1124 distribuantur,
1613 1086 1679 1119 sed
1700 1085 1923 1130 pauperibus
1946 1084 2129 1129 magistris
2146 1084 2264 1117 scien-

395 1157 500 1190 tificis
523 1168 619 1189 mere
641 1156 753 1200 gratis
775 1156 1019 1188 conferantur.
1036 1177 1081 1183 —
1101 1156 1273 1188 Servetur
1288 1155 1350 1199 jus
1372 1166 1575 1186 commune.
1598 1155 1637 1185 B.

484 1225 569 1256 ltem
597 1235 676 1255 cum
707 1223 743 1255 in
770 1222 1027 1267 prosecutione
1057 1222 1202 1255 unionis
1230 1228 1352 1254 sancte
1381 1221 1504 1254 matris
1535 1220 1690 1253 ecclesie
1717 1219 1879 1265 predicte
1906 1219 2133 1252 Universitas
2167 1218 2264 1251 Pari-

393 1291 527 1324 siensis
553 1297 588 1322 et
613 1291 691 1333 ejus
713 1290 901 1334 supposita
923 1289 1053 1322 multas
1075 1301 1252 1334 expensas
1273 1289 1309 1321 in
1331 1287 1584 1332 solempnibus
1609 1294 1644 1320 et
1667 1286 1921 1331 frequentibus
1942 1285 2149 1318 ambasiatis
2169 1286 2264 1318 fece-

394 1359 463 1390 rint
493 1364 528 1390 et
557 1357 811 1397 sustinuerint,
841 1356 1013 1401 dignetur
1035 1357 1068 1389 S.
1094 1357 1137 1389 V.
1170 1356 1330 1401 precium
1363 1367 1479 1400 nuper
1503 1367 1567 1400 pro
1598 1354 1709 1387 bullis
1740 1353 1832 1387 solvi
1864 1353 2010 1386 solitum
2041 1365 2059 1385 a
2089 1352 2263 1397 predictis

394 1424 584 1457 levandum
605 1424 808 1456 diminuere
825 1435 942 1468 usque
958 1423 1001 1456 ad
1019 1435 1193 1456 summam
1212 1429 1366 1467 quatuor
1383 1429 1567 1455 scutorum
1586 1421 1641 1454 vel
1664 1421 1783 1453 minus
1800 1421 2018 1453 francorum.
2033 1440 2077 1444 -
2093 1420 2264 1452 Servetur

393 1491 622 1524 consuetudo
644 1491 802 1535 antiqua.
826 1491 865 1522 B.

482 1560 570 1590 Item
588 1558 759 1603 dignetur
778 1557 934 1598 E[adem]
954 1557 1156 1598 S[anctitas]
1173 1557 1256 1590 illos
1274 1557 1389 1590 solum
1410 1563 1575 1601 reputare
1593 1557 1629 1588 in
1647 1555 1808 1600 presenti
1825 1554 1945 1587 rotulo
1963 1560 2153 1599 presentes
2170 1565 2262 1598 quos

393 1625 619 1658 Universitas
636 1625 872 1657 conformiter
892 1625 934 1657 ad
957 1636 1042 1657 suas
1063 1625 1344 1657 constitutiones
1367 1631 1557 1669 presentes
1579 1623 1769 1668 reputavit.
1787 1622 1919 1654 —Fiat
1934 1628 1973 1654 ut
1988 1621 2135 1666 petitur.
2151 1622 2190 1653 Β.

483 1694 567 1724 ltem
591 1704 671 1724 eum
693 1691 861 1724 nonnulli
889 1692 1053 1735 magistri
1084 1692 1120 1724 in
1149 1692 1245 1725 dicto
1274 1691 1392 1724 rotulo
1419 1691 1578 1724 contenti
1607 1690 1756 1736 gradus,
1786 1701 1878 1734 quos
1907 1695 1989 1734 post
2017 1688 2123 1721 istius
2154 1687 2262 1720 rotuli

391 1759 668 1800 confectionem,
687 1766 768 1791 ante
789 1765 908 1791 tamen
926 1759 960 1791 S.
978 1760 1021 1792 V.
1040 1759 1083 1791 ad
1101 1759 1232 1791 summi
1253 1758 1477 1803 apostolatus
1499 1758 1634 1803 apicem
1658 1757 1958 1802 assumptionem,
1976 1755 2260 1800 acquisiverunt,

392 1827 428 1858 in
459 1826 536 1859 suis
567 1825 897 1870 supplicationibus
932 1838 1005 1858 non
1042 1833 1260 1870 posuerunt,
1290 1826 1462 1870 dignetur
1491 1827 1530 1857 E.
1563 1826 1596 1858 S.
1630 1824 1727 1869 quod
1758 1824 1793 1856 in
1824 1823 2052 1856 confectione
2082 1822 2261 1855 bullarum

391 1893 555 1925 defectus
576 1892 787 1936 hujusmodi
809 1892 1060 1937 suppleantur.
1078 1913 1122 1917 —
1143 1893 1219 1925 Fiat
1239 1899 1275 1925 ut
1298 1893 1443 1937 petitur.
1468 1893 1507 1924 Β.

483 1961 568 1992 ltem
592 1971 670 1992 cum
694 1959 818 2004 plures
841 1959 1003 2004 magistri
1026 1960 1120 1992 dicte
1139 1959 1395 1993 Universitatis
1416 1965 1566 2004 propter
1583 1970 1706 1991 eorum
1731 1965 1815 1990 tunc
1837 1957 2035 1990 absentiam
2054 1963 2089 1989 et
2108 1955 2181 1997 alii,
2200 1956 2261 2001 qui

392 2033 474 2071 post
493 2026 756 2059 confectionem
784 2025 893 2058 rotuli
919 2027 990 2070 jam
1015 2033 1136 2059 vestre
1164 2026 1379 2059 beatitudini
1407 2026 1604 2071 presentati
1634 2037 1721 2058 suos
1749 2025 1885 2069 gradus
1910 2023 2196 2068 acquisiverunt,
2224 2023 2261 2055 in

392 2094 487 2126 dicto
515 2092 634 2125 rotulo
663 2104 735 2125 non
762 2093 908 2125 fuerunt
937 2093 1117 2138 inscripti,
1143 2094 1278 2138 prefata
1304 2093 1531 2126 Universitas
1561 2105 1668 2125 unum
1699 2104 1846 2136 parvum
1876 2090 2052 2124 rotulun1³
2082 2102 2125 2122 ex
2154 2096 2189 2122 et
2216 2089 2260 2122 de

392 2159 524 2192 talibus
546 2159 715 2204 personis
737 2160 939 2192 confectum
963 2160 1125 2192 intendat
1147 2161 1186 2192 E.
1211 2160 1245 2192 S.
1269 2160 1471 2204 presentari
1490 2160 1620 2197 facere,
1645 2159 1817 2204 dignetur
1839 2159 1877 2190 E.
1898 2159 1932 2191 S.
1956 2157 2111 2190 rotulum
2135 2156 2261 2201 hujus-

392 2227 489 2259 modi
512 2226 579 2259 sub
602 2226 679 2258 data
702 2233 737 2258 et
764 2226 1006 2270 prerogativis
1035 2227 1168 2271 prioris
1197 2227 1306 2260 rotuli
1336 2239 1442 2259 manu
1470 2233 1589 2259 vestra
1618 2226 1826 2259 beatissima
1848 2226 1994 2270 signare
2019 2236 2059 2257 ac
2085 2224 2204 2268 ipsum
2226 2230 2261 2256 et

391 2294 528 2326 litteras
550 2292 767 2337 apostolicas
796 2305 906 2338 super
927 2293 994 2326 hoc
1020 2293 1098 2326 fieri
1127 2300 1346 2338 oportunum
1369 2294 1531 2338 expediri
1559 2293 1728 2326 mandare
1831 2299 1937 2337 atque
1965 2290 2092 2324 ambos
2120 2289 2260 2323 rotulos

392 2372 455 2405 pro
478 2360 604 2392 eodem
627 2366 794 2404 reputare
816 2366 851 2392 et
871 2360 1082 2393 decernere.
1100 2381 1143 2385 -—
1164 2361 1240 2393 Fiat
1261 2367 1297 2393 ut
1319 2361 1464 2405 petitur.
1489 2362 1527 2393 Β.

481 2428 566 2459 Item
589 2426 673 2459 illos
694 2427 890 2471 magistros
911 2427 947 2459 in
969 2427 1088 2459 rotulo
1106 2427 1361 2460 Universitatis
1383 2427 1544 2472 predicte
1566 2427 1722 2471 scriptos
1744 2427 1805 2471 qui
1827 2438 1890 2471 per
1913 2425 2099 2458 maximam
2122 2430 2257 2469 partem

391 2494 565 2526 ordinarii
588 2493 671 2525 anni
694 2494 876 2538 presentis
898 2494 1058 2526 Parisius
1079 2506 1213 2527 moram
1237 2501 1423 2527 traxerunt
1444 2501 1477 2527 et
1498 2506 1570 2526 non
1592 2494 1696 2534 alios,
1715 2493 1952 2526 conformiter
1972 2492 2015 2525 ad
2036 2491 2153 2536 ipsius
2171 2490 2258 2524 Uni-

390 2561 571 2594 versitatis
593 2560 845 2599 intentionem,
865 2562 903 2592 F..
928 2562 961 2593 S.
980 2562 1022 2594 V.
1046 2568 1237 2605 presentes
1259 2568 1425 2606 reputare
1446 2561 1629 2606 dignetur.
1647 2581 1690 2584 ——
1712 2561 1787 2593 Fiat
1808 2567 1846 2593 ut
1865 2559 2010 2605 petitur.
2034 2560 2074 2592 Β.

479 2628 566 2659 ltem
588 2627 669 2671 quia
696 2633 844 2671 propter
865 2627 1036 2660 itinerum
1065 2628 1275 2661 discrimina
1303 2635 1338 2661 et
1367 2628 1572 2660 distantiam
1602 2627 1690 2660 adeo
1721 2627 1935 2672 plerumque
1965 2625 2161 2670 fatigantur
2187 2623 2258 2656 liti-

390 2700 528 2737 gantes,
554 2693 650 2737 quod
673 2700 707 2725 et
732 2694 793 2737 qui
813 2700 936 2726 contra
953 2694 1130 2738 justitiam
1158 2707 1197 2727 se
1223 2695 1260 2727 in
1281 2694 1470 2727 beneficiis
1491 2695 1719 2727 intruserunt
1739 2694 1902 2738 ipsorum
1926 2697 2112 2725 remanent
2132 2691 2257 2724 deten-

390 2767 500 2800 tores,
523 2766 554 2791 et
578 2759 710 2803 quibus
732 2761 905 2793 canonice
929 2761 1171 2805 pertinebant,
1190 2761 1236 2794 ob
1257 2762 1434 2807 premissa
1456 2773 1555 2794 suam
1573 2761 1749 2805 justitiam
1774 2759 1947 2805 prosequi
1969 2770 2042 2791 non
2058 2757 2190 2798 valent,
2212 2756 2256 2790 ab

388 2826 524 2859 eisdem
548 2833 733 2859 remanent
761 2827 911 2868 exclusi,
940 2828 1112 2873 dignetur
1134 2830 1172 2861 Ε.
1204 2830 1238 2861 S.
1264 2829 1361 2873 quod
1391 2828 1555 2873 magistri
1586 2828 1621 2860 in
1650 2828 1746 2860 dicto
1774 2826 1892 2859 rotulo
1920 2825 2086 2870 inscripti
2116 2824 2255 2857 ratione

388 2893 647 2925 beneficiorum
676 2900 772 2926 extra
801 2906 924 2927 muros
953 2895 1179 2928 parisienses
1208 2902 1276 2928 tam
1303 2895 1446 2941 agendo
1475 2907 1579 2940 quam
1610 2894 1841 2927 defendendo
1868 2905 1941 2925 non
1964 2892 2162 2932 trahantur,
2189 2891 2254 2924 sed

511 2952 549 2973 Ἧι.
