2502 3418
415 327 480 360 296
762 355 767 360 .
986 337 1307 360 CHARTULARIUM
1343 338 1534 360 UNtvsas.
1571 338 1701 360 rAnts.
2185 324 2285 361 [1415

508 410 532 435 1.
550 411 655 435 Oblitus
670 414 711 435 est
725 414 866 443 utcumque
881 411 940 435 Joh.
962 411 1072 444 Gerson,
1089 415 1118 434 ut
1136 411 1249 442 videtur,
1269 412 1331 443 quid
1348 415 1439 435 contra
1454 411 1571 443 ejusdem
1588 411 1756 443 tyrannidem
1778 419 1820 434 an.
1836 411 1906 439 1405,
1924 404 2052 435 Novem'b.
2068 412 2090 440 7,
2106 410 2164 442 ipse
2176 419 2286 442 perora-

415 456 492 487 verit.
508 469 537 489 ἡ
551 455 575 480 2.
592 456 733 487 Sequentia
748 456 834 479 solum
850 456 876 479 in
892 456 1000 488 Collect.
1016 456 1121 479 Martini
1135 456 1215 479 Poree
1228 456 1306 485 (Bibl.
1319 459 1371 479 nat.
1387 456 1482 485 Paris„
1499 464 1547 479 ms.
1562 456 1609 479 lat.
1624 456 1710 487 1485¹‚
1724 456 1770 480 rol.
1784 455 1835 484 ‘27¹2)
1850 458 1879 478 ut
1893 455 1962 478 dicta
1976 463 1991 478 a
2006 455 2123 479 Gersone
2135 456 2287 479 referuntur

417 510 428 523 «
445 500 471 523 in
487 499 579 531 vigilia
594 500 743 532 epyphanie
760 500 786 524 in
804 501 868 524 eccl.
886 501 971 524 Paris.
987 508 1076 524 coram
1092 505 1168 524 rev¹¹¹⁰
1181 500 1207 523 in
1223 500 1328 524 Christo
1344 504 1420 531 patre
1435 500 1570 523 cardinale
1589 500 1685 523 Pisano
1700 500 1850 523 celebrante
1872 499 1994 531 exequias
2013 499 2087 523 ducis
2103 499 2284 523 Aurelianens.

416 553 459 569 an.
475 553 508 568 xv
523 553 546 575 ³),
559 548 620 576 post
632 545 746 568 similem
762 553 805 568 an.
821 545 890 573 1414,
906 545 1025 568 Decemb.
1042 546 1066 574 4,
1082 545 1213 576 prolatam
1228 545 1384 568 sententiam
1398 544 1460 574 (vid.
1477 548 1506 567 n⁰
1518 545 1599 574 2033).

417 724 561 761 2037.
583 733 728 760 lohannes
748 734 848 759 XXIII
867 733 1043 759 cancellario
1068 736 1096 758 et
1118 732 1228 759 decano
1250 732 1406 767 facultatis
1431 732 1517 759 theol.
1545 732 1746 758 Universitatis
1768 733 1875 766 Paris,
1895 736 1926 758 ut
1951 734 2066 759 Yvonem
2090 733 2186 767 Eveni,
2216 733 2284 760 ord.

504 782 619 816 Praed.‚
636 791 689 818 per
705 782 867 818 Capitulum
885 781 1020 816 generale
1035 783 1148 807 Januae
1164 782 1339 808 celebratum
1356 781 1397 807 ad
1412 781 1551 816 legendas
1567 781 1693 807 Parisiis
1710 781 1875 807 Sententias
1893 781 2085 816 designatum,
2104 782 2133 808 in
2151 782 2287 808 secundis

504 831 611 857 scholis
626 831 727 857 domus
746 831 852 857 Praed.
874 831 999 856 Parisiis
1019 830 1060 856 ad
1078 830 1217 857 lecturam
1235 831 1447 856 Sententiarum
1468 830 1634 857 admittant.
1657 831 1722 856 Dat.
1746 831 1933 857 Constantine
1952 831 2077 864 septimo
2099 831 2157 858 kal.
2180 831 2283 866 Martii,

500 888 585 907 ,anno
598 880 714 914 quinto.
733 890 746 904 «
763 879 822 905 Viri
837 888 914 906 sacre
929 880 1059 906 lectionis
1074 890 1098 906 ».
1886 904 1891 905 t

1528 916 1600 945 1415,
1617 915 1751 942 Februarii
1762 916 1806 945 23,
1822 916 1998 942 Constantine.

511 1004 574 1034 Reg.
591 990 712 1026 Lateran.
734 1002 862 1026 Johannis
879 1002 968 1031 XXIII,
987 1007 1016 1025 n⁰
1039 1003 1088 1031 176,
1111 1003 1156 1028 sol.
1173 1002 1238 1026 1151).
1258 1003 1369 1032 Rirou,
1389 1004 1466 1028 Bull.
1485 1003 1550 1028 Ord.
1564 1004 1678 1032 Praed„
1699 1004 1732 1034 n,
1753 1005 1808 1032 526,
1824 1008 1853 1027 n⁰
1874 1005 1912 1028 38.
1933 1017 1960 1022 --
1977 1004 2006 1027 In
2025 1004 2100 1027 bulla
2114 1012 2185 1036 papa
2201 1004 2283 1028 dicit:

414 1035 429 1071 ⁹«
443 1047 469 1071 in
491 1051 619 1071 conventu
635 1048 738 1078 prefato
754 1047 884 1078 duplices,
900 1053 1004 1077 magne
1018 1047 1141 1070 videlicet
1160 1050 1185 1070 et
1199 1054 1284 1078 parve
1304 1056 1349 1071 seu
1368 1049 1492 1072 secunde
1514 1048 1656 1079 appellate,
1680 1047 1751 1071 scole
1772 1037 1896 1078 existunt,
1912 1056 1960 1079 per
1981 1049 2076 1072 fratres
2096 1057 2199 1080 quoque
2212 1049 2287 1080 juxta

417 1093 529 1124 quedam
544 1092 743 1115 constitutiones
759 1094 784 1114 et
799 1094 897 1114 statuta
913 1099 992 1122 super
1007 1091 1055 1115 hoc
1066 1092 1136 1115 edita
1152 1100 1181 1114 ac
1197 1092 1323 1115 hactenus
1339 1092 1479 1115 observata
1494 1100 1525 1115 ex
1543 1092 1670 1116 fratribus
1686 1093 1753 1124 ipsis
1771 1101 1838 1116 unus
1854 1093 2000 1122 dumtaxat,
2016 1093 2168 1116 ordinarius
2185 1101 2286 1117 nuncu-

416 1139 496 1168 patur
510 1138 546 1166 (et
560 1136 601 1159 cui
617 1135 675 1167 ipse
690 1135 760 1158 scole
773 1144 867 1166 magne
884 1144 933 1167 pro
947 1138 1066 1167 tempore
1088 1136 1261 1167 assignantur
1282 1145 1331 1167 pro
1353 1137 1454 1160 lectura
1475 1136 1537 1160 libri
1553 1136 1665 1169 prefati;
1681 1137 1733 1160 nisi
1749 1137 1894 1168 apostolice
1911 1137 1980 1161 sedis
1996 1137 2118 1169 cuiquam
2137 1137 2288 1169 specialiter

414 1189 496 1212 super
509 1181 559 1204 hoc
570 1180 715 1212 opituletur
727 1180 946 1210 amminiculum),
958 1188 1027 1204 anno
1043 1181 1161 1212 quolibet
1171 1181 1246 1212 vebis
1259 1181 1320 1213 (Le.
1337 1181 1495 1212 cancellario
1511 1184 1537 1204 et
1549 1182 1657 1211 decano)
1670 1182 1819 1213 presentari
1834 1182 1972 1206 consuevit
1986 1190 2016 1205 ac
2031 1181 2110 1205 etiam
2126 1182 2249 1214 deputari
2263 1190 2286 1208 n.

418 1360 561 1397 2038.
584 1369 728 1395 lohannes
750 1370 850 1395 XXIII
865 1369 1041 1395 cancellario
1064 1373 1092 1396 et
1113 1370 1222 1396 decano
1238 1369 1394 1405 facultatis
1414 1369 1499 1396 theol.
1527 1370 1728 1396 Universitatis
1747 1370 1840 1396 studii
1854 1370 1951 1397 Paris.
1970 1370 2102 1405 injungit,
2121 1374 2152 1397 ut
2164 1370 2290 1397 Iohanni
2323 1363 2327 1366 ¹

512 1418 617 1454 Vulpis,
644 1418 710 1445 ord.
736 1418 852 1453 Praed.,
877 1419 926 1454 qui
947 1418 1015 1445 bina
1041 1419 1097 1445 vice
1114 1419 1150 1453 ,in
1179 1419 1369 1447 Universitate
1384 1419 1481 1446 Paris.
1501 1419 1620 1456 publice
1640 1419 1763 1445 erudivit
1785 1423 1813 1445 et
1826 1419 1938 1456 pluries
1954 1418 2148 1456 praedicavit,
2165 1421 2288 1447 minores

506 1467 621 1493 scholas
637 1467 737 1493 domus
752 1467 858 1494 Praed.
876 1468 1002 1493 Parisiis
1018 1468 1058 1493 ad
1080 1468 1219 1503 legendas
1237 1469 1402 1495 Sententias
1419 1468 1578 1503 assignent.
1602 1468 1668 1496 Dat.
1688 1468 1856 1495 Constantie
1874 1470 1980 1502 quarto
1998 1476 2067 1495 non.
2088 1469 2192 1499 Martii,
2209 1477 2289 1496 anuo

506 1517 621 1550 quinto.
640 1527 654 1541 (ι
670 1516 729 1542 Viri
744 1524 821 1543 sacre
834 1517 965 1543 lectionis
981 1527 1006 1543 »⁴

1602 1553 1673 1583 1475,
1688 1554 1776 1579 Martii
1788 1554 1812 1583 4,
1829 1554 2002 1580 Constantine.

511 1640 572 1671 Reg.
590 1640 711 1663 Lateran.
731 1640 859 1663 Johannis
882 1640 973 1670 XXIII,
997 1644 1026 1663 n⁰
1045 1640 1098 1669 176,
1123 1640 1168 1664 sol.
1190 1640 1257 1664 113¹2.
1278 1654 1309 1658 —
1329 1641 1363 1664 Ut
1382 1640 1481 1664 ibidem
1503 1640 1650 1664 scribitur:
1667 1640 1694 1664 in
1715 1641 1792 1664 domo
1815 1640 1924 1664 Parisiis
1946 1649 1958 1664 α
1974 1640 2024 1664 due
2047 1640 2117 1664 scole
2140 1641 2288 1673 theologice

417 1684 550 1708 facultatis
567 1684 724 1713 consistunt,
738 1684 764 1707 in
775 1693 886 1716 quarum
903 1693 963 1713 una,
981 1685 1061 1709 videl,
1077 1685 1182 1716 majori,
1198 1693 1245 1716 per
1261 1685 1386 1709 Ordinem
1398 1685 1496 1717 ipsum,
1508 1688 1533 1709 et
1548 1685 1601 1709 alia
1614 1685 1694 1709 scolis
1710 1685 1806 1709 minori
1821 1685 1978 1709 auctoritate
1991 1685 2137 1717 apostolica
2150 1685 2181 1709 de
2196 1686 2284 1710 bucal-

416 1729 483 1752 lario
497 1737 544 1760 pro
556 1729 656 1752 lectura
671 1729 802 1752 librorum
818 1730 1012 1753 Sententiarum
1024 1729 1159 1761 provideri
1175 1729 1312 1753 consuevit
1325 1738 1347 1754 ».

414 1909 562 1946 2039.
591 1918 765 1946 Universitas
780 1918 875 1947 Paris.
890 1919 1064 1954 papetarios
1078 1918 1114 1945 de
1128 1919 1271 1945 consortio
1279 1919 1445 1954 juratorum
1463 1919 1555 1955 ipsius
1566 1927 1629 1945 esse
1641 1918 1783 1952 declarat,
1800 1918 1964 1953 eisdemque
1976 1918 2138 1953 privilegiis
2153 1927 2188 1944 ac
2203 1917 2289 1944 liber·-

507 1967 616 1993 tatibus
630 1967 699 2001 frui,
717 1975 767 1993 nec
779 1976 832 2003 per·
847 1971 998 1994 exactores
1013 1971 1066 1993 aut
1078 1968 1226 2002 firmarios
1242 1977 1444 2003 quoscumque,
1458 1967 1571 1994 ratione
1584 1967 1691 1994 venditi
1701 1971 1754 1993 aut
1768 1967 1856 2003 empti
1869 1967 1983 2003 papyri,
2004 1966 2154 1997 molestari
2171 1967 2287 1996 debere.

1646 2057 1718 2086 1415,
1735 2057 1823 2082 Martii
1837 2057 1870 2086 11,
1885 2056 2000 2082 Parisiis.

510 2144 701 2177 Universis
726 2143 851 2177 harum
880 2144 1011 2177 seriem
1037 2143 1238 2177 litterarum
1260 2144 1482 2189 inspecturis
1512 2151 1632 2177 rector
1657 2151 1692 2177 et
1717 2144 1945 2178 Universitas
1971 2134 2231 2189 magistrorum
2254 2150 2290 2198 et

420 2210 613 2244 scolarium
632 2211 792 2244 Parisius
814 2211 1050 2251 studentium,
1074 2210 1224 2243 salutem
1247 2211 1284 2243 in
1304 2211 1379 2244 filio
1405 2211 1570 2256 Virginis
1591 2196 1755 2254 gloriose
1781 2217 1815 2244 et
1841 2210 2076 2256 presentibus
2101 2205 2288 2244 indubiam

420 2277 504 2310 dare
526 2277 646 2310 fidem.
674 2278 805 2310 Notum
828 2278 979 2310 facimus
1000 2277 1098 2322 quod
1121 2278 1158 2309 in
1179 2284 1302 2310 nostra
1323 2277 1487 2322 generali
1512 2278 1799 2323 congregatione
1820 2277 1915 2322 apud
1942 2278 2112 2311 Sanctum
2134 2278 2290 2311 Bernar-

414 2344 504 2377 dum
527 2344 687 2377 Parisius
709 2344 922 2377 solemniter
942 2343 1121 2377 celebrata
1141 2344 1385 2389 personaliter
1405 2344 1593 2377 constituti
1615 2344 1758 2389 providi
1784 2351 1819 2377 et
1843 2344 1990 2377 honesti
2009 2344 2078 2378 viri
2100 2343 2289 2378 Bartholoa-

420 2422 524 2444 meus
546 2412 694 2452 Recent,
723 2412 853 2444 Petrus
878 2410 912 2443 le
941 2411 1087 2453 Canius,
1113 2411 1213 2444 cives
1240 2412 1458 2453 Trecenses,
1480 2410 1639 2444 Jacobus
1668 2411 1712 2444 de
1738 2411 1771 2444 la
1796 2411 1966 2456 Chenaye
1994 2411 2113 2444 dictus
2141 2412 2287 2456 Layrre,

414 2464 604 2511 [Johannes
626 2477 806 2522 Deligaut,
830 2477 1008 2510 Martinus
1029 2477 1172 2510 Mousle
1194 2484 1230 2510 et
1251 2477 1435 2511 Johannes
1457 2477 1661 2519 Carnificis,
1691 2478 1852 2511 Parisius
1877 2484 2157 2519 commorantes,
2180 2489 2289 2523 pape-

415 2543 499 2575 rtarii
521 2550 555 2576 et
580 2543 623 2576 de
649 2544 864 2576 mercaturis
887 2544 1011 2589 papyri
1033 2555 1072 2577 se
1093 2544 1391 2585 intromittentes,
1414 2544 1521 2577 nobis
1547 2545 1583 2577 in
1610 2544 1755 2589 publica
1778 2544 1961 2577 audientia
1986 2550 2234 2589 exposuerunt
2254 2550 2290 2577 et

415 2610 553 2654 {exponi
578 2611 755 2652 fecerunt,
783 2611 893 2655 quod,
921 2610 1007 2644 licet
1030 2611 1107 2656 'ipsi
1129 2617 1164 2644 et
1189 2611 1246 2644 sui
1271 2611 1556 2656 predecessores
1583 2623 1730 2656 semper
1749 2611 1886 2644 suerint
1911 2618 1947 2644 et
1969 2611 2042 2644 si'nt
2065 2611 2110 2643 de
2135 2622 2289 2644 numero

421 2677 694 2720 suppositorum
716 2684 938 2719 nostrorum,
962 2678 1153 2723 presertim
1175 2690 1193 2711 a
1215 2678 1402 2723 sexaginta
1425 2678 1531 2716 annis
1553 2684 1587 2711 et
1607 2678 1708 2719 citra,
1731 2690 1749 2711 a
1771 2690 1843 2723 quo
1864 2684 2026 2723 tempore
2049 2677 2155 2725 etiam
2177 2677 2289 2722 privi-

422 2741 529 2786 legiis
550 2749 585 2775 et
604 2743 756 2793 indultis
781 2750 849 2776 tam
869 2744 1061 2794 papalibus
1082 2757 1187 2790 quam
1209 2744 1395 2789 regalibus
1421 2744 1528 2777 nobis
1554 2745 1755 2785 concessis,
1785 2745 1822 2777 in
1847 2744 1915 2777 hoc
1942 2744 2092 2776 Francie
2114 2755 2229 2789 regno
2250 2743 2288 2776 in

422 2808 566 2841 duobus
587 2809 678 2842 locis
700 2810 892 2851 dumtaxat,
914 2811 1086 2844 videlicet
1105 2811 1201 2856 apud
1222 2813 1355 2844 Trecas
1376 2818 1411 2844 et
1432 2812 1609 2844 Essonem
1633 2811 1792 2844 diocesis
1814 2810 2045 2852 Parisiensis,
2070 2810 2107 2842 in
2126 2811 2287 2843 savorem

423 2865 462 2907 et·
476 2866 663 2908 utilitatem
689 2865 804 2909 nostri
830 2877 942 2911 studii
968 2868 1003 2911 et
1029 2878 1303 2923 suppositorum
1324 2885 1535 2914 nostrorum
1561 2878 1749 2923 papetarii,
1772 2871 1981 2914 molendina
2002 2883 2037 2910 et
2058 2870 2289 2915 *ali'a'irjtstrur

2480 1199 2502 1350 asa-«A
2477 1123 2502 1186 ‘si-50³4.
2492 1102 2498 1109 ’κ
2500 1004 2502 1006 ,
2496 957 2502 968 .,
2496 936 2498 938 «
