2502 3418
425 336 490 369 330
1002 344 1322 367 CHARTULARIUM
1357 343 1556 366 umvsns..
1590 343 1719 365 mnis.
2196 330 2293 367 [1417

426 461 571 498 2083.
597 470 717 496 Carolus
738 471 775 496 111
795 470 856 495 suis
873 470 977 496 litteris
998 470 1100 496 inserit
1121 469 1262 506 epistolas
1285 468 1413 504 Philippi
1438 469 1483 494 IV
1501 469 1657 502 (Chartu1.,
1674 469 1708 499 11,
1725 474 1758 494 no
1774 468 1837 503 625)
1857 472 1885 494 et
1908 468 2004 494 Caroli
2031 469 2226 503 V(Chartu1.,
2247 469 2295 499 111,

513 525 546 546 n⁰
565 519 652 554 1247),
670 519 705 545 de
720 519 875 553 sexaginta
892 518 974 544 libris
990 518 1080 544 annui
1095 518 1226 544 redditus
1241 517 1281 543 ad
1299 526 1368 543 usus
1389 517 1474 542 trium
1491 516 1708 552 capellanorum
1730 516 1938 543 Universitatis.
1961 516 2082 543 Carolus
2098 518 2136 544 VI
2146 519 2297 552 confirmat

514 568 723 594 ordinationem
739 569 786 593 sui
797 568 894 604 patris
911 571 941 593 ut
955 567 1086 593 redditus
1101 575 1214 592 annuus
1228 567 1262 594 60
1270 566 1335 592 libr.
1349 574 1363 591 e
1379 565 1542 591 redditibus
1557 565 1706 591 castelleti
1719 569 1859 599 sumatur,
1874 569 1901 591 et
1914 565 2043 591 solvatur
2055 575 2107 602 per
2121 575 2223 592 manus
2239 567 2296 599 offi-

515 617 668 642 ciat-iorum
692 625 742 642 seu
765 620 941 652 receptorum
958 615 1208 642 emolumentorum
1228 614 1386 640 Castelleti.
1410 612 1514 640 Donne
1534 612 1551 640 ὲ
1571 614 1649 640 Paris
1668 615 1694 640 le
1713 620 1761 640 xvfl
1773 614 1843 648 jour
1855 615 1891 641 de
1906 614 2075 648 Septembre
2090 615 2148 641 l’an
2164 615 2201 641 de
2215 622 2298 649 grace

515 666 568 692 mil
583 666 673 692 CCCC
688 668 717 692 et
735 666 873 699 dix-sept,
896 667 924 692 et
938 665 974 691 de
989 666 1086 691 nostre
1100 672 1189 697 regne
1208 665 1234 690 le
1248 663 1366 697 xxxvijss.
1388 673 1402 687 «
1425 663 1543 689 Charles
1607 663 1631 689 Α
1650 664 1716 689 tous
1738 663 1821 690 ceulx
1841 673 1867 690 u.
1890 664 1950 689 Par
1966 663 1992 689 le
2007 672 2057 699 roy
2073 663 2099 690 le
2118 666 2294 698 confes-seur,

514 715 632 740 messire
648 715 751 740 Guerin
766 714 801 740 de
816 714 913 739 Lorris
929 717 957 739 et
972 717 1070 739 autres
1083 721 1213 749 presens.
1413 711 1438 737 J.
1455 712 1491 738 de
1506 711 1669 738 Wsrrouo.

1613 793 1681 821 1417,
1697 792 1825 825 Septemb.
1844 793 1881 822 15,
1896 793 2010 819 Parisiis.

517 883 652 914 Originale
666 882 691 905 in
705 882 783 906 Arch.
799 885 852 905 nat.
875 881 969 910 Paris„
989 881 1010 904 K
1026 882 1063 908 59,
1083 885 1112 904 n⁰
1133 880 1193 903 18b¹⁸
1213 879 1286 910 (olim
1309 879 1336 903 C.
1353 881 1376 903 6.
1394 881 1426 909 c).
1443 893 1470 898 —
1486 879 1563 909 BUL„
1582 880 1611 910 V,
1631 888 1659 911 p.
1675 880 1729 904 354.
1750 880 1834 904 Me'm.
1851 880 1917 905 hist.
1930 887 1984 905 sur
2001 880 2039 904 les
2052 880 2192 911 bdndfices,
2213 888 2241 912 p.
2256 881 2295 909 21,

424 927 501 951 Arch.
517 931 582 957 nat.‚
596 928 625 950 K.
643 927 696 956 180,
712 926 793 950 liasse
807 926 828 954 1,
846 930 874 948 n⁰
891 926 912 949 1.

426 1058 571 1095 2084.
597 1066 775 1092 Consultatio
792 1065 979 1101 quorumdam
996 1065 1141 1091 doctorum
1156 1065 1191 1091 de
1207 1065 1368 1091 venditione
1385 1074 1519 1092 censuum
1535 1069 1562 1091 et
1575 1065 1748 1092 reddituum.
1765 1076 1779 1090 (ι
1795 1065 1870 1099 Quia
1884 1073 1953 1092 usus
1967 1065 2084 1092 emendi
2098 1073 2200 1092 census
2215 1076 2240 1091 η.

1464 1153 1617 1182 urs-7417,
1634 1152 1762 1185 Septemb.
1775 1153 1819 1182 26,
1836 1152 2010 1179 Constantino.

517 1242 592 1269 Bm...
615 1242 645 1270 V,
665 1242 719 1265 ³62.
737 1256 768 1260 —
789 1242 903 1265 Rubi-ica
922 1250 1004 1273 supra
1027 1241 1115 1273 posita
1133 1241 1254 1270 sufficiat,
1273 1249 1333 1264 cum
1353 1242 1538 1265 documentum
1555 1241 1622 1264 nihil
1641 1248 1779 1264 commune
1803 1240 1899 1264 habeat
1922 1248 1982 1263 cum
2002 1240 2180 1264 Universitate
2199 1240 2295 1271 Puris„

424 1286 544 1318 quamvis
560 1286 631 1317 apud
645 1287 793 1315 Jounmun,
810 1290 839 1309 n⁰
856 1287 917 1309 1184
930 1294 936 1309 ;
951 1296 964 1308 ι(
978 1286 1142 1310 Consultatio
1158 1286 1296 1309 doctorum
1314 1286 1399 1310 Puris.
1411 1295 1434 1310 u.
1452 1286 1559 1310 Praeter
1577 1285 1683 1309 Petrum
1698 1285 1803 1317 d'Ailly,
1816 1285 1889 1308 card.
1905 1285 2098 1315 Comen-ecem„
2113 1288 2139 1308 et
2154 1285 2215 1309 Joh.
2231 1285 2296 1310 Ger-

423 1339 510 1354 sonem
525 1331 614 1354 nullus
627 1331 656 1353 12
669 1331 882 1362 subscriptorum
895 1324 1033 1354 doctorum
1049 1333 1074 1354 et
1088 1330 1271 1361 praelatorum
1283 1331 1317 1353 ad
1330 1330 1452 1354 Univers.
1467 1330 1551 1354 Paris.
1567 1330 1727 1362 pertinebat.
1742 1330 1880 1353 Praeterea
1895 1329 2080 1353 documentum
2095 1329 2165 1353 male
2180 1329 2245 1353 Bur..
2263 1329 2296 1354 ad

423 1384 465 1399 an.
480 1376 540 1398 1423
556 1377 598 1405 (cf.
613 1375 691 1398 etiam
704 1375 890 1404 D'Anoznrm'z,
904 1375 971 1400 Coll.
982 1375 1058 1405 jud„
1071 1375 1104 1404 12,
1118 1383 1146 1406 p.
1162 1375 1221 1403 219;
1236 1375 1371 1405 Knussm,
1389 1374 1524 1399 Matrikel
1538 1376 1589 1399 der
1603 1374 1726 1399 Univers.
1739 1374 1823 1403 Kdln,
1838 1374 1858 1403 l,
1873 1382 1901 1406 p.
1911 1375 1950 1403 99,
1967 1377 2022 1398 not.
2039 1374 2087 1404 14).
2103 1374 2242 1398 Jounmm
2261 1374 2295 1398 ad

422 1428 465 1443 an.
478 1421 538 1443 1425
551 1423 662 1451 ponunt.
677 1420 742 1443 Num
755 1428 768 1443 e
782 1419 982 1443 consulentibus
997 1419 1154 1443 Franciscus
1167 1419 1313 1448 Zaharella,
1330 1420 1402 1444 card.
1416 1419 1584 1443 Florentinus
1600 1427 1642 1443 an.
1657 1419 1727 1447 1417,
1742 1419 1814 1450 Sept.
1826 1419 1856 1442 26
1870 1418 1957 1448 (Arch.
1968 1419 2036 1449 Vnt„
2050 1419 2106 1449 XII,
2124 1419 2177 1448 121,
2192 1427 2221 1450 p.
2240 1419 2295 1451 92„

423 1465 514 1488 Petrus
533 1465 605 1488 card.
626 1464 810 1488 Cameracens.
828 1473 872 1488 an.
894 1465 962 1494 1420,
978 1465 1045 1495 Aug.
1066 1465 1109 1494 (cf.
1126 1464 1291 1492 statumen,
1307 1464 1413 1489 Petrus
1427 1465 1460 1488 de
1476 1464 1594 1492 Alliaco,
1614 1472 1642 1495 p.
1661 1464 1705 1487 367
1723 1465 1803 1495 sqq.),
1819 1463 1935 1487 defuncti
1955 1466 2031 1492 sunt;
2044 1463 2178 1486 Johannes
2193 1463 2295 1488 Get-son

422 1518 464 1533 an.
483 1510 552 1538 1418,
568 1512 629 1540 post
642 1509 725 1540 April.
740 1510 778 1539 22,
797 1509 855 1532 exul
873 1509 929 1532 ruit.
947 1510 1011 1532 Ante
1026 1517 1068 1532 an.
1088 1509 1158 1538 1417,
1174 1509 1247 1540 Sept.
1264 1509 1302 1539 26,
1316 1509 1399 1540 igitur
1412 1509 1617 1532 instrumentum
1638 1509 1786 1532 consectum
1805 1511 1853 1536 est,
1870 1511 1896 1532 et
1915 1507 2020 1540 quidem
2036 1507 2216 1536 Constantine,
2231 1508 2294 1532 dum

422 1553 568 1585 subscripti
589 1554 708 1577 doctores
726 1562 778 1576 una
798 1557 881 1583 erant,
897 1562 1009 1585 qnorum
1031 1553 1113 1584 aliqui
1129 1561 1159 1576 ex
1174 1553 1353 1577 Universitate
1370 1553 1529 1584 Coloniensi,
1546 1562 1570 1577 v.
1587 1561 1613 1585 g.
1628 1553 1807 1576 Theodericus
1823 1553 1855 1576 de
1872 1552 2031 1576 Monasterio
2046 1555 2072 1576 et
2090 1552 2149 1576 Joh.
2163 1552 2296 1584 Warburg

421 1599 527 1628 (ΜΛΝΞΙ,
543 1598 648 1622 Concil.
665 1598 777 1627 XXVIII,
793 1599 860 1628 633),
876 1598 922 1621 alii
938 1606 968 1621 ex
983 1597 1162 1622 Universitate
1178 1598 1348 1628 Bononiensi,
1363 1601 1422 1626 etc„
1440 1600 1555 1622 suerunt.

421 1768 565 1805 2085.
589 1778 724 1813 Magistri
739 1782 869 1813 regentes
884 1780 942 1813 fac.
961 1779 1121 1805 medicinae
1137 1788 1183 1806 an.
1201 1779 1370 1806 1417-1418.
1389 1778 1499 1812 [Iidem
1515 1778 1565 1814 qui
1580 1787 1655 1804 anno
1670 1778 1828 1814 superiore,
1847 1779 1974 1814 exceptis
1989 1778 2054 1804 Joh.
2067 1776 2213 1811 Comitis⁴‚
2226 1777 2293 1804 Joh.

506 1828 542 1854 de
555 1828 711 1861 Martrolio‚
730 1828 802 1854 Rob.
819 1828 855 1854 de
871 1828 898 1854 S.
916 1828 1063 1855 Germano
1071 1828 1092 1862 2,
1111 1829 1198 1855 Guill.
1217 1829 1253 1855 de
1268 1828 1411 1862 Gardinis,
1432 1827 1535 1854 addito
1550 1831 1644 1854 autem
1660 1828 1784 1855 Henrico
1798 1827 1925 1862 Tibout.]
2096 1826 2150 1862 [24]

1636 1918 1707 1946 1418,
1723 1916 1837 1943 uoremb.
1854 1917 1878 1946 4,
1894 1916 2007 1942 Pari-slis.

514 2005 658 2028 Comment.
676 2006 725 2028 fac.
744 2005 823 2034 med.‚
838 2005 857 2034 I,
872 2013 898 2036 p.
916 2006 970 2029 217.
990 2020 1015 2023 —
1034 2006 1153 2030 Decunus
1173 2006 1272 2030 electus
1288 2009 1328 2030 est
1343 2007 1408 2030 Nov.
1428 2008 1442 2030 6
1460 2007 1553 2030 Petrus
1569 2006 1724 2031 Bechehien.
1741 2005 1798 2033 Quo
1820 2013 1880 2028 mox
1899 2005 2008 2028 absente
2023 2004 2056 2028 ad
2072 2004 2189 2027 rotulum
2208 2010 2295 2035 papae

421 2049 590 2081 portandum,
607 2049 677 2072 vices
693 2050 837 2072 decanatus
853 2050 937 2081 gessit
949 2050 1041 2074 Petrus
1055 2051 1196 2076 Bernicoti.
1213 2051 1271 2074 Vid.
1288 2055 1339 2074 num
1354 2052 1423 2075 2089.

515 2094 643 2118 Ultimum
658 2094 718 2118 Joh.
735 2094 835 2118 Casson
851 2094 919 2118 inter
941 2103 1011 2126 mag.
1028 2099 1149 2127 regentes
1169 2096 1339 2125 nominatum
1361 2104 1421 2119 nam
1442 2095 1468 2119 in
1486 2095 1661 2119 commotione
1681 2094 1823 2118 Parisiensi
1842 2103 1885 2119 an.
1901 2094 1972 2124 1418,
1987 2093 2059 2118 Junii
2074 2094 2111 2124 12,
2126 2101 2185 2116 cum
2204 2092 2294 2116 multis

421 2138 481 2162 aliis
497 2139 599 2162 occisus
613 2142 662 2162 est.
679 2139 737 2162 Vid.
754 2141 884 2168 Auctar„
899 2140 932 2168 II,
949 2140 1002 2169 246,
1020 2141 1060 2163 21.

515 2222 538 2246 i.
558 2232 571 2244 α
588 2223 655 2254 Mag.
671 2223 804 2246 Johannes
821 2223 930 2246 Comitis
946 2232 997 2246 non
1017 2225 1102 2247 suerat
1120 2224 1300 2255 proclamatus
1317 2233 1376 2247 cum
1394 2224 1464 2253 aliis,
1482 2225 1528 2248 scd
1545 2224 1595 2248 suit
1611 2224 1792 2256 proclamatus
1808 2223 1835 2246 in
1851 2223 1966 2246 secunda
1981 2222 2091 2246 lectione
2107 2225 2132 2246 et
2149 2221 2298 2253 disputavit

422 2267 452 2289 dc
466 2267 601 2290 ordinaria
614 2267 640 2290 in
655 2267 747 2291 ordine
760 2275 816 2292 suo,
834 2276 845 2290 1>
861 2281 892 2285 —
905 2267 929 2292 2.
946 2270 1068 2291 Attamen
1085 2277 1096 2291 (ι
1115 2277 1184 2300 mag.
1202 2269 1267 2292 Rob.
1284 2269 1315 2292 de
1332 2270 1358 2292 S.
1375 2269 1507 2294 Germano
1523 2272 1663 2300 reputatur
1678 2276 1772 2300 regens
1788 2276 1837 2300 pro
1853 2268 1903 2292 isto
1919 2276 1998 2291 anno.
2015 2275 2026 2290 n

427 2437 570 2475 2086.
596 2446 760 2473 Cardianus
784 2447 851 2473 Ord.
876 2448 945 2474 Min.
967 2452 994 2474 et
1017 2448 1083 2474 ord.
1113 2449 1231 2475 Eremit.
1258 2451 1285 2475 S.
1309 2451 1382 2484 Aug.
1408 2453 1591 2476 conventuum
1615 2450 1709 2475 Paris.
1736 2458 1767 2475 se
1790 2448 1961 2475 submittunt
1990 2447 2174 2474 Universitati
2197 2446 2294 2472 Paris.

515 2500 651 2531 quantum
667 2496 707 2521 ad
723 2496 830 2522 bullam
843 2496 1006 2522 Alexandr-i
1027 2499 1087 2524 Vet
1102 2498 1366 2525 condemnationem
1383 2499 1602 2526 Justificationis
1616 2499 1755 2525 Johannis
1771 2498 1865 2524 Parvi.

1630 2589 1702 2617 1417.
1717 2587 1831 2614 Horemb.
1846 2588 1883 2617 16,
1897 2586 2011 2615 Parisiis.

519 2673 605 2711 Nos,
627 2672 825 2717 gordianus
847 2679 881 2705 et
908 2674 1037 2706 fratres
1065 2682 1267 2708 conventus
1297 2676 1492 2716 Minorum,
1515 2676 1616 2721 prior
1637 2682 1672 2708 et
1690 2676 1820 2708 fratres
1843 2674 1962 2708 Sancti
1981 2672 2180 2718 Augustini
2201 2671 2298 2704 Pari-

432 2737 521 2778 sius,
545 2750 684 2771 summe
706 2739 959 2772 desiderantes
987 2740 1136 2785 pacifice
1164 2749 1199 2774 et
1226 2742 1458 2775 concorditer
1477 2743 1600 2776 vivere
1621 2754 1701 2775 cum
1722 2742 1813 2775 alma
1834 2748 1946 2774 matre
1966 2746 2090 2773 nostra
2112 2737 2299 2772 Universi-

433 2810 514 2836 tate.
543 2805 599 2836 cui
630 2805 715 2837 totis
743 2805 872 2838 animis
908 2806 1161 2841 desideramus
1191 2809 1431 2854 complacere,
1465 2815 1719 2842 contentamur
1748 2815 1842 2841 stare
1873 2814 1908 2840 et
1938 2817 2150 2852 permanere
2180 2816 2219 2838 ac
2246 2804 2298 2837 uti

433 2870 634 2914 privilegiis
664 2878 696 2903 et
729 2871 959 2905 libertatibus
989 2873 1032 2906 ab
1061 2875 1215 2908 ecclesia
1243 2882 1279 2908 et
1306 2876 1458 2909 summis
1488 2875 1724 2921 pontificibus
1744 2874 1897 2908 indultis
1917 2880 1999 2907 ante
2019 2872 2296 2906 concessionem

557 2942 596 2964 42.
