2502 3418
382 330 446 368 62'0
962 343 1278 369 aniiTULAiuUM
1312 345 1501 369 Univssns.
1539 346 1666 369 mats.
2147 330 2245 371 [1441

381 481 476 517 255
485 482 506 517 1
518 510 526 518 .
549 491 650 516 Petrus
661 490 696 516 de
710 490 851 525 Vaucello,
866 499 881 516 «
892 494 983 516 rector
996 491 1194 517 Universitatis
1210 492 1410 526 magistrorum
1426 496 1452 518 et
1464 491 1619 517 scolarium
1633 491 1757 517 Parisiis
1770 491 1945 519 studentt‘um
1955 502 1980 527 ιο,
1994 497 2127 527 testatur>
2140 492 2247 518 dictam

473 540 688 565 Universitatem
705 539 871 575 adjunctam
888 549 950 565 esse
962 540 1086 565 Iohanni
1102 542 1219 575 Ροιμιεί,
1235 550 1250 566 «
1267 541 1359 567 altero
1374 542 1487 576 mciiijffl·
1503 541 1687 567 librariorum
1697 542 1862 576 juratorum
1878 541 1953 567 dicte
1971 542 2174 569 ‚Universitatis
2188 551 2203 568 >
2219 542 2247 567 in

469 598 559 614 causa
583 589 791 625 appellationis
810 598 863 625 per
885 589 990 614 dictum
1012 591 1123 624 Poquet
1143 599 1160 614 a
1177 590 1320 615 sententia
1337 590 1489 616 electorum
1506 591 1602 616 Paris.
1619 599 1708 626 super
1729 592 1809 624 sacto
1833 590 2029 617 subsidiorum
2050 591 2247 617 ordinatorum

466 647 520 674 pro
541 647 647 672 guerra
667 639 840 674 interjectae,
860 647 913 674 per
935 647 1021 673 quam
1037 639 1208 664 sententiozm
1225 640 1334 674 Poquet
1354 639 1558 665 condemnatus
1577 643 1640 665 erat
1659 639 1766 665 solvere
1786 641 1820 667 10
1840 649 1953 665 marcas
1979 641 2094 675 argenti
2108 641 2249 676 receptori

469 687 660 713 subsidiorum
672 697 724 724 pro
741 697 815 720 rege.
830 688 894 714 Dat.
912 688 966 713 sub
984 688 1077 721 sigillo
1098 689 1217 714 rectorie
1235 689 1433 715 Universitatis
1448 690 1557 723 prefate
1572 697 1650 715 anno
1666 690 1750 715 Dom.
1768 690 1794 715 M
1807 689 1896 716 CCCC
1907 690 1991 720 XLI‘»,
2007 690 2054 716 die
2067 690 2126 724 111*ᾖό
2141 690 2249 716 mensis

472 737 647 763 Novembris.
667 748 679 761 «
696 738 749 764 Nos
762 738 863 763 Petrus
876 747 901 762 n.

1552 796 1620 826 1441,
1634 797 1780 823 Novembris
1795 798 1834 827 16,
1849 797 1964 824 Parisiis.

476 898 589 921 Minuta
602 897 717 920 chartac.
730 897 754 919 in
770 897 847 920 Arch.
864 897 987 920 Univers.
1004 896 1099 926 Paris„
1114 897 1182 920 11100.
1199 897 1217 925 l,
1234 898 1262 920 A.
1279 897 1301 920 1.
1318 905 1342 928 y.
1359 897 1435 927 But„
1452 897 1481 926 V,
1495 905 1522 927 p.
1536 898 1590 921 520.
1607 911 1635 915 —
1652 898 1711 921 Vid.
1727 899 1758 921 de
1773 898 1822 921 hoc
1838 900 1968 928 Auctar.,
1985 899 2017 927 II,
2030 907 2055 930 p.
2073 900 2127 927 528,
2142 899 2179 922 23.

383 1124 526 1160 2552.
553 1132 696 1158 Gerardus
722 1132 848 1158 Macheti
869 1133 994 1158 Parisiis
1017 1132 1153 1158 lectiones
1175 1133 1361 1168 magistrales
1382 1134 1551 1170 resumpsit5
1571 1134 1629 1168 suit
1648 1133 1775 1159 decanus
1794 1134 1948 1168 facultatis
1967 1134 2087 1169 theolog.
2109 1134 2246 1170 Collegia,

467 1185 584 1218 praeter
599 1182 748 1216 collegium
765 1183 921 1215 Navarrae,
934 1183 1035 1217 jacent
1049 1182 1167 1216 inculta,
1187 1192 1275 1208 vacua
1291 1183 1484 1210 studentibus.

1466 1274 1535 1304 7441,
1552 1275 1621 1301 cirea
1633 1266 1803 1305 Morembsn,
1820 1274 1962 1300 Ambasiae.

555 1376 620 1402 Viro
633 1377 747 1402 literato
759 1378 787 1402 et
800 1384 868 1402 sane
883 1377 990 1403 diserto
1003 1377 1143 1410 magistro
1155 1377 1262 1403 Jacobo
1276 1376 1322 1412 [(10
1338 1377 1444 1404 Circsio
1460 1377 1617 1413 LugduniJ.
1635 1378 1715 1404 fratri
1731 1379 1760 1404 et
1774 1377 1868 1404 amico
1882 1378 2074 1412 pei-optando,

470 1465 630 1497 Parisius
651 1465 741 1498 adeo
764 1465 884 1498 educti
901 1466 1049 1507 suimus,
1072 1472 1110 1498 ut
1130 1466 1188 1499 vix
1208 1465 1293 1498 inde
1315 1466 1414 1499 exire
1431 1467 1671 1511 potuerimus,
1687 1466 1747 1499 ubi
1766 1466 1886 1511 recepi
1903 1466 2075 1499 cartulam
2092 1473 2248 1499 vestram

382 1531 426 1564 de
449 1532 551 1565 tertia
572 1532 756 1566 Octobris.
779 1533 905 1566 Inveni
932 1545 1049 1566 aerem
1077 1533 1232 1566 civitatis
1258 1534 1529 1567 accommodum
1553 1533 1796 1579 complexioni
1817 1546 1908 1573 mee,
1929 1534 2053 1567 forsan
2067 1534 2149 1566 ideo
2167 1533 2250 1579 quia

382 1611 445 1643 per
474 1611 588 1632 annos
622 1599 800 1645 plurimos
830 1600 965 1633 ibidem
994 1600 1098 1633 hausi
1129 1600 1260 1642 celum,
1282 1601 1340 1634 vel
1368 1601 1451 1646 quia
1475 1601 1717 1646 apropinquat
1747 1600 1911 1646 partibus
1936 1601 2034 1634 unde
2071 1601 2250 1634 oriundus

381 1667 496 1708 sum¹,
526 1679 596 1711 quo
627 1667 675 1700 sit
701 1667 931 1700 constellatio
962 1668 1207 1712 temperatior.
1235 1668 1478 1702 Inveniuntur
1506 1668 1581 1701 illic
1610 1668 1834 1701 munitiones
1864 1668 2047 1714 lignorum
2072 1668 2250 1701 adversus

382 1732 544 1766 brumam
566 1734 756 1779 yemalem.
780 1735 949 1768 Feceram
971 1735 1094 1767 senum
1129 1735 1172 1767 ad
1203 1747 1309 1768 usum
1331 1747 1522 1780 equorum⁷
1544 1747 1748 1768 coemeram
1777 1735 2049 1781 superlectilem
2077 1742 2252 1781 opportu-

382 1813 462 1833 nam
489 1813 571 1834 caro
599 1802 687 1834 satis
716 1802 846 1846 pretio,
869 1814 1002 1835 verens
1024 1809 1149 1834 mutuo
1172 1802 1336 1847 recipere
1357 1802 1401 1835 ab
1422 1803 1560 1844 amicis,
1574 1815 1619 1835 ne
1637 1815 1744 1848 quem
1761 1802 1907 1836 illorum
1929 1814 2116 1848 gravarem
2133 1802 2249 1836 aliena

381 1880 616 1901 consumens.
640 1869 785 1902 Gratam
806 1868 1066 1902 habitationem
1088 1876 1123 1902 et
1143 1881 1310 1902 amenum
1341 1870 1551 1903 viridarium
1574 1870 1710 1903 inveni.
1734 1871 1778 1903 Et
1806 1882 1850 1903 ne
1878 1870 1951 1903 otio
1973 1870 2169 1915 torperem,
2191 1876 2251 1903 aut

381 1936 484 1968 vacui
506 1935 584 1968 dies
606 1936 804 1969 transirent
834 1936 913 1969 sine
939 1937 1071 1977 fructu,
1102 1936 1303 1970 deliberavi
1330 1936 1510 1970 lectiones
1539 1949 1638 1970 meas
1669 1937 1731 1970 diu
1752 1937 1981 1970 intermissas
2008 1949 2088 1970 cum
2120 1935 2251 1982 regen-

382 2001 479 2035 tibus
500 2003 677 2036 innostra
697 2003 865 2036 facultate
883 2010 1063 2048 repetere.
1086 2005 1162 2036 Jam
1180 2010 1215 2036 et
1231 2016 1364 2037 novum
1382 2016 1547 2049 saporem
1571 2003 1762 2049 ingerebat
1782 2010 1906 2037 nostra
1933 2003 2131 2049 theologia,
2154 2004 2250 2037 unde

383 2076 418 2102 et
437 2069 540 2102 labor
560 2070 793 2114 gratissimus
811 2077 898 2112 erat,
921 2070 983 2103 ubi
1005 2071 1131 2103 decani
1152 2071 1332 2116 fungebar
1353 2071 1485 2113 officio,
1507 2071 1602 2104 sicut
1627 2071 1803 2104 annosior
1837 2071 1873 2104 in
1905 2071 2033 2116 gradu.
2059 2071 2253 2116 Augentur

383 2137 571 2181 supposita
592 2137 771 2170 facultatis
793 2138 983 2183 potissime
1005 2138 1194 2171 secularia.
1222 2138 1428 2184 Collegium
1458 2138 1582 2184 regale
1612 2138 1729 2171 solum
1759 2138 1809 2170 ibi
1842 2138 1960 2179 ssoret,
1993 2144 2112 2171 cetera
2129 2139 2254 2182 jacent

383 2203 529 2245 inculta,
553 2211 720 2237 evacuata
751 2204 997 2238 studentibus.
1022 2205 1203 2238 Beneficia
1229 2206 1333 2250 pauci
1354 2205 1501 2247 valoris,
1524 2203 1690 2238 victualia
1718 2206 1796 2238 soro
1823 2199 2043 2250 competenti
2064 2212 2099 2238 et
2118 2205 2251 2250 optima

384 2283 447 2315 pro
464 2278 573 2316 gustu
597 2284 675 2304 meo
698 2279 732 2305 et
759 2279 999 2317 temperatura
1020 2273 1242 2317 corpusculi.
1265 2273 1357 2306 Vina
1383 2273 1512 2305 mirum
1542 2273 1578 2305 in
1599 2258 1744 2305 inodum
1772 2272 1961 2318 sapiebant
1981 2279 2016 2305 et
2043 2272 2253 2305 nutriebant

384 2345 483 2370 artus
505 2350 618 2379 meos,
641 2351 710 2383 que
733 2339 867 2372 ibidem
889 2339 1100 2372 habundant
1120 2351 1163 2372 ex
1179 2340 1275 2372 omni
1294 2346 1393 2385 parte
1415 2346 1450 2373 et
1472 2340 1635 2385 regione.
1660 2340 1867 2373 Revertitur
1888 2340 2058 2373 dominus
2079 2339 2250 2373 baillivus

383 2405 426 2437 ad
448 2406 605 2450 propria,
629 2406 690 2450 qui
710 2406 864 2439 viriliter
885 2407 959 2451 egit
976 2418 1084 2451 supra
1101 2406 1236 2440 multos
1257 2407 1293 2439 in
1310 2407 1505 2440 obsidione
1523 2407 1775 2440 P011tisare2...
1801 2409 1851 2440 Ex
1867 2406 2070 2440 Ambasia³.

477 2513 544 2536 Bibl.
555 2516 608 2536 11111.
618 2513 712 2541 Paris„
725 2522 774 2537 ms.
785 2514 854 2543 8577,
871 2514 916 2537 sol.
928 2514 979 2537 29¹².
992 2528 1019 2531 —
1031 2514 1113 2537 Paulo
1125 2514 1235 2542 tardius,
1255 2522 1296 2537 an.
1312 2514 1381 2543 1442,
1397 2514 1551 2543 Februario,
1567 2514 1599 2537 de
1614 2514 1663 2537 hoc
1677 2513 1786 2545 scripsit
1797 2514 1914 2536 Jordano
1928 2513 2032 2543 Morini,
2043 2512 2250 2544 eleemosynario

385 2556 411 2580 S.
426 2557 530 2580 Martini
546 2558 643 2580 Tui-on.
661 2558 687 2580 in
703 2558 767 2580 hace
785 2558 866 2581 verba
880 2566 885 2581 ”.
902 2567 912 2581 (1
929 2558 994 2581 Steti
1010 2558 1129 2581 Pal-isius
1150 2567 1198 2590 per
1218 2567 1321 2582 menses
1344 2559 1457 2590 aliquos,
1480 2558 1568 2590 quieto
1591 2558 1655 2582 satis
1672 2558 1759 2581 animo
1781 2562 1854 2582 extra
1869 2558 2012 2581 tumultum
2029 2557 2185 2586 aulicorum,
2206 2557 2250 2581 ubi

384 2602 515 2633 resumpsi
530 2602 654 2625 lectiones
671 2603 839 2634 magistrales
856 2611 938 2634 usque
954 2604 987 2626 ad
1000 2603 1151 2627 vernarium
1160 2604 1178 2627 ⁸.
1194 2603 1308 2627 Videbar
1324 2604 1403 2626 michi
1420 2603 1496 2635 quasi
1514 2603 1636 2626 renovari
1652 2603 1678 2626 in
1693 2603 1821 2634 pristinos
1837 2603 1903 2632 dies,
1919 2603 1981 2626 dum
2004 2602 2115 2626 florebat
2133 2602 2250 2625 studium

385 2649 423 2668 tot
437 2647 515 2669 claris
529 2647 705 2670 luminaribus
721 2647 906 2671 collustratum
919 2651 944 2671 et
956 2648 1022 2671 miro
1038 2649 1114 2671 modo
1128 2648 1291 2672 decoratum.
1306 2649 1445 2680 Fungebar
1461 2648 1542 2672 vestri
1560 2648 1586 2671 in
1604 2648 1725 2671 absentia
1742 2648 1825 2671 officio
1844 2648 1986 2671 decanatus
2002 2650 2091 2670 nostre
2107 2646 2249 2674 facultatis.

386 2691 428 2721 qui
444 2691 542 2713 utinam
559 2700 604 2714 vos
620 2692 778 2715 invenissem
793 2693 919 2723 sospitem
933 2696 958 2715 01
970 2701 1097 2724 prospere
1111 2693 1208 2717 valere.
1224 2693 1299 2716 Volui
1313 2693 1403 2716 videre
1418 2693 1561 2724 magistros
1574 2694 1739 2724 professores
1753 2693 1780 2716 in
1795 2694 1853 2716 loco
1870 2692 2042 2715 habitationis
2058 2700 2122 2715 mee.
2137 2691 2251 2715 suborta

386 2735 515 2765 siquidem
532 2739 587 2759 erat
602 2736 697 2759 divisio
713 2737 781 2759 inter
798 2737 930 2760 seculares
945 2741 970 2760 ct
988 2738 1127 2768 religiosos
1144 2738 1332 2768 Mendicantcs,
1353 2746 1432 2770 quam
1448 2742 1589 2768 utcumque
1606 2741 1744 2769 paccatum
1759 2737 1890 2763 reddidiss.
1907 2737 1997 2760 Inveni
2012 2736 2167 2768 temperiem
2181 2735 2250 2759 aeris

386 2787 433 2809 pro
447 2781 625 2811 complexione
641 2789 690 2803 non
707 2790 801 2812 parum
814 2782 942 2812 ydoneum
958 2785 983 2805 et
998 2783 1204 2811 accommodam,
1218 2783 1400 2814 gratissimam
1410 2783 1510 2806 habens
1525 2783 1641 2811 domum,
1654 2791 1733 2814 quam
1746 2782 1929 2806 inhahitaham
1942 2790 1972 2805 ex
1985 2782 2052 2805 dono
2065 2781 2147 2812 regio,
2164 2781 2251 2804 valla-

386 2827 438 2845 tam
456 2825 615 2854 gratissimis
634 2826 776 2854 viridariis,
793 2835 861 2857 aqua
878 2827 988 2849 sontium
1006 2827 1076 2850 dulci
1091 2836 1201 2851 susurro
1217 2828 1371 2851 decurrente
1384 2836 1432 2859 per
1446 2831 1527 2851 totam
1544 2828 1650 2850 domum
1665 2831 1690 2850 et
1701 2827 1830 2859 [h]ortum
1846 2826 2054 2855 amenissimum,
2068 2826 2105 2849 ita
2118 2829 2146 2849 ut
2160 2833 2250 2857 quem—

385 2868 444 2890 dam
461 2869 614 2898 paradisum
634 2870 756 2892 exhibere
773 2871 906 2893 videretur
925 2872 1102 2901 cernentibus,
1123 2872 1148 2895 in
1169 2873 1243 2903 cujus
1264 2876 1354 2904 utpote
1374 2872 1459 2895 medio
1477 2874 1533 2895 sons
1549 2872 1622 2895 exilit
1638 2872 1753 2902 irrigans
1774 2871 1941 2903 superficiem
1956 2875 2025 2894 terre
2045 2879 2057 2894 »
2079 2871 2135 2900 (sol.
2157 2870 2208 2900 32¹³,
2224 2873 2249 2893 et

385 2912 531 2937 LAUNUIL'S.
549 2914 614 2943 Res).
632 2914 778 2938 Navarrae
791 2915 937 2945 yymnasii
953 2917 1027 2945 hist,
1041 2925 1067 2947 p.
1081 2917 1135 2942 5¹11,
1152 2917 1196 2940 uhi
1212 2917 1326 2948 epistola
1339 2925 1477 2949 perperam
1493 2917 1587 2947 Egidio
1599 2917 1774 2947 inscribitur).
