2502 3418
377 324 442 357 780
960 333 1280 356 CHARTULARIUM
1314 335 1506 358 amvssas.
1543 335 1670 357 PARIS.

376 407 2248 419 —————

376 453 437 475 26'19
511 452 577 477 1449
653 454 710 477 Oct.
725 455 835 478 29-Νον.
850 457 863 478 8
893 454 1058 477 Universitas
1074 454 1217 478 Parisiens.
1235 455 1365 478 conclusit
1380 458 1408 479 ut
1422 455 1526 486 legatus
1541 458 1627 486 apost.
1642 454 1712 478 sedis
1728 454 1878 486 Alphonsus
1895 455 1926 478 de
1949 455 2059 485 Segura,
2076 454 2158 486 episc.

924 499 1108 529 Mindoniens.‚
1124 499 1287 523 visitaretur.
1303 500 1373 531 Mag.
1385 500 1514 523 Robertus
1531 499 1639 523 Ciboule
1654 503 1681 523 ut
1695 507 1845 531 proponens
1861 499 1958 523 electus
1974 502 2014 522 est
2021 516 2157 524 ......
2202 500 2249 522 688

375 555 436 577 2650
530 569 561 572 -
683 556 830 580 Novembre
893 556 1013 587 Magistri
1027 560 1147 587 regentes
1163 557 1296 580 facultatis
1308 557 1452 580 medicinae
1468 565 1511 581 an.
1524 557 1627 582 1449-50
1631 573 2157 582 .....................
2202 557 2249 581 689

375 612 434 635 2651
532 627 560 630 —
660 614 811 638 Decembris
827 615 856 638 15
895 613 1029 637 Licentiati
1046 614 1072 637 in
1084 614 1209 637 facultate
1220 614 1369 645 theologiae
1373 631 2158 640 ...............................
2203 619 2249 642 689

375 670 436 692 2652
532 684 560 687 -
720 686 751 690 --
828 673 856 696 17
892 671 1040 702 Capitulum
1057 671 1183 695 ecclesiae
1196 672 1378 695 Laudunensis
1395 672 1528 695 renuntiat
1542 672 1673 696 mandatis
1689 673 1770 704 regiis
1785 672 1933 704 impetratis
1958 673 1992 696 ab
2009 681 2077 696 anno
2092 672 2157 695 citra

923 715 949 738 in
962 716 1156 747 praejudicium
1169 716 1358 739 Universitatis
1374 716 1447 740 Paris
1451 734 2157 741 ............................
2202 722 2248 745 689

375 772 436 794 2653
510 772 577 798 1450
682 774 803 797 Januarii
818 775 831 797 3
894 773 1021 796 invitante
1038 783 1050 794 «
1065 782 1189 805 supremo
1206 774 1312 796 domino
1335 777 1425 797 nostro
1443 774 1548 797 domino
1563 782 1625 805 rege
1637 784 1650 796 ιι
1674 775 1838 799 Universitas
1855 775 1931 806 eligit
1952 775 2158 798 ambassiatores

923 818 956 840 ad
973 818 1120 841 Concilium
1133 818 1259 841 ecclesiae
1273 818 1425 842 Gallicanae
1437 819 1629 849 Rotomagense
1632 836 2156 845 .....................
2202 821 2248 843 690

374 874 435 897 2654
531 889 560 892 —
667 875 803 898 Februarii
818 876 847 899 15
893 874 1002 898 Carolus
1020 876 1066 898 Vll
1082 875 1224 899 Guillelmo
1237 875 1347 904 Bouille,
1365 876 1434 900 doct.
1448 876 1474 899 in
1489 876 1622 907 theologia
1637 885 1667 900 ac
1680 877 1778 901 decano
1793 877 1971 907 Noviomensi,
1997 878 2114 907 mandat,
2130 880 2158 900 ut

923 927 1004 950 super
1018 927 1144 950 processu
1157 920 1224 943 alias
1238 922 1306 943 facto
1323 924 1414 944 contra
1423 921 1573 944 Johannam
1588 921 1685 944 dictam
1700 922 1726 944 la
1749 922 1853 945 Pucelle
1873 922 2024 945 informatio
2044 921 2157 952 diligens

922 964 968 987 fiat
977 981 2157 991 ..............................................
2202 967 2249 990 690

374 1021 434 1044 2655
530 1035 558 1038 —
697 1021 784 1045 Martii
800 1022 815 1044 4
893 1021 1030 1044 Licentiati
1046 1021 1072 1044 in
1086 1022 1210 1045 facultate
1224 1022 1369 1046 medicinae
1372 1040 2157 1048 ...............................
2202 1025 2249 1048 690

373 1079 434 1101 2656
530 1091 557 1095 -
670 1079 758 1103 Martii
776 1080 847 1102 15-23
893 1078 1058 1102 Universitas
1071 1079 1218 1103 remedium
1233 1080 1337 1111 quaerit
1349 1085 1439 1104 contra
1453 1084 1614 1112 receptorem
1628 1081 1762 1104 talliarum
1767 1098 2157 1105 ................
2202 1082 2247 1105 691

373 1137 432 1159 2657
529 1149 557 1153 —
702 1137 763 1160 Maii
779 1138 808 1161 18
893 1137 1057 1160 Universitas
1073 1137 1158 1161 Paris.
1171 1138 1378 1162 ambassiatores
1394 1139 1475 1162 mittit
1489 1139 1632 1163 Carnutum
1648 1140 1680 1162 ad
1697 1139 1842 1163 Concilium
1855 1139 1980 1163 ecclesiae
1997 1139 2157 1164 Gallicanae.
2202 1140 2247 1163 691

373 1194 433 1216 2658
529 1207 557 1210 —
651 1195 705 1219 Jul.
720 1196 815 1227 4-Aug.
832 1196 859 1218 31
892 1194 1057 1218 Universitas
1072 1195 1114 1218 bis
1128 1195 1334 1220 ambassiatores
1348 1197 1381 1220 ad
1394 1205 1483 1228 regem
1499 1197 1578 1220 mittit
1582 1214 2156 1222 .......................
2202 1198 2247 1221 691

372 1257 433 1278 2659
527 1269 558 1273 -
659 1258 823 1289 Septembris
842 1259 850 1281 l
891 1257 1013 1280 Facultas
1029 1258 1173 1281 medicinae
1188 1262 1279 1282 contra
1295 1267 1365 1290 mag.
1382 1259 1499 1283 Odonem
1521 1259 1552 1283 de
1568 1260 1701 1289 Credulio,
1724 1260 1768 1292 qui
1788 1263 1881 1283 contra
1903 1268 1972 1291 mag.
1986 1260 2157 1284 Guillelmum

924 1302 955 1325 de
971 1302 1046 1333 Algia
1062 1302 1142 1326 verba
1158 1303 1287 1334 injuriosa
1299 1304 1446 1334 protulerat
1449 1321 2156 1330 ............................
2201 1305 2245 1328 691

372 1364 432 1385 2660
469 1362 616 1388 14494450
680 1365 832 1396 Nov.-Sept.
891 1364 1018 1387 Cursor-es
1036 1364 1062 1387 in
1078 1365 1203 1389 facultate
1217 1365 1366 1397 theologiae
1370 1383 1973 1393 ........................
1975 1358 1978 1362 ’
1993 1383 2155 1391 .......
2200 1367 2247 1390 692

371 1426 430 1448 2661
507 1425 575 1451 1450
677 1427 831 1458 Septembre
891 1426 1060 1450 Sententiarii
1074 1430 1099 1450 et
1114 1427 1209 1450 Biblici
1212 1445 2155 1454 .....................................
2200 1429 2247 1452 692

371 1488 432 1510 2662
527 1502 556 1505 -
657 1490 784 1513 Novemb.
797 1490 852 1512 8-14
890 1489 1055 1512 Universitus
1071 1489 1155 1513 Paris.
1168 1490 1310 1518 concludit,
1324 1494 1353 1514 ut
1367 1494 1453 1514 rector
1468 1499 1528 1514 cum
1545 1491 1678 1523 deputatis
1701 1492 1857 1515 facultatum
1872 1495 1897 1515 et
1918 1492 2054 1515 nationum
2080 1491 2155 1516 Caro-

920 1533 975 1556 lum
987 1533 1080 1556 ducem
1096 1534 1279 1558 Aurelianens.
1296 1535 1393 1559 visitet.
1409 1536 1570 1567 proponens,
1585 1536 1700 1559 Thomas
1717 1536 1748 1559 de
1759 1536 1913 1566 Courcellis,
1925 1536 1948 1559 ei
1963 1536 2157 1560 recommendet

921 1578 1126 1601 destructionem
1147 1588 1160 1600 t<
1175 1579 1283 1602 studioli
1302 1580 1473 1603 Cadomensis
1486 1590 1499 1602 η
1502 1598 2156 1606 ..........................
2201 1580 2247 1603 693

370 1640 431 1662 2663
527 1654 555 1657 -
682 1641 828 1664 Novembre
890 1640 1012 1670 Magistri
1027 1644 1148 1671 regentes
1165 1642 1299 1665 facultatis
1311 1642 1457 1666 medicinae
1471 1651 1513 1667 an.
1531 1643 1630 1666 1450-51
1636 1660 2154 1668 .....................
2200 1642 2247 1665 693

370 1703 431 1725 2664
527 1717 555 1720 --
682 1703 822 1726 Now-Dec.
889 1702 1054 1726 Universitas
1070 1711 1086 1726 a
1100 1711 1162 1734 rege
1177 1704 1305 1727 auxilium
1319 1705 1393 1736 petit,
1412 1708 1441 1728 ut
1456 1705 1496 1728 sui
1511 1705 1644 1729 debitores
1659 1706 1693 1729 ad
1706 1706 1861 1729 solvendum
1877 1706 2048 1737 impellantur
2051 1721 2155 1731 .....
2200 1705 2247 1728 694

370 1765 430 1787 2665
526 1779 556 1782 -
648 1765 769 1788 Decemb.
788 1765 859 1788 11-16
890 1764 1057 1788 Universitas
1074 1766 1160 1789 Paris.
1178 1767 1284 1790 nuntios
1300 1767 1376 1798 eligit
1388 1768 1420 1790 ad
1432 1767 1553 1791 comitem
1567 1768 1714 1791 Dunensem
1730 1769 1904 1800 Rotomagum
1917 1768 2068 1792 mittendos.
2083 1767 2155 1791 Finis

920 1809 1062 1840 legationis
1080 1810 1129 1834 fuit
1139 1818 1195 1841 pro
1210 1812 1422 1836 conservatione
1435 1813 1660 1843 privileyiorum.
1673 1819 1726 1843 pro
1738 1813 1874 1837 obviando
1888 1813 2055 1838 erectoribus
2068 1813 2156 1838 studii

922 1855 1094 1883 cadomens.,
1110 1862 1163 1885 pro
1174 1856 1338 1886 provisione
1354 1857 1569 1887 suppositorum
1588 1857 1780 1882 Universitacis
1787 1874 2155 1883 ...............
2199 1856 2247 1879 694

369 1917 430 1939 2666
508 1916 571 1942 1451
647 1916 768 1940 Januarii
789 1917 859 1940 16-18
889 1916 1101 1940 Ambassiatores
1117 1925 1132 1940 a
1146 1918 1241 1941 comite
1256 1918 1372 1942 Dunensi
1388 1919 1487 1942 reversi
1503 1920 1656 1943 relationem
1673 1920 1772 1943 sariunt
1786 1920 1812 1943 in
1827 1920 2031 1951 congregatione
2047 1919 2155 1943 Univer-

919 1960 1006 1984 sitatis
1014 1978 2154 1990 .............................................
2199 1963 2245 1986 694

369 2024 429 2046 2667
465 2022 612 2048 1450-1451
647 2023 711 2047 Nov.
724 2024 828 2047 26—Feb.
844 2025 858 2046 4
888 2023 1054 2047 Universitas
1069 2027 1095 2047 et
1109 2024 1193 2047 abbas
1209 2025 1235 2049 S.
1254 2025 1403 2049 Genovel'ae
1418 2027 1546 2050 adversus
1564 2027 1717 2058 Philippum
1733 2026 1844 2058 Anglici,
1862 2026 2048 2050 cancellarium
2067 2027 2094 2050 S.
2106 2026 2156 2051 Ge-

919 2070 1038 2097 novefae,
1055 2077 1145 2091 corum
1161 2069 1328 2093 Parlamento
1343 2070 1459 2101 litigant,
1475 2072 1545 2102 quod
1563 2071 1584 2095 is
1600 2072 1700 2095 abusus
1719 2072 1746 2095 in
1762 2071 1978 2103 temptaminibus
1994 2071 2156 2095 commiserit

918 2112 1038 2144 donaque
1052 2121 1067 2136 a
1081 2114 1231 2137 candidatis
1246 2115 1386 2146 acceperit.
1399 2133 1406 2139 .
1426 2133 1432 2139 .
1452 2133 1458 2139 .
1479 2134 1484 2139 .
1505 2135 1510 2140 .
1531 2133 1537 2140 .
1557 2133 1563 2140 .
1583 2133 1589 2139 .
1607 2134 1613 2140 .
1631 2133 1638 2140 .
1658 2133 1664 2139 .
1683 2134 1689 2140 .
1710 2136 1717 2149 .-
1734 2133 1898 2140 .......
1908 2143 1912 2147 s
1916 2132 2153 2140 ..........
2198 2115 2245 2138 695

369 2175 430 2196 2668
509 2173 572 2199 1451
662 2175 799 2198 Februarii
816 2176 843 2198 11
889 2175 1054 2198 Universitas
1068 2184 1139 2206 mag.
1153 2176 1309 2200 Michaelem
1325 2177 1474 2201 Miniclardi
1486 2178 1576 2201 abbati
1592 2178 1861 2202 Medinnimonasterii
1871 2182 1896 2202 et
1909 2178 2031 2210 Capitulo
2047 2178 2074 2202 S.
2091 2178 2154 2202 Deo-

918 2219 972 2242 dati
988 2220 1120 2243 Tullensis
1137 2221 1304 2245 commendat
1306 2239 2152 2249 ..................................
2197 2222 2244 2245 699

370 2282 431 2303 2669
526 2295 554 2298 -
647 2282 784 2305 Februarii
802 2283 857 2305 3-13
888 2281 1053 2305 Universitas
1069 2283 1102 2305 ad
1121 2291 1210 2314 regem
1223 2284 1305 2308 mittit
1321 2285 1512 2308 ambassiatam
1527 2294 1575 2317 pro
1591 2286 1790 2309 conservatione
1807 2285 2010 2317 privilegiorum
2022 2289 2048 2309 ct
2062 2289 2153 2309 contra

917 2326 1035 2349 studium
1051 2327 1213 2351 Cadomense
1228 2332 1254 2352 et
1267 2329 1388 2352 chartam
1403 2330 1614 2354 Normannorum
1630 2347 2152 2356 .....................
2199 2330 2245 2352 700

370 2388 430 2411 2670
525 2401 555 2404 -
692 2389 779 2412 Martii
797 2391 810 2412 5
888 2389 1008 2412 Facultas
1028 2389 1125 2412 artium
1141 2390 1279 2414 Nicolaum
1295 2392 1405 2415 Juvenis
1424 2395 1451 2416 ut
1466 2393 1654 2416 cancellarium
1672 2394 1699 2417 S.
1715 2393 1863 2417 Genovesae
1876 2401 1906 2416 ac
1920 2394 2027 2416 Petrum
2039 2393 2071 2416 de
2087 2393 2149 2416 Vnu-

917 2433 983 2456 ccllo
1005 2437 1032 2457 ut
1053 2434 1292 2459 suhcancellarium
1308 2437 1427 2468 ejusdem
1445 2447 1459 2459 «
1473 2445 1522 2469 pro
1540 2438 1589 2460 hoc
1608 2446 1676 2461 anno
1689 2448 1702 2459 υ
1721 2438 1827 2469 accipit.
1842 2438 1977 2462 Rectorem
1997 2437 2041 2469 qui
2062 2440 2153 2460 contra

917 2478 1040 2509 antiquos
1056 2482 1228 2510 temptatores
1246 2480 1320 2503 litem
1337 2481 1494 2512 agitaverat,
1510 2482 1660 2513 approbare
1676 2486 1779 2506 recusat
1782 2499 2151 2507 ...............
2197 2480 2242 2503 701

369 2540 428 2562 2671
525 2551 555 2555 -
685 2539 773 2562 Martii
788 2540 816 2562 27
887 2541 1008 2563 Facultas
1025 2541 1170 2565 medicinae
1185 2543 1319 2566 concludit
1340 2544 1410 2575 quod
1429 2552 1520 2568 omnes
1542 2544 1584 2567 sui
1605 2545 1739 2568 scholares
1757 2545 1784 2568 in
1803 2553 1905 2576 papyro
1926 2544 2060 2568 facultatis
2077 2547 2152 2576 quot-

917 2585 992 2608 annis
1008 2585 1190 2610 inscribantur
1193 2604 2151 2614 ......................................
2198 2588 2244 2611 703

370 2646 430 2668 2672
525 2658 552 2661 -
698 2645 760 2668 Maii
777 2646 806 2668 19
886 2646 1051 2670 Universitas
1067 2648 1153 2672 Paris,
1168 2650 1403 2680 processionaliter
1421 2651 1495 2675 vadit
1511 2652 1543 2675 ad
1565 2653 1590 2675 S.
1612 2652 1771 2676 Germanum
1786 2651 2009 2675 Autissiodorens.
2026 2659 2076 2682 pro
2092 2659 2153 2682 rege

917 2691 1025 2723 suisque
1040 2695 1065 2715 et
1079 2693 1149 2716 felici
1162 2694 1294 2717 conductu
1307 2695 1436 2719 exercitus
1452 2696 1485 2719 ad
1498 2700 1588 2727 partes
1602 2696 1777 2728 Burdigalens
1781 2712 2152 2720 ...............
2198 2695 2244 2718 704

370 2752 430 2774 2673
525 2764 553 2767 —
675 2751 736 2774 Maii
753 2752 826 2775 18-21
885 2753 1014 2777 Robertus
1031 2754 1140 2779 Ciboule
1155 2756 1182 2779 in
1197 2757 1386 2781 cancellarium
1401 2758 1528 2782 ecclesiae
1542 2759 1700 2783 Parisiensis
1718 2759 1874 2790 designatur
1889 2762 1914 2782 et
1927 2758 2074 2790 recipitur..
2093 2775 2099 2781 .
2119 2775 2125 2781 .
2145 2776 2151 2782 .
2198 2757 2244 2780 704

369 2813 430 2835 2674
524 2826 554 2830 —
690 2814 761 2836 Junii
780 2814 809 2837 19
885 2815 1051 2839 Universitas
1073 2818 1204 2842 deliberat
1223 2827 1252 2842 se
1272 2828 1460 2851 processuram
1477 2822 1604 2845 adversus
1627 2822 1751 2845 abbatem
1773 2825 1798 2845 et
1812 2824 1968 2845 conventum
1988 2821 2015 2844 S.
2034 2820 2151 2852 Dionysii

914 2864 1025 2891 propter
1037 2862 1218 2886 visitationem
1228 2865 1383 2896 pergameni
1394 2865 1420 2888 in
1433 2866 1625 2897 praejudicium
1637 2866 1765 2890 rectoriae
1776 2869 1801 2889 et
1811 2865 1943 2889 libertatis
1954 2864 2150 2889 Universitatis.
2197 2865 2242 2887 705
