2502 3418
418 336 482 368 208
989 341 1307 364 cimai-ULMHUM
1342 340 1533 362 UNtVERS.
1572 339 1700 360 rmus.
2185 322 2283 359 [1411

422 443 512 480 192
523 442 562 479 1..
590 452 763 477 Universitas
779 451 884 484 Paris„
896 454 960 486 post
977 449 1088 483 longam
1104 448 1338 474 introductionem
1352 447 1387 472 de
1399 450 1574 482 paupertate
1590 445 1810 480 suppositorum,
1828 443 1975 479 supplicat
1991 443 2094 468 vicario
2111 451 2164 469 rev.
2178 443 2285 468 domini

506 500 632 536 episcopi
651 499 874 533 Cameracens.⁴,
892 498 949 533 filii
976 497 1182 531 Universitatis,
1208 500 1237 522 ut
1259 496 1338 532 apud
1359 500 1467 521 tantum
1491 493 1634 520 dominum
1655 492 1814 518 intercedat
1829 501 1880 525 pro
1896 501 1969 526 mag.
1987 492 2115 518 Johanne
2135 492 2235 526 Magni
2250 491 2285 518 de

508 549 677 582 Brabantia,
696 558 770 582 mag.
790 548 817 573 in
833 549 892 582 fac.
910 548 1013 572 arlium
1036 550 1063 572 et
1082 546 1119 571 ab
1140 549 1200 571 orto
1223 545 1307 570 annis
1330 548 1442 578 regente
1465 543 1604 576 continue,
1629 542 1656 567 in
1678 543 1736 576 fac.
1763 541 1847 567 theol.
1874 549 1929 566 non
1949 540 2128 566 mediocriter
2146 544 2282 576 promoto,

510 599 559 634 qui
577 607 613 624 ea:
628 598 808 623 ordinatione
829 596 1086 622 commissariorum
1103 595 1140 620 ab
1159 593 1257 620 eccles.
1274 593 1424 618 Gallicana
1442 592 1634 617 institutor-um
1646 590 1739 626 primo
1761 589 1820 615 loco
1841 589 1880 615 ad
1897 590 2063 624 beneficium
2079 590 2107 615 in
2122 589 2284 615 Brahantia

509 648 675 681 assignatus
691 650 741 672 est.
759 657 772 670 (ι
789 647 987 679 Quamquam,
1005 643 1174 670 venerabilis
1188 642 1308 668 domine
1324 653 1348 667 ».

1597 684 1748 712 1408-1411,
1763 685 1819 709 dun.
1839 685 1863 713 6,
1882 684 1996 709 Parisiis.

508 753 622 777 Minuta
633 753 749 775 chax-tac.
766 752 792 774 in
809 752 885 776 Arch.
903 754 955 774 nat.
971 750 1063 776 Pau-is„
1079 750 1102 772 Μ
1115 750 1166 776 05¹⁵,
1183 753 1211 771 11⁰
1228 748 1271 771 127
1286 748 1357 777 (olim
1374 748 1402 771 Α.
1419 748 1457 771 33.
1478 748 1528 776 sss).

510 837 533 861 1.
550 837 618 860 Petri
636 836 739 866 d'Ailly,
752 835 795 866 qui
809 843 851 858 an.
864 835 933 862 1411,
949 835 1010 857 Jun.
1026 835 1048 861 6,
1067 834 1150 856 sactus
1165 836 1204 855 est
1219 832 1371 855 cardinalis.
1388 831 1446 854 Vid.
1464 830 1591 855 Chartul.
1608 830 1652 853 111.

420 998 559 1035 1922.
588 1006 760 1032 Universitas
776 1005 868 1030 Paris.
889 1004 996 1029 insistit
1009 1003 1089 1038 apud
1102 1003 1163 1028 Jole.
1180 1003 1278 1027 XXIII
1288 1011 1339 1037 pro
1359 1001 1484 1027 Gnidone
1498 1000 1533 1026 de
1550 1000 1666 1034 Malsec,
1686 1000 1836 1026 cardinale
1852 1000 2048 1026 Praenestino.

1611 1088 1677 1117 1477,
1692 1090 1754 1119 ,nost
1770 1088 1826 1113 dun,
1843 1088 1868 1116 8,
1885 1088 1998 1113 Parisiis.

502 1181 633 1213 Vestre
655 1179 833 1211 sanctitati
855 1185 993 1223 gratum
1018 1189 1099 1210 esse
1121 1177 1317 1217 credimus,
1340 1176 1551 1209 beatissime
1577 1183 1689 1220 pater,
1712 1175 1809 1220 quod
1838 1187 1954 1220 usque
1981 1175 2026 1208 ad
2047 1182 2167 1208 vestra
2194 1183 2284 1209 tem-

415 1259 500 1291 pora
522 1246 705 1278 dominum
729 1244 947 1277 cardinalem
971 1244 1241 1276 Penestrinum¹
1261 1243 1533 1275 conservaverit
1553 1242 1778 1282 Altissimus,
1801 1243 1917 1275 virum
1940 1242 1976 1274 in
1997 1243 2098 1287 gravi
2119 1242 2223 1275 senio
2244 1255 2283 1276 ac

414 1324 550 1345 summa
568 1319 673 1352 etate,
697 1312 948 1344 doctissimum
971 1317 1076 1355 atque
1099 1310 1438 1355 prudentissimum,
1456 1309 1521 1341 sed
1543 1316 1640 1342 certe
1661 1309 1803 1341 fortuna
1826 1320 1945 1341 rerum
1966 1320 2196 1353 oppressum.
2215 1310 2283 1342 Te-

414 1386 542 1412 nuerat
561 1379 655 1411 enim
678 1378 715 1410 in
735 1378 907 1422 Yspaniis
929 1377 1118 1418 beneficia,
1142 1376 1275 1421 quibus
1297 1383 1411 1409 status
1437 1387 1526 1408 suus
1553 1376 1726 1408 mediocri
1749 1375 1880 1408 decore
1902 1375 2095 1416 nitebatur,
2118 1387 2188 1420 que
2214 1375 2282 1408 sub

413 1445 612 1490 adepcione
634 1445 732 1489 pacis
753 1444 883 1477 amisit.
908 1444 1011 1477 Unde
1034 1443 1103 1476 sibi
1130 1455 1345 1475 succurrere
1366 1442 1495 1475 volens
1516 1442 1670 1475 ecclesia
1692 1441 1878 1475 Gallicana
1898 1441 2012 1474 voluit
2034 1448 2072 1474 ut
2097 1454 2162 1486 pro
2189 1449 2282 1475 statu

413 1524 478 1544 suo
500 1511 678 1544 fructibus
700 1511 855 1543 ecclesie
876 1510 1098 1555 Agathensis
1120 1516 1283 1542 uteretur
1305 1516 1339 1542 et
1360 1509 1548 1554 gauderet.
1573 1510 1616 1542 Et
1631 1509 1691 1541 sel.
1710 1521 1782 1541 rec.
1805 1508 2011 1541 Alexander
2028 1521 2117 1554 papa
2134 1509 2283 1553 quintus

412 1579 654 1623 predecessor
674 1585 795 1610 vester
817 1578 994 1610 senectuti
1022 1577 1109 1609 tanti
1135 1577 1202 1609 viri
1225 1577 1464 1621 compatiens,
1487 1576 1548 1620 qui
1575 1576 1747 1608 memoria
1769 1581 1845 1608 erat
1864 1576 2011 1620 antique
2033 1576 2146 1620 pacis,
2168 1576 2284 1609 eccle-

411 1645 498 1677 siam
522 1645 683 1677 eamdem
707 1644 776 1676 sibi
803 1644 903 1676 dedit
929 1644 972 1676 ad
1000 1644 1195 1676 triennium
1218 1643 1254 1675 in
1275 1643 1558 1683 commendam²,
1581 1642 1818 1687 dedissetque
1840 1654 1906 1687 pro
1928 1649 2117 1687 perpetuo,
2144 1649 2181 1675 ut
2204 1655 2284 1676 cre-

411 1712 542 1751 dimus,
565 1712 595 1744 si
612 1711 679 1743 hoc
702 1712 861 1755 prefatus
883 1711 1052 1743 domiuus
1075 1711 1276 1755 petivisset.
1299 1711 1402 1742 Nunc
1423 1722 1522 1750 vero,
1549 1716 1583 1742 ut
1605 1710 1785 1749 audimus,
1804 1709 1895 1742 infra
1911 1716 2054 1754 tempus
2076 1709 2171 1742 dicte
2187 1722 2285 1742 eom-

410 1778 540 1810 mende
569 1778 613 1810 (le
639 1778 699 1810 illa
728 1777 883 1810 ecclesia
909 1777 1066 1822 providit
1096 1777 1217 1809 alteri³
1247 1777 1418 1810 sanctitas
1443 1783 1576 1809 vestra.
1609 1776 1715 1819 Quod
1742 1776 1772 1809 si
1803 1777 1912 1809 suerit
1939 1777 1975 1808 in
2005 1776 2099 1809 dicta
2129 1766 2283 1810 ecclesia

411 1845 539 1877 electio
566 1844 696 1889 aliqua,
720 1844 799 1877 sine
821 1856 1050 1888 quocumque
1067 1844 1167 1884 vitio,
1191 1844 1256 1876 sed
1279 1844 1345 1876 rite
1367 1850 1400 1877 et
1422 1844 1596 1876 canonice
1618 1844 1720 1884 sacta,
1745 1855 1820 1875 eam
1843 1855 1916 1876 non
1936 1843 2160 1888 attingimus.
2182 1843 2282 1877 Alias

410 1923 495 1944 vero
519 1911 647 1943 durum
675 1918 771 1943 esset
794 1911 828 1942 in
857 1910 917 1943 tali
940 1911 1076 1955 prelato
1098 1923 1186 1943 senc
1208 1918 1242 1943 et
1263 1911 1397 1955 optime
1418 1911 1547 1943 merito
1569 1911 1746 1955 aspicere,
1769 1910 1830 1955 qui
1851 1917 1946 1943 tanta
1972 1922 2102 1955 passus
2131 1917 2186 1943 est
2217 1923 2282 1956 pro

411 1978 656 2010 ecclesiastica
680 1990 763 2021 pace
785 1984 820 2010 et
839 1977 899 2022 qui
921 1977 1164 2022 personaliter
1190 1984 1224 2010 et
1250 1978 1380 2010 devote
1402 1978 1439 2010 in
1461 1977 1554 2010 dicta
1576 1977 1716 2010 diocesi
1741 1977 1933 2021 exequitur
1959 1989 2068 2022 opera
2089 1977 2282 2022 pastoralis

412 2044 533 2084 officii,
556 2044 745 2089 presertim
773 2044 840 2076 hoc
866 2050 1029 2089 tempore
1056 2044 1167 2089 pacis,
1194 2057 1265 2089 quo
1292 2044 1382 2077 tales
1408 2045 1475 2077 viri
1504 2045 1695 2089 quiescere
1723 2044 1900 2076 deberent
1927 2050 1963 2076 et
1992 2056 2119 2089 sapere
2147 2045 2283 2089 premia

412 2111 574 2143 laborum
598 2123 759 2143 suorum.
783 2111 871 2144 Cum
891 2111 1015 2155 igitur,
1034 2111 1243 2143 beatissime
1266 2118 1379 2156 pater,
1398 2111 1459 2144 ille
1482 2111 1652 2144 dominus
1674 2111 1719 2144 sit
1740 2111 1871 2144 unicus
1893 2111 2088 2144 cardinalis
2108 2112 2284 2156 antiquis-

412 2178 525 2210 simus
547 2184 582 2210 et
602 2190 644 2210 ex
664 2178 798 2210 veteris
820 2178 918 2222 pacis
941 2178 1125 2218 memoria,
1145 2179 1205 2222 qui
1227 2178 1270 2210 ad
1293 2178 1364 2210 (luo
1386 2178 1484 2211 milia
1505 2190 1577 2210 non
1598 2177 1738 2211 obtinet
1754 2178 1789 2210 in
1811 2178 2019 2211 obedientia
2039 2185 2159 2211 vestre
2181 2190 2284 2212 sanc-

412 2245 534 2283 titatis,
558 2256 623 2277 nec
645 2244 730 2276 alibi
752 2256 855 2288 quam
879 2245 915 2276 in
939 2244 1034 2276 dicto
1057 2245 1269 2289 episcopatu
1291 2252 1502 2290 competens
1524 2244 1632 2277 habet
1652 2245 1876 2277 domicilium
1897 2257 1903 2277 :
1927 2257 1972 2277 ne
1994 2245 2131 2278 ultimis
2152 2245 2283 2278 diebus

412 2311 487 2343 suis
509 2318 659 2356 cogatur
679 2311 899 2351 mendicare,
922 2311 965 2343 ad
986 2312 1093 2344 vitam
1116 2312 1160 2344 de
1182 2312 1275 2344 dicta
1301 2312 1457 2345 ecclesia
1482 2312 1676 2357 providere
1703 2312 1917 2357 dignemini.
1950 2313 2025 2345 Hoc
2054 2324 2118 2357 pro
2143 2311 2282 2345 honore

411 2389 567 2422 persone
587 2384 708 2411 vestre
732 2385 767 2410 et
791 2377 990 2422 apostolice
1013 2378 1112 2410 sedis
1138 2378 1335 2419 hortamur,
1360 2378 1428 2411 hoc
1455 2391 1520 2424 pro
1547 2385 1644 2411 tanto
1672 2379 1749 2412 viro
1776 2379 2039 2424 supplicamus,
2066 2391 2110 2411 ne
2140 2385 2281 2424 turpem

409 2445 562 2488 patiatur
583 2445 814 2489 egestateiffl,
837 2456 916 2476 cum
934 2445 1006 2488 jam
1030 2445 1210 2477 moderari
1236 2445 1388 2478 deberet
1412 2446 1635 2490 opulentiam
1658 2458 1676 2478 a
1705 2447 1890 2490 majestate
1911 2453 2031 2479 vestra
2057 2445 2128 2478 sibi
2154 2458 2282 2478 occur-

412 2518 562 2543 rentem.
587 2512 815 2543 Sanctitatem
834 2518 988 2543 vestram
1014 2518 1156 2544 tueatur
1177 2519 1211 2544 et
1234 2519 1427 2545 conservet
1447 2524 1586 2545 summa
1608 2513 1765 2545 Trinitas
1787 2512 1830 2545 ad
1851 2525 1916 2545 sue
1942 2513 2105 2556 regimen
2127 2512 2282 2545 ecclesie

412 2585 652 2610 SilCPOSssssCtC.
677 2578 869 2622 SCI'iPIUIII.

504 2674 619 2699 Minuta
634 2675 751 2698 chartae.
765 2675 791 2697 in
805 2675 882 2699 Arcb.
898 2679 951 2698 nat.
970 2675 1065 2706 Paris„
1080 2676 1103 2698 Μ
1119 2677 1172 2705 ὓῦῐῑ,
1185 2681 1213 2698 110
1228 2677 1266 2699 49.

505 2758 528 2782 1.
545 2759 690 2781 Guidonem
707 2759 737 2781 de
757 2759 861 2789 Malsec,
877 2768 935 2782 cum
951 2759 991 2782 tit.
1011 2760 1035 2784 S.
1055 2760 1146 2782 Crucis
1165 2769 1207 2783 an.
1227 2761 1296 2790 1375,
1319 2761 1378 2784 Dec.
1396 2763 1434 2786 20.
1449 2769 1463 2783 a
1479 2761 1607 2791 Gregorio
1624 2762 1655 2784 XI
1672 2765 1785 2784 creatus.
1805 2761 1948 2784 Desunctus
1969 2763 2009 2783 est
2023 2760 2133 2784 Parisiis
2148 2761 2236 2784 Martii
2252 2762 2280 2784 18

412 2811 452 2824 an.
467 2803 535 2825 1412.
549 2803 632 2833 April.
647 2804 659 2825 [ι
676 2803 790 2826 Johanni
804 2804 885 2826 XXIII
900 2804 955 2835 jam
970 2804 1082 2827 relatum
1101 2808 1165 2829 erat,
1183 2805 1328 2828 Guidonem
1346 2806 1445 2828 obiisse
1466 2806 1552 2834 (Arch.
1569 2806 1638 2837 vat„
1657 2806 1746 2837 Oblig.
1767 2810 1796 2828 „o
1811 2807 1849 2834 56,
1870 2806 1914 2828 sol.
1930 2805 1986 2835 61¹23
2007 2805 2123 2834 ΒΑιυΖΕ,
2143 2805 2193 2829 Vit.
2207 2806 2278 2836 Pap.

412 2850 507 2872 Auen..
522 2847 540 2873 Ι,
555 2847 635 2875 1154).
646 2861 676 2864 -
688 2847 710 2871 2.
723 2849 768 2870 An.
787 2849 856 2876 1409,
871 2849 923 2871 Jul.
936 2850 959 2872 8.
970 2863 1000 2866 —
1012 2848 1035 2872 3.
1051 2849 1175 2880 Philippo
1192 2849 1222 2872 de
1239 2850 1313 2873 Levis
1328 2858 1369 2873 an.
1387 2851 1455 2879 1411,
1472 2850 1533 2873 Jun.
1550 2852 1573 2874 8.
1587 2851 1626 2873 Cf.
1640 2851 1739 2876 EUBEL,
1753 2850 1904 2874 Hierarch.
1921 2850 2032 2878 cathol⁸⁷
2051 2859 2078 2881 p.
2094 2851 2133 2873 75.
2145 2864 2174 2867 —
2186 2850 2210 2874 4.
2229 2851 2279 2874 Sed

412 2891 496 2914 Guitlo
513 2891 576 2914 nihil
596 2892 704 2922 recepit.
