<?xml version="1.0" encoding="UTF-8"?>
<!DOCTYPE html PUBLIC "-//W3C//DTD XHTML 1.0 Transitional//EN"
    "http://www.w3.org/TR/xhtml1/DTD/xhtml1-transitional.dtd">
<html xmlns="http://www.w3.org/1999/xhtml" xml:lang="en" lang="en">
 <head>
  <title>
</title>
<meta http-equiv="Content-Type" content="text/html;charset=utf-8" />
  <meta name='ocr-system' content='tesseract 3.04.00' />
  <meta name='ocr-capabilities' content='ocr_page ocr_carea ocr_par ocr_line ocrx_word'/>
</head>
<body>
  <div class='ocr_page' id='page_1' title='image "./chartulariumuniv04univuoft_0364.png"; bbox 0 0 2502 3418; ppageno 0'>
   <div class='ocr_carea' id='block_1_1' title="bbox 393 329 2265 370">
    <p class='ocr_par' dir='ltr' id='par_1_1' title="bbox 393 329 2265 370">
     <span class='ocr_line' id='line_1_1' title="bbox 393 329 2265 370; baseline -0.002 -1"><span class='ocrx_word' id='word_1_1' title='bbox 393 338 459 370; x_wconf 86' lang='lat'><em>320</em></span> <span class='ocrx_word' id='word_1_2' title='bbox 975 344 1296 369; x_wconf 71' lang='lat' dir='ltr'>CHARTULARIUM</span> <span class='ocrx_word' id='word_1_3' title='bbox 1330 344 1521 367; x_wconf 71' lang='lat' dir='ltr'><em>UNIVERS.</em></span> <span class='ocrx_word' id='word_1_4' title='bbox 1559 345 1686 366; x_wconf 53' lang='lat' dir='ltr'><em>Pilais.</em></span> <span class='ocrx_word' id='word_1_5' title='bbox 2165 329 2265 367; x_wconf 82' lang='lat'>[1416</span> 
     </span>
    </p>
   </div>
   <div class='ocr_carea' id='block_1_2' title="bbox 395 462 2265 606">
    <p class='ocr_par' dir='ltr' id='par_1_2' title="bbox 395 462 2265 606">
     <span class='ocr_line' id='line_1_2' title="bbox 395 462 2265 507; baseline -0.003 -8"><span class='ocrx_word' id='word_1_6' title='bbox 395 462 539 500; x_wconf 81' lang='grc'><strong>2068.</strong></span> <span class='ocrx_word' id='word_1_7' title='bbox 565 473 631 497; x_wconf 87' lang='lat' dir='ltr'><em>Cum</em></span> <span class='ocrx_word' id='word_1_8' title='bbox 643 480 695 497; x_wconf 77' lang='lat' dir='ltr'><em>rex</em></span> <span class='ocrx_word' id='word_1_9' title='bbox 710 471 828 498; x_wconf 84' lang='lat' dir='ltr'><em>Carolus</em></span> <span class='ocrx_word' id='word_1_10' title='bbox 843 473 886 501; x_wconf 71' lang='lat' dir='ltr'><em>VJ,</em></span> <span class='ocrx_word' id='word_1_11' title='bbox 899 475 1054 506; x_wconf 82' lang='lat' dir='ltr'><em>antequam</em></span> <span class='ocrx_word' id='word_1_12' title='bbox 1070 471 1205 497; x_wconf 80' lang='lat' dir='ltr'><em>induciae</em></span> <span class='ocrx_word' id='word_1_13' title='bbox 1220 474 1454 507; x_wconf 84' lang='lat' dir='ltr'><em>componerentur</em></span> <span class='ocrx_word' id='word_1_14' title='bbox 1470 470 1544 495; x_wconf 83' lang='lat' dir='ltr'><em>inter</em></span> <span class='ocrx_word' id='word_1_15' title='bbox 1558 470 1650 505; x_wconf 88' lang='lat' dir='ltr'><em>ipsum</em></span> <span class='ocrx_word' id='word_1_16' title='bbox 1666 472 1693 495; x_wconf 90' lang='lat' dir='ltr'><em>et</em></span> <span class='ocrx_word' id='word_1_17' title='bbox 1708 477 1801 503; x_wconf 75' lang='lat' dir='ltr'><em>regem</em></span> <span class='ocrx_word' id='word_1_18' title='bbox 1815 468 1948 503; x_wconf 80' lang='lat' dir='ltr'><em>Angliae,</em></span> <span class='ocrx_word' id='word_1_19' title='bbox 1966 469 2115 494; x_wconf 82' lang='lat' dir='ltr'><em>occasione</em></span> <span class='ocrx_word' id='word_1_20' title='bbox 2131 477 2265 494; x_wconf 77' lang='lat' dir='ltr'><em>accessus</em></span> 
     </span>
     <span class='ocr_line' id='line_1_3' title="bbox 483 516 2263 556; baseline -0.002 -9"><span class='ocrx_word' id='word_1_21' title='bbox 483 520 633 556; x_wconf 89' lang='lat' dir='ltr'><em>cujusdam</em></span> <span class='ocrx_word' id='word_1_22' title='bbox 648 521 760 547; x_wconf 89' lang='lat' dir='ltr'><em>comitis</em></span> <span class='ocrx_word' id='word_1_23' title='bbox 774 521 944 555; x_wconf 80' lang='lat' dir='ltr'><em>Hungariae</em></span> <span class='ocrx_word' id='word_1_24' title='bbox 959 520 1118 546; x_wconf 78' lang='lat' dir='ltr'><em>hastiludia</em></span> <span class='ocrx_word' id='word_1_25' title='bbox 1134 520 1284 545; x_wconf 82' lang='lat' dir='ltr'><em>instituere</em></span> <span class='ocrx_word' id='word_1_26' title='bbox 1299 519 1328 545; x_wconf 88' lang='lat' dir='ltr'><em>in</em></span> <span class='ocrx_word' id='word_1_27' title='bbox 1343 519 1439 544; x_wconf 91' lang='lat' dir='ltr'><em>animo</em></span> <span class='ocrx_word' id='word_1_28' title='bbox 1459 518 1618 550; x_wconf 82' lang='lat' dir='ltr'><em>habuisset,</em></span> <span class='ocrx_word' id='word_1_29' title='bbox 1636 521 1729 543; x_wconf 86' lang='lat' dir='ltr'><em>rector</em></span> <span class='ocrx_word' id='word_1_30' title='bbox 1748 521 1776 543; x_wconf 89' lang='lat' dir='ltr'><em>et</em></span> <span class='ocrx_word' id='word_1_31' title='bbox 1795 516 1928 553; x_wconf 87' lang='lat' dir='ltr'><em>deputati</em></span> <span class='ocrx_word' id='word_1_32' title='bbox 1953 517 2152 543; x_wconf 79' lang='lat' dir='ltr'><em>Universitatis</em></span> <span class='ocrx_word' id='word_1_33' title='bbox 2168 518 2263 544; x_wconf 85' lang='lat' dir='ltr'><em>Paris.</em></span> 
     </span>
     <span class='ocr_line' id='line_1_4' title="bbox 481 565 2262 606; baseline -0.002 -10"><span class='ocrx_word' id='word_1_34' title='bbox 481 578 534 606; x_wconf 90' lang='lat' dir='ltr'><em>per</em></span> <span class='ocrx_word' id='word_1_35' title='bbox 549 578 624 604; x_wconf 79' lang='lat' dir='ltr'><em>mag.</em></span> <span class='ocrx_word' id='word_1_36' title='bbox 642 569 803 604; x_wconf 72' lang='lat' dir='ltr'><em>theologiae</em></span> <span class='ocrx_word' id='word_1_37' title='bbox 818 569 1002 595; x_wconf 84' lang='lat' dir='ltr'><em>Benedictum</em></span> <span class='ocrx_word' id='word_1_38' title='bbox 1016 569 1149 594; x_wconf 89' lang='lat' dir='ltr'><em>Gentiani</em></span> <span class='ocrx_word' id='word_1_39' title='bbox 1158 577 1250 602; x_wconf 81' lang='lat' dir='ltr'><em>regem</em></span> <span class='ocrx_word' id='word_1_40' title='bbox 1265 567 1407 593; x_wconf 83' lang='lat' dir='ltr'><em>audacter</em></span> <span class='ocrx_word' id='word_1_41' title='bbox 1420 576 1438 592; x_wconf 96' lang='lat' dir='ltr'><em>a</em></span> <span class='ocrx_word' id='word_1_42' title='bbox 1448 566 1610 603; x_wconf 87' lang='lat' dir='ltr'><em>praedictis</em></span> <span class='ocrx_word' id='word_1_43' title='bbox 1625 565 1838 599; x_wconf 78' lang='lat' dir='ltr'><em>dissuaserunt,</em></span> <span class='ocrx_word' id='word_1_44' title='bbox 1853 565 2074 601; x_wconf 85' lang='lat' dir='ltr'><em>injustissimum</em></span> <span class='ocrx_word' id='word_1_45' title='bbox 2086 569 2262 602; x_wconf 81' lang='lat' dir='ltr'><em>reputantes,</em></span> 
     </span>
    </p>
   </div>
   <div class='ocr_carea' id='block_1_3' title="bbox 483 613 2265 653">
    <p class='ocr_par' dir='ltr' id='par_1_3' title="bbox 483 613 2265 653">
     <span class='ocr_line' id='line_1_5' title="bbox 483 613 2265 653; baseline -0.002 -9"><span class='ocrx_word' id='word_1_46' title='bbox 483 628 498 644; x_wconf 65' lang='grc'><em>4(</em></span> <span class='ocrx_word' id='word_1_47' title='bbox 513 618 721 653; x_wconf 77' lang='lat' dir='ltr'><em>regnicolarum</em></span> <span class='ocrx_word' id='word_1_48' title='bbox 735 627 836 653; x_wconf 76' lang='lat' dir='ltr'><em>graves</em></span> <span class='ocrx_word' id='word_1_49' title='bbox 849 618 1017 653; x_wconf 86' lang='lat' dir='ltr'><em>pecuniales</em></span> <span class='ocrx_word' id='word_1_50' title='bbox 1032 617 1177 651; x_wconf 87' lang='lat' dir='ltr'><em>collectas,</em></span> <span class='ocrx_word' id='word_1_51' title='bbox 1191 625 1243 652; x_wconf 88' lang='lat' dir='ltr'><em>pro</em></span> <span class='ocrx_word' id='word_1_52' title='bbox 1257 616 1424 650; x_wconf 83' lang='lat' dir='ltr'><em>defensione</em></span> <span class='ocrx_word' id='word_1_53' title='bbox 1440 615 1521 650; x_wconf 81' lang='lat' dir='ltr'><em>regni</em></span> <span class='ocrx_word' id='word_1_54' title='bbox 1532 614 1736 650; x_wconf 82' lang='lat' dir='ltr'><em>principaliter</em></span> <span class='ocrx_word' id='word_1_55' title='bbox 1749 613 1939 649; x_wconf 87' lang='lat' dir='ltr'><em>introductas,</em></span> <span class='ocrx_word' id='word_1_56' title='bbox 1954 615 1996 640; x_wconf 87' lang='lat' dir='ltr'><em>sic</em></span> <span class='ocrx_word' id='word_1_57' title='bbox 2010 614 2050 640; x_wconf 89' lang='lat' dir='ltr'><em>ad</em></span> <span class='ocrx_word' id='word_1_58' title='bbox 2065 623 2133 640; x_wconf 85' lang='lat' dir='ltr'><em>usus</em></span> <span class='ocrx_word' id='word_1_59' title='bbox 2148 614 2265 641; x_wconf 85' lang='lat' dir='ltr'><em>inutiles</em></span> 
     </span>
    </p>
   </div>
   <div class='ocr_carea' id='block_1_4' title="bbox 483 661 2262 751">
    <p class='ocr_par' dir='ltr' id='par_1_4' title="bbox 483 661 2262 751">
     <span class='ocr_line' id='line_1_6' title="bbox 484 661 2262 704; baseline -0.002 -11"><span class='ocrx_word' id='word_1_60' title='bbox 484 671 511 694; x_wconf 86' lang='lat' dir='ltr'><em>et</em></span> <span class='ocrx_word' id='word_1_61' title='bbox 533 669 694 704; x_wconf 78' lang='lat' dir='ltr'><em>superfluos</em></span> <span class='ocrx_word' id='word_1_62' title='bbox 723 667 869 703; x_wconf 85' lang='lat' dir='ltr'><em>applicari</em></span> <span class='ocrx_word' id='word_1_63' title='bbox 893 676 918 693; x_wconf 82' lang='lat'><em>›.</em></span> <span class='ocrx_word' id='word_1_64' title='bbox 945 667 1006 692; x_wconf 78' lang='lat' dir='ltr'><em>Rex</em></span> <span class='ocrx_word' id='word_1_65' title='bbox 1029 666 1123 691; x_wconf 89' lang='lat' dir='ltr'><em>iratus</em></span> <span class='ocrx_word' id='word_1_66' title='bbox 1146 664 1301 701; x_wconf 79' lang='lat' dir='ltr'><em>respondit,</em></span> <span class='ocrx_word' id='word_1_67' title='bbox 1325 664 1425 690; x_wconf 82' lang='lat' dir='ltr'><em>decere</em></span> <span class='ocrx_word' id='word_1_68' title='bbox 1451 664 1632 699; x_wconf 77' lang='lat' dir='ltr'><em>majestatem</em></span> <span class='ocrx_word' id='word_1_69' title='bbox 1658 663 1768 697; x_wconf 79' lang='lat' dir='ltr'><em>regiam</em></span> <span class='ocrx_word' id='word_1_70' title='bbox 1793 661 1908 698; x_wconf 84' lang='lat' dir='ltr'><em>aliquid</em></span> <span class='ocrx_word' id='word_1_71' title='bbox 1936 662 2099 689; x_wconf 83' lang='lat' dir='ltr'><em>nobilitatis</em></span> <span class='ocrx_word' id='word_1_72' title='bbox 2121 672 2262 698; x_wconf 77' lang='lat' dir='ltr'><em>exercere,</em></span> 
     </span>
     <span class='ocr_line' id='line_1_7' title="bbox 483 714 1371 751; baseline -0.005 -8"><span class='ocrx_word' id='word_1_73' title='bbox 483 716 594 742; x_wconf 89' lang='lat' dir='ltr'><em>addens</em></span> <span class='ocrx_word' id='word_1_74' title='bbox 609 726 618 742; x_wconf 89' lang='lat'><em>:</em></span> <span class='ocrx_word' id='word_1_75' title='bbox 634 726 649 743; x_wconf 83' lang='lat'>‹</span> <span class='ocrx_word' id='word_1_76' title='bbox 665 716 894 751; x_wconf 78' lang='lat' dir='ltr'><em>indignissimum</em></span> <span class='ocrx_word' id='word_1_77' title='bbox 910 719 1009 751; x_wconf 84' lang='lat' dir='ltr'><em>reputo</em></span> <span class='ocrx_word' id='word_1_78' title='bbox 1025 714 1130 740; x_wconf 83' lang='lat' dir='ltr'><em>habere</em></span> <span class='ocrx_word' id='word_1_79' title='bbox 1146 717 1330 740; x_wconf 86' lang='lat' dir='ltr'><em>correctorem</em></span> <span class='ocrx_word' id='word_1_80' title='bbox 1346 722 1371 739; x_wconf 83' lang='lat'><em>›.</em></span> 
     </span>
    </p>
   </div>
   <div class='ocr_carea' id='block_1_5' title="bbox 489 747 1978 830">
    <p class='ocr_par' dir='ltr' id='par_1_5' title="bbox 489 747 1978 830">
     <span class='ocr_line' id='line_1_8' title="bbox 1681 747 1978 778; baseline 0.003 -5"><span class='ocrx_word' id='word_1_81' title='bbox 1681 747 1749 777; x_wconf 75' lang='lat'><strong><em>1416,</em></strong></span> <span class='ocrx_word' id='word_1_82' title='bbox 1763 748 1846 778; x_wconf 71' lang='lat' dir='ltr'><em>dunin.</em></span> <span class='ocrx_word' id='word_1_83' title='bbox 1863 748 1978 774; x_wconf 76' lang='lat' dir='ltr'><em>ParIsiIs.</em></span> 
     </span>
     <span class='ocr_line' id='line_1_9' title="bbox 489 799 927 830; baseline -0.005 -6"><span class='ocrx_word' id='word_1_84' title='bbox 489 801 550 825; x_wconf 87' lang='lat' dir='ltr'><em>Rel.</em></span> <span class='ocrx_word' id='word_1_85' title='bbox 565 802 598 825; x_wconf 86' lang='lat' dir='ltr'><em>de</em></span> <span class='ocrx_word' id='word_1_86' title='bbox 613 800 813 830; x_wconf 77' lang='lat' dir='ltr'><em>saint-Denys,</em></span> <span class='ocrx_word' id='word_1_87' title='bbox 828 800 872 827; x_wconf 82' lang='lat' dir='ltr'><em>Vl,</em></span> <span class='ocrx_word' id='word_1_88' title='bbox 888 799 927 822; x_wconf 82' lang='lat'><em>16.</em></span> 
     </span>
    </p>
   </div>
   <div class='ocr_carea' id='block_1_6' title="bbox 398 936 1445 979">
    <p class='ocr_par' dir='ltr' id='par_1_6' title="bbox 398 936 1445 979">
     <span class='ocr_line' id='line_1_10' title="bbox 398 936 1445 979; baseline -0.007 -6"><span class='ocrx_word' id='word_1_89' title='bbox 398 936 542 973; x_wconf 79' lang='grc'><strong>2069.</strong></span> <span class='ocrx_word' id='word_1_90' title='bbox 568 945 691 979; x_wconf 85' lang='lat' dir='ltr'><em>Quidam</em></span> <span class='ocrx_word' id='word_1_91' title='bbox 707 946 735 971; x_wconf 92' lang='lat' dir='ltr'><em>in</em></span> <span class='ocrx_word' id='word_1_92' title='bbox 750 945 892 979; x_wconf 77' lang='lat' dir='ltr'><em>facultate</em></span> <span class='ocrx_word' id='word_1_93' title='bbox 908 944 1084 970; x_wconf 86' lang='lat' dir='ltr'><em>decretorum</em></span> <span class='ocrx_word' id='word_1_94' title='bbox 1098 942 1277 968; x_wconf 86' lang='lat' dir='ltr'><em>doctoratum</em></span> <span class='ocrx_word' id='word_1_95' title='bbox 1294 941 1445 977; x_wconf 87' lang='lat' dir='ltr'><em>recipiunt.</em></span> 
     </span>
    </p>
   </div>
   <div class='ocr_carea' id='block_1_7' title="bbox 1644 975 1978 1026">
    <p class='ocr_par' dir='ltr' id='par_1_7' title="bbox 1644 975 1978 1026">
     <span class='ocr_line' id='line_1_11' title="bbox 1644 975 1978 1026; baseline 0 -3"><span class='ocrx_word' id='word_1_96' title='bbox 1644 975 1715 1026; x_wconf 74' lang='lat'><strong><em>1413,</em></strong></span> <span class='ocrx_word' id='word_1_97' title='bbox 1729 997 1791 1023; x_wconf 73' lang='lat' dir='ltr'><em>dum</em></span> <span class='ocrx_word' id='word_1_98' title='bbox 1803 997 1847 1025; x_wconf 80' lang='lat'><em>22,</em></span> <span class='ocrx_word' id='word_1_99' title='bbox 1863 997 1978 1023; x_wconf 77' lang='lat' dir='ltr'><em>Parisiis.</em></span> 
     </span>
    </p>
   </div>
   <div class='ocr_carea' id='block_1_8' title="bbox 396 1085 2268 1199">
    <p class='ocr_par' dir='ltr' id='par_1_8' title="bbox 396 1085 2268 1199">
     <span class='ocr_line' id='line_1_12' title="bbox 487 1085 2268 1133; baseline -0.002 -12"><span class='ocrx_word' id='word_1_100' title='bbox 487 1089 553 1122; x_wconf 85' lang='lat' dir='ltr'><em>Die</em></span> <span class='ocrx_word' id='word_1_101' title='bbox 573 1089 643 1133; x_wconf 82' lang='lat' dir='ltr'><em>xxij</em></span> <span class='ocrx_word' id='word_1_102' title='bbox 665 1088 763 1129; x_wconf 78' lang='lat' dir='ltr'><em>Julii‚</em></span> <span class='ocrx_word' id='word_1_103' title='bbox 787 1088 845 1121; x_wconf 84' lang='lat' dir='ltr'><em>die</em></span> <span class='ocrx_word' id='word_1_104' title='bbox 866 1088 952 1120; x_wconf 87' lang='lat' dir='ltr'><em>lune</em></span> <span class='ocrx_word' id='word_1_105' title='bbox 973 1094 1054 1120; x_wconf 81' lang='lat' dir='ltr'><em>ante</em></span> <span class='ocrx_word' id='word_1_106' title='bbox 1075 1086 1236 1132; x_wconf 85' lang='lat' dir='ltr'><em>vigiliam</em></span> <span class='ocrx_word' id='word_1_107' title='bbox 1266 1087 1301 1119; x_wconf 92' lang='lat' dir='ltr'><em>S.</em></span> <span class='ocrx_word' id='word_1_108' title='bbox 1327 1085 1505 1119; x_wconf 86' lang='lat' dir='ltr'><em>Johannis</em></span> <span class='ocrx_word' id='word_1_109' title='bbox 1526 1085 1688 1130; x_wconf 72' lang='lat' dir='ltr'><em>Baptista</em></span> <span class='ocrx_word' id='word_1_110' title='bbox 1713 1096 1807 1118; x_wconf 88' lang='lat' dir='ltr'><em>anno</em></span> <span class='ocrx_word' id='word_1_111' title='bbox 1833 1086 1936 1117; x_wconf 89' lang='lat' dir='ltr'><em>Dom.</em></span> <span class='ocrx_word' id='word_1_112' title='bbox 1960 1086 2010 1118; x_wconf 68' lang='grc' dir='ltr'><em>Μ’)</em></span> <span class='ocrx_word' id='word_1_113' title='bbox 2022 1085 2159 1119; x_wconf 90' lang='lat' dir='ltr'><em>CCCC⁰</em></span> <span class='ocrx_word' id='word_1_114' title='bbox 2170 1086 2268 1119; x_wconf 90' lang='lat' dir='ltr'><strong>XVI⁰</strong></span> 
     </span>
     <span class='ocr_line' id='line_1_13' title="bbox 396 1151 2265 1199; baseline -0.003 -10"><span class='ocrx_word' id='word_1_115' title='bbox 396 1157 540 1189; x_wconf 81' lang='lat' dir='ltr'><em>fuerunt</em></span> <span class='ocrx_word' id='word_1_116' title='bbox 562 1155 772 1188; x_wconf 82' lang='lat' dir='ltr'><em>doctorizati</em></span> <span class='ocrx_word' id='word_1_117' title='bbox 797 1155 961 1199; x_wconf 75' lang='lat' dir='ltr'><em>magistri</em></span> <span class='ocrx_word' id='word_1_118' title='bbox 989 1155 1152 1187; x_wconf 82' lang='lat' dir='ltr'><em>Herveus</em></span> <span class='ocrx_word' id='word_1_119' title='bbox 1180 1152 1396 1192; x_wconf 73' lang='lat' dir='ltr'><em>Pouchardi‚</em></span> <span class='ocrx_word' id='word_1_120' title='bbox 1419 1151 1608 1197; x_wconf 81' lang='lat' dir='ltr'><em>Gyrardus</em></span> <span class='ocrx_word' id='word_1_121' title='bbox 1637 1151 1796 1196; x_wconf 66' lang='lat' dir='ltr'><em>Faydefi,</em></span> <span class='ocrx_word' id='word_1_122' title='bbox 1825 1151 2037 1197; x_wconf 86' lang='lat' dir='ltr'><em>Radulphus</em></span> <span class='ocrx_word' id='word_1_123' title='bbox 2068 1151 2265 1193; x_wconf 76' lang='lat' dir='ltr'><em>Rousselli,</em></span> 
     </span>
    </p>
   </div>
   <div class='ocr_carea' id='block_1_9' title="bbox 397 1217 2267 1334">
    <p class='ocr_par' dir='ltr' id='par_1_9' title="bbox 397 1217 2267 1334">
     <span class='ocr_line' id='line_1_14' title="bbox 397 1217 2267 1265; baseline -0.003 -10"><span class='ocrx_word' id='word_1_124' title='bbox 397 1222 608 1255; x_wconf 84' lang='lat' dir='ltr'><em>Leonardus</em></span> <span class='ocrx_word' id='word_1_125' title='bbox 629 1222 674 1255; x_wconf 83' lang='lat' dir='ltr'><em>de</em></span> <span class='ocrx_word' id='word_1_126' title='bbox 695 1223 867 1263; x_wconf 75' lang='lat' dir='ltr'><em>Passano,</em></span> <span class='ocrx_word' id='word_1_127' title='bbox 890 1221 1087 1254; x_wconf 83' lang='lat' dir='ltr'><em>Nicholaus</em></span> <span class='ocrx_word' id='word_1_128' title='bbox 1108 1221 1152 1253; x_wconf 83' lang='lat' dir='ltr'><em>de</em></span> <span class='ocrx_word' id='word_1_129' title='bbox 1174 1220 1285 1265; x_wconf 87' lang='lat' dir='ltr'><em>Logia</em></span> <span class='ocrx_word' id='word_1_130' title='bbox 1306 1220 1407 1264; x_wconf 84' lang='lat' dir='ltr'><em>prior</em></span> <span class='ocrx_word' id='word_1_131' title='bbox 1423 1219 1467 1252; x_wconf 87' lang='lat' dir='ltr'><em>de</em></span> <span class='ocrx_word' id='word_1_132' title='bbox 1489 1217 1679 1259; x_wconf 82' lang='lat' dir='ltr'><em>Pontibus,</em></span> <span class='ocrx_word' id='word_1_133' title='bbox 1702 1230 1767 1263; x_wconf 84' lang='lat' dir='ltr'><em>per</em></span> <span class='ocrx_word' id='word_1_134' title='bbox 1788 1218 1884 1251; x_wconf 85' lang='lat' dir='ltr'><em>dom.</em></span> <span class='ocrx_word' id='word_1_135' title='bbox 1907 1218 2073 1251; x_wconf 82' lang='lat' dir='ltr'><em>abbatem</em></span> <span class='ocrx_word' id='word_1_136' title='bbox 2094 1218 2139 1251; x_wconf 86' lang='lat' dir='ltr'><em>de</em></span> <span class='ocrx_word' id='word_1_137' title='bbox 2155 1220 2267 1254; x_wconf 84' lang='lat' dir='ltr'><em>Wan-</em></span> 
     </span>
     <span class='ocr_line' id='line_1_15' title="bbox 397 1289 624 1334; baseline -0.004 -12"><span class='ocrx_word' id='word_1_138' title='bbox 397 1289 624 1334; x_wconf 86' lang='lat' dir='ltr'><em>d[regisillo].</em></span> 
     </span>
    </p>
   </div>
   <div class='ocr_carea' id='block_1_10' title="bbox 486 1386 909 1415">
    <p class='ocr_par' dir='ltr' id='par_1_10' title="bbox 486 1386 909 1415">
     <span class='ocr_line' id='line_1_16' title="bbox 486 1386 909 1415; baseline -0.002 -6"><span class='ocrx_word' id='word_1_139' title='bbox 486 1387 593 1410; x_wconf 80' lang='lat' dir='ltr'><em>Memor.</em></span> <span class='ocrx_word' id='word_1_140' title='bbox 611 1388 660 1410; x_wconf 77' lang='lat' dir='ltr'><em>fac.</em></span> <span class='ocrx_word' id='word_1_141' title='bbox 673 1387 755 1415; x_wconf 62' lang='lat' dir='ltr'><em>decr„</em></span> <span class='ocrx_word' id='word_1_142' title='bbox 772 1387 790 1414; x_wconf 84' lang='lat'><em>1,</em></span> <span class='ocrx_word' id='word_1_143' title='bbox 810 1386 854 1409; x_wconf 78' lang='lat' dir='ltr'><em>fol.</em></span> <span class='ocrx_word' id='word_1_144' title='bbox 870 1386 909 1409; x_wconf 84' lang='lat'><em>21.</em></span> 
     </span>
    </p>
   </div>
   <div class='ocr_carea' id='block_1_11' title="bbox 393 1524 2270 1665">
    <p class='ocr_par' dir='ltr' id='par_1_11' title="bbox 393 1524 2270 1665">
     <span class='ocr_line' id='line_1_17' title="bbox 393 1524 2265 1566; baseline -0.003 -6"><span class='ocrx_word' id='word_1_145' title='bbox 393 1524 537 1561; x_wconf 81' lang='lat'><em>2070.</em></span> <span class='ocrx_word' id='word_1_146' title='bbox 559 1532 694 1558; x_wconf 81' lang='lat' dir='ltr'><em>Pluribus</em></span> <span class='ocrx_word' id='word_1_147' title='bbox 715 1532 861 1566; x_wconf 77' lang='lat' dir='ltr'><em>magistris</em></span> <span class='ocrx_word' id='word_1_148' title='bbox 884 1531 1045 1566; x_wconf 78' lang='lat' dir='ltr'><em>theologiae</em></span> <span class='ocrx_word' id='word_1_149' title='bbox 1060 1530 1243 1566; x_wconf 82' lang='lat' dir='ltr'><em>aliarumque</em></span> <span class='ocrx_word' id='word_1_150' title='bbox 1265 1530 1440 1564; x_wconf 83' lang='lat' dir='ltr'><em>facultatum</em></span> <span class='ocrx_word' id='word_1_151' title='bbox 1467 1530 1667 1555; x_wconf 79' lang='lat' dir='ltr'><em>Universitatis</em></span> <span class='ocrx_word' id='word_1_152' title='bbox 1687 1530 1783 1555; x_wconf 88' lang='lat' dir='ltr'><em>Paris.</em></span> <span class='ocrx_word' id='word_1_153' title='bbox 1805 1529 1833 1555; x_wconf 87' lang='lat' dir='ltr'><em>in</em></span> <span class='ocrx_word' id='word_1_154' title='bbox 1853 1529 1935 1555; x_wconf 91' lang='lat' dir='ltr'><em>curia</em></span> <span class='ocrx_word' id='word_1_155' title='bbox 1953 1528 2132 1565; x_wconf 80' lang='lat' dir='ltr'><em>parlamenti</em></span> <span class='ocrx_word' id='word_1_156' title='bbox 2151 1537 2265 1564; x_wconf 73' lang='lat' dir='ltr'><em>congre-</em></span> 
     </span>
     <span class='ocr_line' id='line_1_18' title="bbox 479 1578 2268 1617; baseline -0.003 -9"><span class='ocrx_word' id='word_1_157' title='bbox 479 1582 566 1617; x_wconf 81' lang='lat' dir='ltr'><em>gatis,</em></span> <span class='ocrx_word' id='word_1_158' title='bbox 585 1581 728 1608; x_wconf 88' lang='lat' dir='ltr'><em>Gerardus</em></span> <span class='ocrx_word' id='word_1_159' title='bbox 746 1580 867 1615; x_wconf 72' lang='lat' dir='ltr'><em>Mac-het,</em></span> <span class='ocrx_word' id='word_1_160' title='bbox 886 1589 960 1615; x_wconf 79' lang='lat' dir='ltr'><em>mag.</em></span> <span class='ocrx_word' id='word_1_161' title='bbox 979 1580 1064 1606; x_wconf 85' lang='lat' dir='ltr'><em>theol.</em></span> <span class='ocrx_word' id='word_1_162' title='bbox 1081 1583 1109 1606; x_wconf 87' lang='lat' dir='ltr'><em>et</em></span> <span class='ocrx_word' id='word_1_163' title='bbox 1123 1588 1224 1605; x_wconf 92' lang='lat' dir='ltr'><em>canon.</em></span> <span class='ocrx_word' id='word_1_164' title='bbox 1242 1579 1350 1614; x_wconf 62' lang='lat' dir='ltr'><em>Paris„</em></span> <span class='ocrx_word' id='word_1_165' title='bbox 1368 1579 1480 1605; x_wconf 90' lang='lat' dir='ltr'><em>nomine</em></span> <span class='ocrx_word' id='word_1_166' title='bbox 1500 1579 1699 1605; x_wconf 81' lang='lat' dir='ltr'><em>Universitatis</em></span> <span class='ocrx_word' id='word_1_167' title='bbox 1717 1578 1875 1604; x_wconf 87' lang='lat' dir='ltr'><em>orationem</em></span> <span class='ocrx_word' id='word_1_168' title='bbox 1891 1578 1993 1604; x_wconf 84' lang='lat' dir='ltr'><em>habuit</em></span> <span class='ocrx_word' id='word_1_169' title='bbox 2012 1578 2136 1604; x_wconf 83' lang='lat' dir='ltr'><em>themate</em></span> <span class='ocrx_word' id='word_1_170' title='bbox 2154 1582 2268 1614; x_wconf 84' lang='lat' dir='ltr'><em>sumpto</em></span> 
     </span>
     <span class='ocr_line' id='line_1_19' title="bbox 481 1627 2270 1665; baseline -0.003 -7"><span class='ocrx_word' id='word_1_171' title='bbox 481 1632 599 1658; x_wconf 85' lang='lat' dir='ltr'><em>Justicia</em></span> <span class='ocrx_word' id='word_1_172' title='bbox 613 1633 642 1658; x_wconf 84' lang='lat' dir='ltr'><em>et</em></span> <span class='ocrx_word' id='word_1_173' title='bbox 651 1631 799 1665; x_wconf 78' lang='lat' dir='ltr'><em>Judicium</em></span> <span class='ocrx_word' id='word_1_174' title='bbox 812 1630 976 1664; x_wconf 73' lang='lat' dir='ltr'><em>preparatio</em></span> <span class='ocrx_word' id='word_1_175' title='bbox 991 1630 1065 1656; x_wconf 84' lang='lat' dir='ltr'><em>sedis</em></span> <span class='ocrx_word' id='word_1_176' title='bbox 1080 1631 1130 1656; x_wconf 85' lang='lat' dir='ltr'><em>tue</em></span> <span class='ocrx_word' id='word_1_177' title='bbox 1143 1633 1242 1655; x_wconf 87' lang='lat' dir='ltr'><em>contra</em></span> <span class='ocrx_word' id='word_1_178' title='bbox 1259 1628 1397 1664; x_wconf 85' lang='lat' dir='ltr'><em>scriptum</em></span> <span class='ocrx_word' id='word_1_179' title='bbox 1415 1627 1555 1654; x_wconf 77' lang='lat' dir='ltr'><em>Iohannis</em></span> <span class='ocrx_word' id='word_1_180' title='bbox 1568 1628 1654 1654; x_wconf 79' lang='lat' dir='ltr'><em>Parvi</em></span> <span class='ocrx_word' id='word_1_181' title='bbox 1667 1628 1863 1655; x_wconf 76' lang='lat' dir='ltr'><em>Justification</em></span> <span class='ocrx_word' id='word_1_182' title='bbox 1881 1628 1924 1653; x_wconf 88' lang='lat' dir='ltr'><em>du</em></span> <span class='ocrx_word' id='word_1_183' title='bbox 1940 1628 1998 1653; x_wconf 89' lang='lat' dir='ltr'><em>duc</em></span> <span class='ocrx_word' id='word_1_184' title='bbox 2017 1627 2053 1654; x_wconf 88' lang='lat' dir='ltr'><em>de</em></span> <span class='ocrx_word' id='word_1_185' title='bbox 2070 1627 2270 1664; x_wconf 66' lang='lat' dir='ltr'><em>Bourgoigne,</em></span> 
     </span>
    </p>
   </div>
   <div class='ocr_carea' id='block_1_12' title="bbox 481 1676 2269 1763">
    <p class='ocr_par' dir='ltr' id='par_1_12' title="bbox 481 1676 2269 1763">
     <span class='ocr_line' id='line_1_20' title="bbox 482 1676 2269 1711; baseline -0.002 -5"><span class='ocrx_word' id='word_1_186' title='bbox 482 1685 509 1706; x_wconf 93' lang='lat' dir='ltr'><em>et</em></span> <span class='ocrx_word' id='word_1_187' title='bbox 524 1685 623 1706; x_wconf 84' lang='lat' dir='ltr'><em>contra</em></span> <span class='ocrx_word' id='word_1_188' title='bbox 643 1680 813 1706; x_wconf 86' lang='lat' dir='ltr'><em>sententiam</em></span> <span class='ocrx_word' id='word_1_189' title='bbox 830 1680 916 1705; x_wconf 83' lang='lat' dir='ltr'><em>trium</em></span> <span class='ocrx_word' id='word_1_190' title='bbox 939 1678 1147 1705; x_wconf 82' lang='lat' dir='ltr'><em>cardinalium⁴</em></span> <span class='ocrx_word' id='word_1_191' title='bbox 1166 1678 1233 1704; x_wconf 91' lang='lat' dir='ltr'><em>olim</em></span> <span class='ocrx_word' id='word_1_192' title='bbox 1257 1677 1410 1704; x_wconf 85' lang='lat' dir='ltr'><em>electorum</em></span> <span class='ocrx_word' id='word_1_193' title='bbox 1432 1685 1451 1702; x_wconf 91' lang='lat' dir='ltr'><em>a</em></span> <span class='ocrx_word' id='word_1_194' title='bbox 1469 1676 1600 1703; x_wconf 82' lang='lat' dir='ltr'><em>Iohanne</em></span> <span class='ocrx_word' id='word_1_195' title='bbox 1616 1678 1721 1710; x_wconf 80' lang='lat' dir='ltr'><em>XXIII,</em></span> <span class='ocrx_word' id='word_1_196' title='bbox 1746 1687 1759 1701; x_wconf 66' lang='grc' dir='ltr'><em>(ι</em></span> <span class='ocrx_word' id='word_1_197' title='bbox 1776 1677 1829 1711; x_wconf 86' lang='lat' dir='ltr'><em>qui</em></span> <span class='ocrx_word' id='word_1_198' title='bbox 1848 1677 1934 1704; x_wconf 73' lang='lat' dir='ltr'><em>estoit</em></span> <span class='ocrx_word' id='word_1_199' title='bbox 1955 1677 1995 1703; x_wconf 76' lang='lat' dir='ltr'><em>tel</em></span> <span class='ocrx_word' id='word_1_200' title='bbox 2016 1676 2096 1710; x_wconf 74' lang='lat' dir='ltr'><em>quel.</em></span> <span class='ocrx_word' id='word_1_201' title='bbox 2112 1678 2141 1703; x_wconf 81' lang='lat' dir='ltr'><em>el.</em></span> <span class='ocrx_word' id='word_1_202' title='bbox 2155 1676 2196 1703; x_wconf 83' lang='lat' dir='ltr'><em>tel</em></span> <span class='ocrx_word' id='word_1_203' title='bbox 2210 1684 2269 1711; x_wconf 85' lang='lat' dir='ltr'><em>que</em></span> 
     </span>
     <span class='ocr_line' id='line_1_21' title="bbox 481 1724 1833 1763; baseline -0.003 -7"><span class='ocrx_word' id='word_1_204' title='bbox 481 1731 608 1757; x_wconf 87' lang='lat' dir='ltr'><em>chaseun</em></span> <span class='ocrx_word' id='word_1_205' title='bbox 624 1732 690 1759; x_wconf 82' lang='lat' dir='ltr'><em>scet‚</em></span> <span class='ocrx_word' id='word_1_206' title='bbox 706 1731 734 1755; x_wconf 79' lang='lat' dir='ltr'><em>et</em></span> <span class='ocrx_word' id='word_1_207' title='bbox 749 1737 824 1763; x_wconf 90' lang='lat' dir='ltr'><em>pour</em></span> <span class='ocrx_word' id='word_1_208' title='bbox 836 1737 867 1756; x_wconf 86' lang='lat' dir='ltr'><em>ce</em></span> <span class='ocrx_word' id='word_1_209' title='bbox 882 1737 898 1755; x_wconf 84' lang='lat' dir='ltr'>a</span> <span class='ocrx_word' id='word_1_210' title='bbox 913 1727 970 1755; x_wconf 79' lang='lat' dir='ltr'><em>esle&#39;</em></span> <span class='ocrx_word' id='word_1_211' title='bbox 984 1727 1089 1762; x_wconf 64' lang='lat' dir='ltr'><em>deposaei</em></span> <span class='ocrx_word' id='word_1_212' title='bbox 1103 1728 1144 1754; x_wconf 93' lang='lat' dir='ltr'><em>du</em></span> <span class='ocrx_word' id='word_1_213' title='bbox 1158 1729 1255 1762; x_wconf 77' lang='lat' dir='ltr'><em>papat.</em></span> <span class='ocrx_word' id='word_1_214' title='bbox 1272 1735 1320 1754; x_wconf 87' lang='lat' dir='ltr'><em>car</em></span> <span class='ocrx_word' id='word_1_215' title='bbox 1331 1727 1352 1752; x_wconf 92' lang='lat' dir='ltr'><em>il</em></span> <span class='ocrx_word' id='word_1_216' title='bbox 1365 1726 1449 1753; x_wconf 80' lang='lat' dir='ltr'><em>estoit</em></span> <span class='ocrx_word' id='word_1_217' title='bbox 1463 1726 1585 1760; x_wconf 85' lang='lat' dir='ltr'><em>indigne</em></span> <span class='ocrx_word' id='word_1_218' title='bbox 1597 1724 1614 1752; x_wconf 70' lang='grc' dir='ltr'>ὲ</span> <span class='ocrx_word' id='word_1_219' title='bbox 1627 1726 1666 1752; x_wconf 84' lang='lat' dir='ltr'><em>tel</em></span> <span class='ocrx_word' id='word_1_220' title='bbox 1680 1724 1793 1759; x_wconf 59' lang='lat' dir='ltr'><em>dignito</em></span> <span class='ocrx_word' id='word_1_221' title='bbox 1809 1736 1833 1752; x_wconf 91' lang='lat'><em>».</em></span> 
     </span>
    </p>
   </div>
   <div class='ocr_carea' id='block_1_13' title="bbox 1617 1815 1980 1848">
    <p class='ocr_par' dir='ltr' id='par_1_13' title="bbox 1617 1815 1980 1848">
     <span class='ocr_line' id='line_1_22' title="bbox 1617 1815 1980 1848; baseline -0.003 -6"><span class='ocrx_word' id='word_1_222' title='bbox 1617 1816 1687 1845; x_wconf 77' lang='lat'><strong><em>1416.</em></strong></span> <span class='ocrx_word' id='word_1_223' title='bbox 1704 1815 1811 1848; x_wconf 66' lang='lat' dir='ltr'><em>Mousti</em></span> <span class='ocrx_word' id='word_1_224' title='bbox 1826 1816 1847 1845; x_wconf 82' lang='lat'><em>7.</em></span> <span class='ocrx_word' id='word_1_225' title='bbox 1863 1815 1980 1841; x_wconf 78' lang='lat' dir='ltr'><em>Parisiis.</em></span> 
     </span>
    </p>
   </div>
   <div class='ocr_carea' id='block_1_14' title="bbox 397 1903 2267 1982">
    <p class='ocr_par' dir='ltr' id='par_1_14' title="bbox 397 1903 2267 1982">
     <span class='ocr_line' id='line_1_23' title="bbox 487 1903 2267 1935; baseline -0.002 -6"><span class='ocrx_word' id='word_1_226' title='bbox 487 1907 565 1930; x_wconf 75' lang='lat' dir='ltr'><em>Arch.</em></span> <span class='ocrx_word' id='word_1_227' title='bbox 582 1909 635 1929; x_wconf 79' lang='lat' dir='ltr'><em>nat.</em></span> <span class='ocrx_word' id='word_1_228' title='bbox 651 1906 745 1935; x_wconf 58' lang='lat' dir='ltr'><em>Paris„</em></span> <span class='ocrx_word' id='word_1_229' title='bbox 759 1906 806 1929; x_wconf 72' lang='lat' dir='ltr'><em>X¹=</em></span> <span class='ocrx_word' id='word_1_230' title='bbox 817 1906 887 1932; x_wconf 76' lang='lat'>4791.</span> <span class='ocrx_word' id='word_1_231' title='bbox 905 1906 950 1929; x_wconf 80' lang='lat' dir='ltr'><em>rol.</em></span> <span class='ocrx_word' id='word_1_232' title='bbox 967 1905 1084 1929; x_wconf 81' lang='lat'><em>131-133.</em></span> <span class='ocrx_word' id='word_1_233' title='bbox 1100 1905 1226 1930; x_wconf 79' lang='lat' dir='ltr'><em>Journal</em></span> <span class='ocrx_word' id='word_1_234' title='bbox 1239 1906 1273 1929; x_wconf 83' lang='lat' dir='ltr'><em>de</em></span> <span class='ocrx_word' id='word_1_235' title='bbox 1287 1904 1403 1929; x_wconf 65' lang='lat' dir='ltr'><em>Nic-olas</em></span> <span class='ocrx_word' id='word_1_236' title='bbox 1416 1905 1449 1928; x_wconf 80' lang='lat' dir='ltr'><em>de</em></span> <span class='ocrx_word' id='word_1_237' title='bbox 1464 1904 1549 1934; x_wconf 76' lang='lat' dir='ltr'><em>Baye,</em></span> <span class='ocrx_word' id='word_1_238' title='bbox 1563 1903 1604 1927; x_wconf 83' lang='lat' dir='ltr'><em>ed.</em></span> <span class='ocrx_word' id='word_1_239' title='bbox 1619 1904 1739 1934; x_wconf 69' lang='lat' dir='ltr'><em>Tun-tn,</em></span> <span class='ocrx_word' id='word_1_240' title='bbox 1756 1904 1788 1932; x_wconf 83' lang='lat'><em>11,</em></span> <span class='ocrx_word' id='word_1_241' title='bbox 1803 1912 1829 1935; x_wconf 89' lang='lat' dir='ltr'><em>p.</em></span> <span class='ocrx_word' id='word_1_242' title='bbox 1844 1904 1951 1927; x_wconf 77' lang='lat'>260-263</span> <span class='ocrx_word' id='word_1_243' title='bbox 1966 1903 2143 1934; x_wconf 75' lang='lat' dir='ltr'><em>(fragments).</em></span> <span class='ocrx_word' id='word_1_244' title='bbox 2161 1903 2267 1934; x_wconf 75' lang='lat' dir='ltr'><em>Integre</em></span> 
     </span>
     <span class='ocr_line' id='line_1_24' title="bbox 397 1949 1369 1982; baseline -0.002 -7"><span class='ocrx_word' id='word_1_245' title='bbox 397 1952 428 1975; x_wconf 86' lang='grc' dir='ltr'><em>Η.</em></span> <span class='ocrx_word' id='word_1_246' title='bbox 442 1952 560 1975; x_wconf 71' lang='grc' dir='ltr'><em>ΒΕΝιι-ιε</em></span> <span class='ocrx_word' id='word_1_247' title='bbox 571 1951 718 1974; x_wconf 77' lang='lat' dir='ltr'><em>orationem</em></span> <span class='ocrx_word' id='word_1_248' title='bbox 732 1950 882 1982; x_wconf 77' lang='lat' dir='ltr'><em>publicabit</em></span> <span class='ocrx_word' id='word_1_249' title='bbox 894 1958 953 1973; x_wconf 90' lang='lat' dir='ltr'><em>cum</em></span> <span class='ocrx_word' id='word_1_250' title='bbox 968 1949 1100 1980; x_wconf 79' lang='lat' dir='ltr'><em>Epistolis</em></span> <span class='ocrx_word' id='word_1_251' title='bbox 1116 1950 1236 1974; x_wconf 82' lang='lat' dir='ltr'><em>Gerardi</em></span> <span class='ocrx_word' id='word_1_252' title='bbox 1247 1949 1369 1973; x_wconf 81' lang='lat' dir='ltr'><em>Machet.</em></span> 
     </span>
    </p>
   </div>
   <div class='ocr_carea' id='block_1_15' title="bbox 489 2031 2268 2065">
    <p class='ocr_par' dir='ltr' id='par_1_15' title="bbox 489 2031 2268 2065">
     <span class='ocr_line' id='line_1_25' title="bbox 489 2031 2268 2065; baseline -0.002 -7"><span class='ocrx_word' id='word_1_253' title='bbox 489 2035 513 2060; x_wconf 84' lang='lat'><em>1.</em></span> <span class='ocrx_word' id='word_1_254' title='bbox 532 2036 665 2058; x_wconf 79' lang='lat' dir='ltr'><em>Jordanus</em></span> <span class='ocrx_word' id='word_1_255' title='bbox 681 2035 804 2064; x_wconf 82' lang='lat' dir='ltr'><em>Ursinus,</em></span> <span class='ocrx_word' id='word_1_256' title='bbox 820 2035 903 2065; x_wconf 86' lang='lat' dir='ltr'><em>episc.</em></span> <span class='ocrx_word' id='word_1_257' title='bbox 918 2035 1069 2064; x_wconf 61' lang='lat' dir='ltr'><em>Albanens„</em></span> <span class='ocrx_word' id='word_1_258' title='bbox 1084 2035 1211 2058; x_wconf 73' lang='lat' dir='ltr'><em>Antonius</em></span> <span class='ocrx_word' id='word_1_259' title='bbox 1227 2034 1300 2058; x_wconf 78' lang='lat' dir='ltr'><em>card.</em></span> <span class='ocrx_word' id='word_1_260' title='bbox 1317 2033 1506 2065; x_wconf 63' lang='lat' dir='ltr'><em>Aquilegiens„</em></span> <span class='ocrx_word' id='word_1_261' title='bbox 1521 2036 1546 2057; x_wconf 81' lang='lat' dir='ltr'><em>et</em></span> <span class='ocrx_word' id='word_1_262' title='bbox 1561 2033 1718 2056; x_wconf 74' lang='lat' dir='ltr'><em>Franciscun</em></span> <span class='ocrx_word' id='word_1_263' title='bbox 1733 2032 1872 2055; x_wconf 75' lang='lat' dir='ltr'><em>annrella</em></span> <span class='ocrx_word' id='word_1_264' title='bbox 1886 2031 1959 2055; x_wconf 78' lang='lat' dir='ltr'><em>card.</em></span> <span class='ocrx_word' id='word_1_265' title='bbox 1976 2031 2144 2055; x_wconf 73' lang='lat' dir='ltr'><em>Florentinus</em></span> <span class='ocrx_word' id='word_1_266' title='bbox 2158 2038 2268 2063; x_wconf 72' lang='lat' dir='ltr'><em>proces-</em></span> 
     </span>
    </p>
   </div>
   <div class='ocr_carea' id='block_1_16' title="bbox 396 2076 2267 2155">
    <p class='ocr_par' dir='ltr' id='par_1_16' title="bbox 396 2076 2267 2155">
     <span class='ocr_line' id='line_1_26' title="bbox 397 2076 2267 2112; baseline -0.002 -9"><span class='ocrx_word' id='word_1_267' title='bbox 397 2089 456 2103; x_wconf 76' lang='lat' dir='ltr'><em>sum</em></span> <span class='ocrx_word' id='word_1_268' title='bbox 471 2080 504 2103; x_wconf 80' lang='lat' dir='ltr'><em>ab</em></span> <span class='ocrx_word' id='word_1_269' title='bbox 520 2080 600 2112; x_wconf 77' lang='lat' dir='ltr'><em>episc.</em></span> <span class='ocrx_word' id='word_1_270' title='bbox 623 2080 708 2104; x_wconf 80' lang='lat' dir='ltr'><em>Puris.</em></span> <span class='ocrx_word' id='word_1_271' title='bbox 728 2083 820 2103; x_wconf 75' lang='lat' dir='ltr'><em>contra</em></span> <span class='ocrx_word' id='word_1_272' title='bbox 835 2080 982 2103; x_wconf 80' lang='lat' dir='ltr'><em>doctrinam</em></span> <span class='ocrx_word' id='word_1_273' title='bbox 997 2079 1126 2103; x_wconf 75' lang='lat' dir='ltr'><em>Johannis</em></span> <span class='ocrx_word' id='word_1_274' title='bbox 1146 2079 1224 2103; x_wconf 81' lang='lat' dir='ltr'><em>Parvi</em></span> <span class='ocrx_word' id='word_1_275' title='bbox 1244 2079 1405 2107; x_wconf 79' lang='lat' dir='ltr'><em>institutum,</em></span> <span class='ocrx_word' id='word_1_276' title='bbox 1422 2087 1464 2102; x_wconf 85' lang='lat' dir='ltr'><em>nn.</em></span> <span class='ocrx_word' id='word_1_277' title='bbox 1481 2078 1550 2105; x_wconf 70' lang='lat'><strong>1416,</strong></span> <span class='ocrx_word' id='word_1_278' title='bbox 1568 2078 1627 2101; x_wconf 83' lang='lat' dir='ltr'><em>Jan.</em></span> <span class='ocrx_word' id='word_1_279' title='bbox 1650 2078 1688 2107; x_wconf 83' lang='lat'><em>15,</em></span> <span class='ocrx_word' id='word_1_280' title='bbox 1709 2077 1735 2100; x_wconf 90' lang='lat' dir='ltr'><em>in</em></span> <span class='ocrx_word' id='word_1_281' title='bbox 1755 2077 1872 2101; x_wconf 86' lang='lat' dir='ltr'><em>Concilio</em></span> <span class='ocrx_word' id='word_1_282' title='bbox 1895 2076 2031 2100; x_wconf 76' lang='lat' dir='ltr'><em>Constant.</em></span> <span class='ocrx_word' id='word_1_283' title='bbox 2053 2076 2267 2100; x_wconf 72' lang='lat' dir='ltr'><em>annullaverant.</em></span> 
     </span>
     <span class='ocr_line' id='line_1_27' title="bbox 396 2124 1013 2155; baseline 0 -7"><span class='ocrx_word' id='word_1_284' title='bbox 396 2125 455 2148; x_wconf 83' lang='lat' dir='ltr'><em>Vid.</em></span> <span class='ocrx_word' id='word_1_285' title='bbox 469 2128 532 2148; x_wconf 77' lang='lat' dir='ltr'><em>tom.</em></span> <span class='ocrx_word' id='word_1_286' title='bbox 546 2125 576 2154; x_wconf 76' lang='lat' dir='ltr'><em>V,</em></span> <span class='ocrx_word' id='word_1_287' title='bbox 592 2128 617 2148; x_wconf 83' lang='lat' dir='ltr'><em>et</em></span> <span class='ocrx_word' id='word_1_288' title='bbox 634 2126 700 2155; x_wconf 81' lang='lat' dir='ltr'><em>Opp.</em></span> <span class='ocrx_word' id='word_1_289' title='bbox 715 2124 842 2155; x_wconf 65' lang='lat' dir='ltr'><em>Gerson,</em></span> <span class='ocrx_word' id='word_1_290' title='bbox 855 2125 885 2153; x_wconf 87' lang='lat' dir='ltr'><em>V,</em></span> <span class='ocrx_word' id='word_1_291' title='bbox 898 2126 1013 2148; x_wconf 86' lang='lat'><em>500-507.</em></span> 
     </span>
    </p>
   </div>
   <div class='ocr_carea' id='block_1_17' title="bbox 400 2279 2269 2323">
    <p class='ocr_par' dir='ltr' id='par_1_17' title="bbox 400 2279 2269 2323">
     <span class='ocr_line' id='line_1_28' title="bbox 400 2279 2269 2323; baseline -0.003 -9"><span class='ocrx_word' id='word_1_292' title='bbox 400 2279 600 2316; x_wconf 87' lang='lat' dir='ltr'><em>2071.1n</em></span> <span class='ocrx_word' id='word_1_293' title='bbox 614 2288 732 2314; x_wconf 81' lang='lat' dir='ltr'><em>consilio</em></span> <span class='ocrx_word' id='word_1_294' title='bbox 747 2292 774 2314; x_wconf 86' lang='lat' dir='ltr'><em>et</em></span> <span class='ocrx_word' id='word_1_295' title='bbox 794 2288 876 2313; x_wconf 84' lang='lat' dir='ltr'><em>curia</em></span> <span class='ocrx_word' id='word_1_296' title='bbox 893 2287 1071 2323; x_wconf 89' lang='lat' dir='ltr'><em>parlamenti</em></span> <span class='ocrx_word' id='word_1_297' title='bbox 1086 2296 1148 2313; x_wconf 88' lang='lat' dir='ltr'><em>cum</em></span> <span class='ocrx_word' id='word_1_298' title='bbox 1169 2286 1267 2313; x_wconf 86' lang='lat' dir='ltr'><em>multis</em></span> <span class='ocrx_word' id='word_1_299' title='bbox 1289 2286 1359 2312; x_wconf 85' lang='lat' dir='ltr'><em>aliis</em></span> <span class='ocrx_word' id='word_1_300' title='bbox 1378 2288 1496 2320; x_wconf 86' lang='lat' dir='ltr'><em>fuerunt</em></span> <span class='ocrx_word' id='word_1_301' title='bbox 1510 2290 1603 2312; x_wconf 90' lang='lat' dir='ltr'><em>rector</em></span> <span class='ocrx_word' id='word_1_302' title='bbox 1627 2285 1835 2319; x_wconf 85' lang='lat' dir='ltr'><em>Universitatis,</em></span> <span class='ocrx_word' id='word_1_303' title='bbox 1855 2289 1912 2310; x_wconf 91' lang='lat' dir='ltr'><em>tres</em></span> <span class='ocrx_word' id='word_1_304' title='bbox 1931 2284 2061 2310; x_wconf 88' lang='lat' dir='ltr'><em>doctores</em></span> <span class='ocrx_word' id='word_1_305' title='bbox 2078 2284 2106 2309; x_wconf 87' lang='lat' dir='ltr'><em>in</em></span> <span class='ocrx_word' id='word_1_306' title='bbox 2125 2283 2222 2318; x_wconf 67' lang='lat' dir='ltr'><em>theol„</em></span> <span class='ocrx_word' id='word_1_307' title='bbox 2242 2286 2269 2310; x_wconf 87' lang='lat' dir='ltr'><em>et</em></span> 
     </span>
    </p>
   </div>
   <div class='ocr_carea' id='block_1_18' title="bbox 488 2332 2267 2372">
    <p class='ocr_par' dir='ltr' id='par_1_18' title="bbox 488 2332 2267 2372">
     <span class='ocr_line' id='line_1_29' title="bbox 488 2332 2267 2372; baseline -0.002 -9"><span class='ocrx_word' id='word_1_308' title='bbox 488 2341 544 2363; x_wconf 91' lang='lat' dir='ltr'><em>tres</em></span> <span class='ocrx_word' id='word_1_309' title='bbox 561 2337 589 2363; x_wconf 87' lang='lat' dir='ltr'><em>in</em></span> <span class='ocrx_word' id='word_1_310' title='bbox 608 2337 714 2363; x_wconf 85' lang='lat' dir='ltr'><em>decret.</em></span> <span class='ocrx_word' id='word_1_311' title='bbox 733 2346 794 2363; x_wconf 91' lang='lat' dir='ltr'><em>cum</em></span> <span class='ocrx_word' id='word_1_312' title='bbox 815 2337 934 2363; x_wconf 79' lang='lat' dir='ltr'><em>diversis</em></span> <span class='ocrx_word' id='word_1_313' title='bbox 955 2337 1153 2362; x_wconf 81' lang='lat' dir='ltr'><em>Universitatis</em></span> <span class='ocrx_word' id='word_1_314' title='bbox 1168 2336 1328 2372; x_wconf 84' lang='lat' dir='ltr'><em>suppositis</em></span> <span class='ocrx_word' id='word_1_315' title='bbox 1344 2336 1384 2361; x_wconf 90' lang='lat' dir='ltr'><em>ad</em></span> <span class='ocrx_word' id='word_1_316' title='bbox 1405 2335 1626 2369; x_wconf 80' lang='lat' dir='ltr'><em>consiliandum,</em></span> <span class='ocrx_word' id='word_1_317' title='bbox 1645 2334 1784 2370; x_wconf 86' lang='lat' dir='ltr'><em>quomodo</em></span> <span class='ocrx_word' id='word_1_318' title='bbox 1805 2334 1847 2360; x_wconf 87' lang='lat' dir='ltr'><em>sic</em></span> <span class='ocrx_word' id='word_1_319' title='bbox 1862 2334 1948 2360; x_wconf 84' lang='lat' dir='ltr'><em>dictis</em></span> <span class='ocrx_word' id='word_1_320' title='bbox 1965 2343 1979 2358; x_wconf 92' lang='lat'>«</span> <span class='ocrx_word' id='word_1_321' title='bbox 1995 2333 2094 2367; x_wconf 85' lang='lat' dir='ltr'><em>pillars</em></span> <span class='ocrx_word' id='word_1_322' title='bbox 2108 2334 2137 2360; x_wconf 82' lang='lat' dir='ltr'><em>et</em></span> <span class='ocrx_word' id='word_1_323' title='bbox 2151 2332 2267 2363; x_wconf 81' lang='lat' dir='ltr'><em>banniz.</em></span> 
     </span>
    </p>
   </div>
   <div class='ocr_carea' id='block_1_19' title="bbox 488 2381 2271 2462">
    <p class='ocr_par' dir='ltr' id='par_1_19' title="bbox 488 2381 2271 2462">
     <span class='ocr_line' id='line_1_30' title="bbox 488 2381 2271 2421; baseline -0.003 -8"><span class='ocrx_word' id='word_1_324' title='bbox 488 2387 540 2421; x_wconf 89' lang='lat' dir='ltr'><em>qui</em></span> <span class='ocrx_word' id='word_1_325' title='bbox 556 2389 679 2413; x_wconf 84' lang='lat' dir='ltr'><em>courent</em></span> <span class='ocrx_word' id='word_1_326' title='bbox 692 2394 745 2420; x_wconf 85' lang='lat' dir='ltr'><em>par</em></span> <span class='ocrx_word' id='word_1_327' title='bbox 762 2387 788 2413; x_wconf 84' lang='lat' dir='ltr'><em>le</em></span> <span class='ocrx_word' id='word_1_328' title='bbox 802 2394 952 2420; x_wconf 82' lang='lat' dir='ltr'><em>royaume.</em></span> <span class='ocrx_word' id='word_1_329' title='bbox 968 2387 1074 2419; x_wconf 87' lang='lat' dir='ltr'><em>pillans</em></span> <span class='ocrx_word' id='word_1_330' title='bbox 1089 2388 1116 2413; x_wconf 81' lang='lat' dir='ltr'><em>et</em></span> <span class='ocrx_word' id='word_1_331' title='bbox 1131 2386 1318 2412; x_wconf 76' lang='lat' dir='ltr'><em>murtrissans</em></span> <span class='ocrx_word' id='word_1_332' title='bbox 1333 2387 1429 2412; x_wconf 70' lang='lat' dir='ltr'><em>toules</em></span> <span class='ocrx_word' id='word_1_333' title='bbox 1443 2384 1586 2411; x_wconf 64' lang='lat' dir='ltr'><em>manieres</em></span> <span class='ocrx_word' id='word_1_334' title='bbox 1600 2385 1636 2411; x_wconf 86' lang='lat' dir='ltr'><em>de</em></span> <span class='ocrx_word' id='word_1_335' title='bbox 1650 2392 1721 2418; x_wconf 85' lang='lat' dir='ltr'><em>gens</em></span> <span class='ocrx_word' id='word_1_336' title='bbox 1737 2394 1750 2408; x_wconf 87' lang='lat'>»</span> <span class='ocrx_word' id='word_1_337' title='bbox 1767 2383 1937 2410; x_wconf 74' lang='lat' dir='ltr'><em>obviandum</em></span> <span class='ocrx_word' id='word_1_338' title='bbox 1958 2386 2042 2409; x_wconf 85' lang='lat' dir='ltr'><em>esset.</em></span> <span class='ocrx_word' id='word_1_339' title='bbox 2066 2381 2212 2408; x_wconf 86' lang='lat' dir='ltr'><em>Producta</em></span> <span class='ocrx_word' id='word_1_340' title='bbox 2227 2385 2271 2408; x_wconf 88' lang='lat' dir='ltr'><em>est</em></span> 
     </span>
     <span class='ocr_line' id='line_1_31' title="bbox 490 2435 761 2462; baseline 0 -1"><span class='ocrx_word' id='word_1_341' title='bbox 490 2435 569 2461; x_wconf 87' lang='lat' dir='ltr'><em>bulla</em></span> <span class='ocrx_word' id='word_1_342' title='bbox 589 2435 696 2461; x_wconf 84' lang='lat' dir='ltr'><em>Urbani</em></span> <span class='ocrx_word' id='word_1_343' title='bbox 718 2435 761 2462; x_wconf 61' lang='lat' dir='ltr'><em>Vl.</em></span> 
     </span>
    </p>
   </div>
   <div class='ocr_carea' id='block_1_20' title="bbox 492 2469 2139 2589">
    <p class='ocr_par' dir='ltr' id='par_1_20' title="bbox 492 2469 2139 2589">
     <span class='ocr_line' id='line_1_32' title="bbox 1608 2469 1983 2502; baseline -0.005 -6"><span class='ocrx_word' id='word_1_344' title='bbox 1608 2469 1678 2499; x_wconf 79' lang='lat' dir='ltr'><em>ure.</em></span> <span class='ocrx_word' id='word_1_345' title='bbox 1693 2469 1800 2502; x_wconf 66' lang='lat' dir='ltr'><em>Augusti</em></span> <span class='ocrx_word' id='word_1_346' title='bbox 1815 2469 1852 2499; x_wconf 82' lang='grc'><em>18,</em></span> <span class='ocrx_word' id='word_1_347' title='bbox 1868 2469 1983 2495; x_wconf 74' lang='lat' dir='ltr'><em>Parisiis.</em></span> 
     </span>
     <span class='ocr_line' id='line_1_33' title="bbox 492 2555 2139 2589; baseline -0.002 -8"><span class='ocrx_word' id='word_1_348' title='bbox 492 2559 569 2582; x_wconf 76' lang='lat' dir='ltr'><em>Arch.</em></span> <span class='ocrx_word' id='word_1_349' title='bbox 586 2562 640 2582; x_wconf 74' lang='lat' dir='ltr'><em>nat.</em></span> <span class='ocrx_word' id='word_1_350' title='bbox 653 2559 748 2587; x_wconf 65' lang='lat' dir='ltr'><em>Paris„</em></span> <span class='ocrx_word' id='word_1_351' title='bbox 764 2559 811 2581; x_wconf 64' lang='grc' dir='ltr'><em>ΧΗι</em></span> <span class='ocrx_word' id='word_1_352' title='bbox 827 2559 896 2587; x_wconf 69' lang='grc' dir='ltr'><em>Ηὸο,</em></span> <span class='ocrx_word' id='word_1_353' title='bbox 913 2559 958 2582; x_wconf 87' lang='lat' dir='ltr'><em>sol.</em></span> <span class='ocrx_word' id='word_1_354' title='bbox 974 2560 1013 2582; x_wconf 82' lang='lat'><em>65.</em></span> <span class='ocrx_word' id='word_1_355' title='bbox 1030 2559 1155 2583; x_wconf 79' lang='lat' dir='ltr'><em>Journal</em></span> <span class='ocrx_word' id='word_1_356' title='bbox 1167 2561 1200 2583; x_wconf 83' lang='lat' dir='ltr'><em>de</em></span> <span class='ocrx_word' id='word_1_357' title='bbox 1213 2558 1326 2583; x_wconf 83' lang='lat' dir='ltr'><em>Nicolas</em></span> <span class='ocrx_word' id='word_1_358' title='bbox 1339 2560 1370 2583; x_wconf 79' lang='lat' dir='ltr'><em>de</em></span> <span class='ocrx_word' id='word_1_359' title='bbox 1385 2559 1472 2589; x_wconf 82' lang='lat' dir='ltr'><em>Baye,</em></span> <span class='ocrx_word' id='word_1_360' title='bbox 1488 2559 1520 2587; x_wconf 82' lang='grc' dir='ltr'><em>Π,</em></span> <span class='ocrx_word' id='word_1_361' title='bbox 1538 2559 1592 2582; x_wconf 82' lang='grc'><strong>266.</strong></span> <span class='ocrx_word' id='word_1_362' title='bbox 1608 2558 1648 2582; x_wconf 73' lang='lat' dir='ltr'><em>Cf.</em></span> <span class='ocrx_word' id='word_1_363' title='bbox 1666 2559 1769 2582; x_wconf 83' lang='lat' dir='ltr'><em>Chron.</em></span> <span class='ocrx_word' id='word_1_364' title='bbox 1784 2559 1817 2582; x_wconf 79' lang='lat' dir='ltr'><em>de</em></span> <span class='ocrx_word' id='word_1_365' title='bbox 1833 2557 2006 2585; x_wconf 85' lang='lat' dir='ltr'><em>Monstrelet,</em></span> <span class='ocrx_word' id='word_1_366' title='bbox 2021 2556 2067 2584; x_wconf 86' lang='lat'>111,</span> <span class='ocrx_word' id='word_1_367' title='bbox 2085 2555 2139 2579; x_wconf 86' lang='lat'>152.</span> 
     </span>
    </p>
   </div>
   <div class='ocr_carea' id='block_1_21' title="bbox 495 2642 957 2674">
    <p class='ocr_par' dir='ltr' id='par_1_21' title="bbox 495 2642 957 2674">
     <span class='ocr_line' id='line_1_34' title="bbox 495 2642 957 2674; baseline -0.002 -7"><span class='ocrx_word' id='word_1_368' title='bbox 495 2642 520 2667; x_wconf 77' lang='lat'><em>1.</em></span> <span class='ocrx_word' id='word_1_369' title='bbox 536 2643 571 2666; x_wconf 89' lang='lat' dir='ltr'><em>De</em></span> <span class='ocrx_word' id='word_1_370' title='bbox 586 2651 638 2674; x_wconf 83' lang='lat' dir='ltr'><em>qua</em></span> <span class='ocrx_word' id='word_1_371' title='bbox 653 2651 735 2674; x_wconf 81' lang='lat' dir='ltr'><em>supra</em></span> <span class='ocrx_word' id='word_1_372' title='bbox 749 2651 777 2674; x_wconf 88' lang='lat' dir='ltr'><em>p.</em></span> <span class='ocrx_word' id='word_1_373' title='bbox 793 2644 847 2669; x_wconf 77' lang='lat'><em>222.</em></span> <span class='ocrx_word' id='word_1_374' title='bbox 863 2646 918 2667; x_wconf 77' lang='lat' dir='ltr'><em>not.</em></span> <span class='ocrx_word' id='word_1_375' title='bbox 934 2644 957 2667; x_wconf 86' lang='lat'><em>2.</em></span> 
     </span>
    </p>
   </div>
   <div class='ocr_carea' id='block_1_22' title="bbox 405 2782 2271 2828">
    <p class='ocr_par' dir='ltr' id='par_1_22' title="bbox 405 2782 2271 2828">
     <span class='ocr_line' id='line_1_35' title="bbox 405 2782 2271 2828; baseline -0.003 -10"><span class='ocrx_word' id='word_1_376' title='bbox 405 2782 604 2819; x_wconf 85' lang='lat' dir='ltr'><em>2072.1n</em></span> <span class='ocrx_word' id='word_1_377' title='bbox 620 2792 837 2826; x_wconf 79' lang='lat' dir='ltr'><em>congregatione</em></span> <span class='ocrx_word' id='word_1_378' title='bbox 852 2791 1005 2826; x_wconf 79' lang='lat' dir='ltr'><em>facultatis</em></span> <span class='ocrx_word' id='word_1_379' title='bbox 1021 2792 1117 2827; x_wconf 59' lang='lat' dir='ltr'><em>theol„</em></span> <span class='ocrx_word' id='word_1_380' title='bbox 1135 2792 1321 2818; x_wconf 85' lang='lat' dir='ltr'><em>adstantibus</em></span> <span class='ocrx_word' id='word_1_381' title='bbox 1337 2791 1557 2828; x_wconf 81' lang='lat' dir='ltr'><em>quamplurimis</em></span> <span class='ocrx_word' id='word_1_382' title='bbox 1573 2791 1735 2826; x_wconf 77' lang='lat' dir='ltr'><em>theologiae</em></span> <span class='ocrx_word' id='word_1_383' title='bbox 1755 2790 1929 2824; x_wconf 84' lang='lat' dir='ltr'><em>doctoribus,</em></span> <span class='ocrx_word' id='word_1_384' title='bbox 1948 2789 2105 2816; x_wconf 86' lang='lat' dir='ltr'><em>licentiatis</em></span> <span class='ocrx_word' id='word_1_385' title='bbox 2126 2792 2153 2814; x_wconf 88' lang='lat' dir='ltr'><em>et</em></span> <span class='ocrx_word' id='word_1_386' title='bbox 2169 2788 2271 2814; x_wconf 82' lang='lat' dir='ltr'><em>bacca-</em></span> 
     </span>
    </p>
   </div>
   <div class='ocr_carea' id='block_1_23' title="bbox 494 2836 2272 2925">
    <p class='ocr_par' dir='ltr' id='par_1_23' title="bbox 494 2836 2272 2925">
     <span class='ocr_line' id='line_1_36' title="bbox 494 2836 2270 2877; baseline -0.002 -11"><span class='ocrx_word' id='word_1_387' title='bbox 494 2840 591 2874; x_wconf 82' lang='lat' dir='ltr'><em>lareis,</em></span> <span class='ocrx_word' id='word_1_388' title='bbox 614 2849 686 2875; x_wconf 74' lang='lat' dir='ltr'><em>mag.</em></span> <span class='ocrx_word' id='word_1_389' title='bbox 704 2840 847 2866; x_wconf 74' lang='lat' dir='ltr'><em>lohannes</em></span> <span class='ocrx_word' id='word_1_390' title='bbox 861 2841 1057 2875; x_wconf 74' lang='lat' dir='ltr'><em>Breviscoxae,</em></span> <span class='ocrx_word' id='word_1_391' title='bbox 1075 2841 1229 2875; x_wconf 84' lang='lat' dir='ltr'><em>facultatis</em></span> <span class='ocrx_word' id='word_1_392' title='bbox 1244 2841 1381 2875; x_wconf 84' lang='lat' dir='ltr'><em>decanus,</em></span> <span class='ocrx_word' id='word_1_393' title='bbox 1399 2840 1540 2877; x_wconf 77' lang='lat' dir='ltr'><em>exposuit,</em></span> <span class='ocrx_word' id='word_1_394' title='bbox 1557 2839 1634 2876; x_wconf 88' lang='lat' dir='ltr'><em>quod</em></span> <span class='ocrx_word' id='word_1_395' title='bbox 1650 2839 1769 2866; x_wconf 87' lang='lat' dir='ltr'><em>Carolus</em></span> <span class='ocrx_word' id='word_1_396' title='bbox 1787 2848 1840 2866; x_wconf 75' lang='lat' dir='ltr'><em>rex</em></span> <span class='ocrx_word' id='word_1_397' title='bbox 1854 2839 1894 2865; x_wconf 86' lang='lat' dir='ltr'><em>ad</em></span> <span class='ocrx_word' id='word_1_398' title='bbox 1913 2842 2051 2864; x_wconf 81' lang='lat' dir='ltr'><em>rectorem</em></span> <span class='ocrx_word' id='word_1_399' title='bbox 2071 2836 2270 2864; x_wconf 79' lang='lat' dir='ltr'><em>Universitatis</em></span> 
     </span>
     <span class='ocr_line' id='line_1_37' title="bbox 494 2886 2272 2925; baseline -0.002 -11"><span class='ocrx_word' id='word_1_400' title='bbox 494 2889 676 2925; x_wconf 82' lang='lat' dir='ltr'><em>Radulphum</em></span> <span class='ocrx_word' id='word_1_401' title='bbox 692 2889 840 2915; x_wconf 86' lang='lat' dir='ltr'><em>Recuchon</em></span> <span class='ocrx_word' id='word_1_402' title='bbox 853 2899 921 2915; x_wconf 87' lang='lat' dir='ltr'><em>suos</em></span> <span class='ocrx_word' id='word_1_403' title='bbox 939 2890 1055 2916; x_wconf 87' lang='lat' dir='ltr'><em>nuntios</em></span> <span class='ocrx_word' id='word_1_404' title='bbox 1067 2890 1177 2916; x_wconf 86' lang='lat' dir='ltr'><em>miserit</em></span> <span class='ocrx_word' id='word_1_405' title='bbox 1192 2890 1328 2925; x_wconf 81' lang='lat' dir='ltr'><em>dicentes,</em></span> <span class='ocrx_word' id='word_1_406' title='bbox 1345 2890 1374 2916; x_wconf 90' lang='lat' dir='ltr'><em>in</em></span> <span class='ocrx_word' id='word_1_407' title='bbox 1393 2889 1516 2916; x_wconf 84' lang='lat' dir='ltr'><em>Concilio</em></span> <span class='ocrx_word' id='word_1_408' title='bbox 1533 2889 1746 2915; x_wconf 84' lang='lat' dir='ltr'><em>Constantiensi</em></span> <span class='ocrx_word' id='word_1_409' title='bbox 1759 2897 1821 2915; x_wconf 80' lang='lat' dir='ltr'><em>esse</em></span> <span class='ocrx_word' id='word_1_410' title='bbox 1837 2887 1988 2914; x_wconf 86' lang='lat' dir='ltr'><em>nonnullos</em></span> <span class='ocrx_word' id='word_1_411' title='bbox 2004 2887 2167 2921; x_wconf 79' lang='lat' dir='ltr'><em>magistros,</em></span> <span class='ocrx_word' id='word_1_412' title='bbox 2186 2886 2272 2912; x_wconf 88' lang='lat' dir='ltr'><em>licen-</em></span> 
     </span>
    </p>
   </div>
   <div class='ocr_carea' id='block_1_24' title="bbox 2384 819 2502 3418">
    <p class='ocr_par' dir='ltr' id='par_1_24' title="bbox 2384 819 2502 3418">
     <span class='ocr_line' id='line_1_38' title="bbox 2384 819 2502 3418; baseline 0 0"><span class='ocrx_word' id='word_1_413' title='bbox 2384 819 2502 3418; x_wconf 95' lang='lat' dir='ltr'><em> </em></span> 
     </span>
    </p>
   </div>
  </div>
 </body>
</html>
