2502 3418
397 358 461 390 518
976 366 1293 389 CHARTULAMUM
1328 367 1517 389 Uvanns.
1555 368 1683 390 PARIS.
2165 358 2264 395 [1431

396 476 542 514 2379.
565 483 686 509 Nomina
702 490 796 508 eor-um
814 481 863 516 qai
878 480 1029 515 Rotomagi
1040 480 1191 516 processui
1206 479 1390 513 adstiterunt,
1410 479 1451 506 vel
1464 479 1567 505 saltem
1582 481 1674 506 vocati
1689 484 1781 507 erant.

1517 567 1588 598 1431,
1605 569 1662 594 dan.
1678 569 1769 594 9-uaii
1779 569 1824 597 30.
1838 569 1978 602 Rotomagi.

490 661 518 683 ln
533 663 604 683 textu
617 658 831 682 conservavimus
847 658 907 680 illos
923 656 1030 688 gradus,
1049 656 1145 687 quihus
1163 655 1263 686 singuli
1281 655 1307 678 in
1321 663 1449 686 processu
1465 663 1509 687 ap.
1525 656 1686 684 Qumnmzu
1701 657 1818 680 decorati
1833 661 1904 682 sunt.
1920 658 1975 681 Non
1992 658 2026 680 ad
2041 666 2085 681 eos
2100 661 2175 682 notas
2199 658 2265 690 adji-

396 695 488 732 cimus,
505 713 570 736 quos
581 704 636 736 jam
651 704 677 727 in
693 702 877 734 superioribus
892 700 1085 724 annotavimus.
1103 701 1173 723 Inter
1188 708 1269 723 uncos
1287 700 1420 729 addimus,
1437 700 1459 723 si
1475 700 1534 732 quis
1550 701 1577 724 in
1591 701 1709 733 qualibet
1723 701 1866 733 disciplina
1881 702 2031 725 licentiatus
2046 703 2087 726 vel
2102 703 2196 726 saltem
2208 703 2264 734 jum

396 750 524 781 magister
534 749 631 772 artium
646 748 756 772 Parisiis
769 747 827 770 fuit.
843 746 929 770 Facile
942 747 1066 769 lectorem
1081 745 1159 768 index
1174 745 1321 774 adjuvabit.
1338 745 1380 768 Sic
1396 745 1537 776 apparebit
1552 753 1633 777 quum
1652 746 1729 769 multi
1747 755 1778 770 ex
1797 747 1984 770 assistentibus
2005 747 2038 770 ad
2058 747 2263 771 Universitatem

395 794 479 818 Paris.
491 793 675 825 pertinuerint,
690 792 790 815 scilicet
809 794 878 814 certe
893 792 967 813 80-86
980 790 1059 821 hujus
1073 789 1260 813 Universitatis
1274 789 1414 821 supposita
1429 790 1508 821 (quod
1519 790 1590 814 docti
1607 790 1733 814 hactenus
1752 791 1927 822 ignorarunt),
1941 791 2009 815 sicut
2027 792 2105 815 etiam
2129 792 2263 815 distinctio

395 841 486 863 exacta
507 846 621 870 veraque
637 837 833 868 religiosorum.
853 835 903 863 Qui
918 843 949 858 ex
968 834 1155 858 assistentibus
1176 837 1294 865 tempore
1314 842 1455 865 processus
1472 834 1582 858 Parisiis
1602 838 1662 858 actu
1686 839 1806 867 regentes
1829 836 1856 859 in
1873 837 1964 866 theol„y
1989 837 2112 867 decretis,
2133 836 2264 860 medicina

396 885 510 913 ruerunt,
526 891 577 906 non
593 890 671 913 aegre
683 890 696 905 e
711 881 894 906 Chartulario
907 882 1061 903 noscuntur.
1077 879 1148 907 Quos
1159 878 1256 902 italicis
1272 878 1343 910 typis
1355 878 1509 902 scribendos
1520 879 1681 909 curavimus,
1693 880 1803 903 Parisiis
1816 881 1879 904 olim
1892 881 2026 904 studuisse
2039 889 2092 904 non
2105 881 2263 910 invenimus,

395 936 545 960 quanquam
560 935 611 950 non
627 926 757 949 affirmare
769 924 966 956 praetendimus
978 924 1081 955 aliquos
1095 932 1187 947 eorum
1199 932 1334 959 nunquam
1345 923 1383 946 ibi
1393 923 1481 947 studia
1491 923 1626 948 habuisse.
1637 925 1688 948 Nec
1700 925 1786 956 quoad
1797 933 1887 949 omnes
1900 925 2026 949 certiores
2041 934 2099 949 esse
2109 934 2264 957 possumus.

396 973 503 997 Codices
519 979 659 1003 processus
675 970 840 1001 negligenter
861 968 953 1000 scripti
974 969 1109 991 erroribus
1125 976 1176 991 non
1192 971 1292 998 carent,
1309 976 1421 1000 quorum
1435 968 1574 1000 quosdam,
1591 977 1606 992 a
1621 969 1715 998 doctis,
1732 969 1811 993 etiam
1824 978 1839 993 a
1853 970 2052 999 annnmms,
2071 971 2188 994 nondum
2204 970 2264 994 ani-

396 1018 548 1040 madversos
566 1019 697 1038 notamus).

489 1061 621 1085 ,Iohannes
642 1060 673 1082 de
693 1060 764 1082 Fano
786 1058 872 1090 quiin
892 1058 974 1082 theol.
995 1057 1122 1089 magister
1137 1057 1243 1087 dicitur,
1259 1061 1315 1081 tum
1335 1057 1506 1081 baccalareus
1522 1061 1625 1081 tantum
1648 1058 1704 1087 suit,
1721 1059 1790 1090 quod
1810 1059 1993 1082 verisimiliter
2013 1059 2092 1083 etiam
2113 1059 2145 1083 de
2164 1059 2264 1083 Jacoho

395 1106 517 1131 Guesdon
540 1104 694 1132 dicendum;
709 1103 833 1127 Nicolaus
853 1102 936 1126 Amici
949 1106 975 1126 et
985 1102 1143 1126 Guillelmus
1157 1102 1269 1126 Evrardi
1285 1102 1407 1126 similiter
1427 1102 1495 1126 inter
1512 1103 1655 1133 magistros
1671 1103 1811 1132 numerati,
1832 1104 1960 1127 licentiati
1975 1107 2063 1127 tamen
2083 1104 2263 1134 solummodo;

395 1150 575 1174 Boemundum
592 1149 622 1172 de
641 1149 736 1172 Lutrea
751 1147 884 1171 bedellum
903 1147 1018 1170 nationis
1039 1147 1191 1171 Gallicanae
1208 1150 1279 1170 certo
1299 1147 1397 1171 certius
1418 1150 1458 1170 est
1478 1147 1559 1170 fuisse
1577 1150 1631 1171 nat.
1646 1147 1807 1179 Anglicanae
1827 1148 1973 1179 bedellum;
1989 1148 2123 1172 Johannes
2137 1149 2266 1180 Maugerii

395 1195 475 1218 semel
486 1194 544 1217 bac.
560 1194 640 1217 theol.
657 1195 776 1222 vocatur,
791 1200 851 1215 cum
868 1192 946 1215 fuerit
964 1192 1114 1215 licentiatus
1130 1191 1156 1214 in
1167 1191 1227 1223 jure
1244 1191 1383 1220 cunonic0;
1401 1191 1529 1215 Ricardus
1546 1192 1697 1215 Lucratoris
1717 1192 1872 1216 inscribitur
1892 1196 1921 1216 ut
1937 1193 1994 1217 bac.
2015 1193 2106 1222 theol„
2125 1201 2183 1216 cum
2203 1196 2266 1217 tunc

395 1242 463 1264 esset
477 1239 551 1262 hacc.
567 1238 663 1261 decret.
679 1237 803 1261 Nicolaus
818 1236 913 1260 Medici
930 1236 1047 1268 primum
1065 1236 1166 1260 baccal.
1185 1236 1276 1267 theol„
1294 1236 1390 1260 iterum
1406 1236 1534 1268 magister
1556 1236 1661 1267 dicitur,
1680 1237 1749 1260 sicut
1765 1238 1921 1268 Radulphus
1937 1238 2072 1261 Silvestris
2092 1237 2267 1262 communiter

395 1283 505 1312 baccaL,
522 1283 568 1306 sed
583 1283 662 1306 semel
676 1282 764 1305 licent.
780 1282 860 1305 theol.
878 1281 1042 1306 inscribitur.
1059 1281 1208 1305 Gerouldus
1222 1281 1331 1304 Postelli
1344 1280 1500 1312 designatur
1515 1284 1543 1304 ut
1557 1281 1645 1305 licent.
1658 1282 1683 1304 in
1696 1282 1716 1313 j.
1733 1290 1800 1310 cam,
1814 1290 1872 1305 cum
1887 1285 1974 1305 tamen
1985 1286 2055 1306 esset
2067 1282 2153 1305 solum
2164 1282 2265 1307 baccal.

395 1329 421 1351 in
443 1332 563 1359 utroque.
585 1327 674 1351 Abbas
693 1326 872 1350 Mortuimaris
888 1326 997 1350 affertur
1013 1325 1181 1354 Guillelmus,
1202 1334 1261 1349 cum
1277 1329 1364 1349 tamen
1384 1334 1444 1349 vere
1465 1326 1545 1349 suerit
1566 1325 1699 1350 Nicolaus.
1715 1327 1838 1350 Fortasse
1855 1327 1935 1350 etiam
1950 1327 2080 1359 quaedam
2098 1327 2266 1359 sequentium

395 1373 530 1396 nominum
543 1373 669 1396 mutanda
683 1375 761 1395 sunt:
775 1371 908 1395 Johannes
925 1373 985 1401 (non
1004 1370 1156 1400 Mauricius)
1173 1370 1204 1394 de
1226 1370 1371 1399 Quesneio;
1390 1371 1483 1394 Petrus
1503 1372 1563 1400 (non
1582 1371 1715 1401 Nicolaus)
1734 1371 1840 1400 Medici;
1860 1372 1996 1395 Johannes
2017 1363 2078 1401 (non
2098 1372 2265 1404 Radulphus)

395 1418 543 1445 Silvestris;
562 1417 696 1440 Johannes
714 1418 775 1446 (non
787 1416 922 1446 Nieolaus)
939 1415 963 1439 le
978 1415 1095 1439 Vautier.

487 1462 574 1493 Aliqui
591 1462 686 1485 horum
706 1469 826 1484 errorum
841 1461 897 1492 jam
914 1460 940 1483 in
957 1460 1072 1485 minuta
1085 1459 1192 1491 (partim
1211 1460 1319 1491 gallica,
1334 1459 1432 1491 partim
1448 1459 1540 1490 latina)
1556 1460 1727 1489 exstiterunt;
1744 1461 1790 1484 sed
1808 1461 1916 1492 quidam
1936 1462 2023 1484 solum
2040 1461 2067 1484 in
2087 1462 2266 1486 redactionem

392 1507 502 1530 latinam
518 1506 689 1538 irrepserant,
705 1514 772 1538 quae
786 1507 855 1529 facta
870 1508 910 1529 est
923 1513 935 1528 «
949 1513 998 1536 per
1013 1513 1139 1535 magnum
1154 1504 1281 1535 temporis
1295 1504 1411 1535 spatium
1427 1508 1488 1535 post
1503 1507 1614 1528 mortem
1630 1504 1715 1537 ipsius
1735 1505 1872 1528 Johannae
1888 1513 1899 1528 )›
1919 1505 2097 1535 (chnmu-r,
2114 1507 2159 1535 ΠΙ,
2175 1514 2203 1538 p.
2220 1507 2265 1530 195

392 1554 451 1583 ξφ),
463 1551 601 1583 etquidem
611 1559 659 1582 per
672 1550 800 1574 'rhomam
813 1550 844 1573 de
856 1549 1000 1573 Courcellis
1013 1550 1038 1579 (l.
1052 1558 1083 1577 c.,
1099 1558 1124 1580 p.
1134 1550 1197 1579 135),
1207 1548 1251 1580 qui
1262 1548 1340 1580 plura
1352 1549 1502 1572 memoriter
1515 1549 1601 1572 solum
1614 1549 1734 1578 inseruit,
1747 1549 1876 1580 pluraque
1889 1549 1947 1581 ipse
1959 1550 2102 1581 supplevit,
2115 1559 2182 1582 quae
2195 1554 2268 1575 nota-

393 1596 426 1619 rii
440 1596 600 1619 minutarum
615 1595 736 1618 consulto
751 1594 905 1619 omiselnnt.
920 1595 949 1618 In
964 1595 1078 1618 minuta
1088 1595 1147 1623 (ms-
1163 1593 1210 1616 lat.
1229 1594 1299 1623 8838)
1315 1593 1467 1616 nominibus
1483 1601 1658 1624 personarum
1673 1594 1820 1625 generatim
1835 1602 1887 1617 non
1901 1594 2056 1626 adjungitur
2074 1595 2173 1626 gradus
2189 1603 2266 1627 quem

394 1641 420 1664 in
434 1640 547 1664 diversis
563 1640 681 1663 scientiis
693 1639 851 1663 habuerunt.
867 1639 982 1662 Thomas
998 1639 1029 1662 de
1046 1638 1201 1667 Courcellis,
1215 1637 1257 1661 cui
1282 1637 1422 1669 diligentia
1444 1638 1604 1670 veritasque,
1623 1642 1650 1661 ut
1667 1647 1680 1662 e
1702 1639 1837 1663 Processu
1851 1639 2086 1664 rehabilitationis
2104 1640 2196 1672 liquet,
2214 1648 2267 1664 non

394 1693 506 1716 magnae
519 1693 597 1708 curae
612 1685 670 1713 fuit,
687 1683 790 1715 aliquos
806 1683 852 1707 illo
868 1684 954 1715 gradu
969 1682 1111 1712 decoravit,
1130 1691 1180 1715 quo
1197 1691 1244 1706 suo
1260 1685 1377 1714 tempore
1398 1683 1564 1714 gaudebant3
1581 1686 1708 1714 quantum
1728 1683 1762 1706 ad
1782 1683 1848 1707 alios
1869 1683 1975 1707 omnino
1993 1684 2100 1708 erravit.
2117 1684 2266 1708 Abbatibua

395 1730 507 1761 denique
522 1730 633 1754 minuta
647 1737 742 1752 nomen
757 1737 808 1751 non
825 1728 988 1760 praeposuit.
1004 1728 1046 1751 Sic
1062 1727 1162 1751 ibidem
1181 1728 1226 1751 fol.
1242 1726 1294 1756 311»,
1310 1727 1349 1756 32,
1362 1728 1399 1756 34,
1416 1727 1501 1750 solum
1519 1727 1646 1750 scribitur
1662 1735 1667 1751 ε
1686 1736 1697 1750 α
1713 1727 1796 1751 abbas
1812 1728 1991 1752 Mortuimaris
2008 1736 2030 1758 n,
2047 1728 2092 1752 ubi
2108 1729 2222 1753 Thomas
2235 1730 2267 1754 de

396 1774 540 1798 Courcellis
558 1774 619 1803 (vid.
635 1774 805 1803 inciuznn'r,
822 1773 841 1801 Ι,
857 1774 912 1802 404,
929 1774 982 1801 426,
998 1773 1052 1802 465)
1069 1771 1229 1804 supplevit«
1243 1771 1416 1796 Guillelmum
1431 1780 1454 1801 υ,
1468 1771 1485 1795 i.
1501 1780 1524 1796 e.
1540 1772 1662 1795 abbatem
1679 1772 1719 1795 sui
1734 1772 1874 1804 temporis.
1891 1773 1928 1796 Ex
1941 1781 1991 1804 quo
2006 1773 2198 1803 concludimus,
2212 1776 2268 1798 tra—

397 1819 544 1843 ductionem
560 1818 669 1841 lutinam
686 1826 736 1841 non
751 1826 809 1841 esse
826 1819 922 1841 factam
935 1820 995 1841 ante
1008 1825 1106 1840 annum
1122 1817 1191 1845 1435,
1208 1820 1234 1840 et
1248 1818 1361 1840 fortasse
1375 1819 1477 1847 postea.

451 1972 551 1997 Petrus
570 1971 719 1999 Cauchon.
736 1970 820 2004 episc.
843 1970 1018 1999 Belvacens.‚‘
1037 1969 1152 2002 primus
1171 1969 1273 1995 Judex.
1290 1969 1439 1995 Johannes
1454 1969 1592 2002 Magistri,
1605 1969 1638 1995 O.
1652 1968 1764 1999 Praed.,
1777 1969 2029 2003 secundusjudex.
2041 1978 2057 1996 a
2068 1970 2162 1996 Martii
2176 1979 2216 1996 12.

1051 2057 1147 2084 Prima
1166 2057 1229 2085 dies
1248 2064 1407 2092 processus
1428 2058 1555 2092 (Januar.
1574 2063 1609 2093 91.

487 2121 605 2154 Egidius
619 2120 665 2156 [de
681 2121 859 2153 Duremort]‚
874 2120 961 2146 abbas
976 2120 1170 2146 Fiscamnens.
1435 2121 1566 2147 Mcolaus
1578 2120 1796 2154 Coppequesne.

486 2170 617 2196 Nicolaus
631 2169 718 2195 abbas
736 2169 772 2195 de
787 2168 950 2195 Gemeticis.
1434 2168 1565 2194 Nicolaus
1580 2168 1735 2194 Loiselleur
1749 2168 1846 2201 [solum
1860 2177 1931 2204 may.
1949 2169 2026 2204 art.],

488 2218 588 2243 Petrus
600 2217 739 2251 [MigetiiJ.
755 2217 835 2251 prior
849 2217 885 2243 de
897 2217 1073 2250 Longavilla.
1435 2217 1501 2243 Joh.
1532 2217 1717 2250 [Benedicite]
1749 2217 1785 2243 de
1815 2217 1967 2248 Estivet0⁴,
2000 2218 2032 2244 in
2061 2220 2264 2252 promotorem

487 2266 658 2299 Radulphus
668 2265 816 2291 Rousselli.
1358 2266 1475 2292 electus.

488 2314 615 2341 Nicolaus
630 2314 663 2340 de
682 2312 823 2340 Venderes.
1434 2314 1500 2340 Joh.
1524 2314 1559 2341 de
1580 2315 1670 2341 Fonte
1690 2316 1745 2348 [lic.
1766 2315 1839 2342 decr.
1867 2316 1954 2350 1A24J,
1975 2316 2006 2342 in
2030 2316 2265 2343 commissarium

488 2364 621 2390 Robertus
633 2364 770 2390 Bar-herii.
1358 2364 1475 2390 electus.

492 2439 642 2462 Deliberant
656 2438 687 2461 de
703 2438 779 2461 modo
795 2437 949 2461 instituendi
963 2446 1127 2469 processum.
1145 2437 1296 2461 Habeantur
1309 2438 1508 2462 informationes
1522 2447 1602 2470 super
1619 2439 1660 2462 his
1677 2447 1744 2470 quae
1759 2440 1790 2463 de
1807 2439 1882 2463 sactis
1898 2448 1928 2463 ac
1939 2440 2016 2463 dictis
2027 2440 2164 2464 Johannae
2180 2441 2267 2465 divul-

399 2483 539 2514 gabantur.
553 2483 628 2506 Febr.
645 2483 675 2506 20
689 2483 822 2506 invenitur
838 2482 917 2506 etiam
930 2483 973 2508 Fr.
987 2482 1136 2507 Martinus
1153 2483 1279 2511 Lavenu,
1295 2483 1326 2506 O.
1342 2483 1437 2507 Praed-

1221 2568 1318 2596 Prima
1334 2568 1440 2596 sessio.

1101 2629 1218 2674 (Febr.
1241 2631 1307 2673 21).
1331 2631 1565 2665 Praesentes:

1100 2702 1267 2747 Magistri
1288 2702 1325 2734 in
1346 2702 1531 2748 theologia
1555 2715 1561 2736 τ

491 2773 608 2806 Egidius
622 2774 667 2806 [de
680 2774 859 2809 Duremortj,
876 2775 963 2800 abbas
973 2775 1166 2800 Fiscamnens.
1177 2775 1219 2807 [Ο.
1232 2776 1260 2800 S.
1271 2775 1316 2804 B.,

404 2821 447 2846 lic.
468 2821 554 2854 1408}
1437 2825 1585 2851 Johannes
1600 2823 1764 2859 Beaupere³
1780 2825 1834 2861 [lic.
1859 2825 1948 2861 1420}

492 2869 590 2894 Petrus
619 2869 759 2904 [Migetii],
788 2870 867 2903 prior
893 2870 928 2896 de
962 2872 1128 2905 Longavilla
1159 2871 1199 2906 [Ο.
1223 2873 1251 2898 S.
1271 2873 1315 2900 B..
1435 2872 1558 2899 Jacohus
1573 2873 1608 2899 de
1623 2873 1766 2900 Turonia⁴
1782 2875 1824 2907 [Ο.
1841 2874 1951 2903 Minor.‚
1969 2874 2010 2900 lic.
2029 2873 2117 2909 xlma-L

403 2917 445 2942 lic.
464 2916 550 2951 1Δ13].
1329 2887 1333 2955 l
1435 2921 1565 2947 Nicolaus
1578 2921 1663 2948 Midi⁵
1677 2921 1729 2957 [lic.
1747 2922 1835 2957 1424]-

1435 2775 1583 2803 Johannes
1598 2777 1634 2802 de
1647 2777 1835 2804 Castellione²
1851 2778 1904 2810 [lic.
1925 2777 2013 2812 1408}
