2502 3418
256 345 352 381 1418]
604 358 650 378 AB
684 358 789 380 ANNO
823 357 1109 380 MCCCLXXXXW
1144 358 1275 386 USQUE
1306 359 1353 379 An
1387 359 1525 380 ANNUM
1561 359 1765 382 mccccmi.
2047 355 2112 387 355

254 431 451 465 Guillehno
473 431 517 463 de
539 431 711 464 Gardinis
732 430 793 475 qui
813 437 887 463 erat
908 430 1073 463 inclusus
1094 431 1131 463 in
1150 431 1235 464 villa
1257 431 1552 476 Rothomagensi,
1571 444 1640 477 que
1662 446 1727 477 pro
1749 441 1832 467 tunc
1852 442 1927 468 erat
1947 436 2110 479 obsessa,

255 505 327 531 tum
351 504 499 542 propter
515 497 605 530 alios
622 498 684 542 qui
705 497 895 530 occasione
916 509 1129 542 guerrarum
1147 509 1221 530 non
1238 504 1403 542 poterant
1423 498 1609 531 attendere
1630 500 1801 532 Parisius.
1826 502 1865 532 ln
1882 514 1950 545 qua
1967 503 2111 546 quidem

255 564 541 609 congregatione
568 564 636 597 fuit
662 563 874 597 conclusum
896 564 993 608 quod
1015 575 1142 596 omnes
1170 571 1424 609 reputarentur
1450 571 1633 609 regentes,
1663 566 1858 598 dummodo
1887 568 2113 612 disputarent

255 631 299 664 de
321 631 502 663 ordinaria
523 631 560 663 in
581 631 709 663 ordine
731 642 810 663 suo.
827 632 1085 664 Verumtamen
1106 630 1173 663 suit
1192 630 1242 663 ibi
1264 631 1474 663 conclusum
1498 631 1595 676 quod
1616 632 1789 677 magister
1812 633 1963 677 Egidius
1986 635 2111 668 Sancte

254 709 327 730 non
357 697 584 742 reputabitur
610 709 761 742 regens,
791 697 873 742 quia
904 709 977 729 non
1004 697 1201 742 disputavit
1230 697 1274 730 de
1308 697 1519 742 pastillaria¹
1553 710 1618 731 nec
1654 698 1697 731 de
1726 699 1906 732 ordinaria
1943 707 1977 732 ct
2007 701 2110 733 etiam

254 764 408 797 recessit
428 764 472 796 de
494 764 654 797 Parisius
675 776 748 796 non
769 763 838 797 sub
859 775 923 809 spe
945 764 1163 797 revertendi.

1028 863 1153 898 Magistri
1169 863 1312 898 [reyentes]
1327 873 1336 888 :

340 947 466 973 Thomas
480 947 516 973 de
529 947 556 973 S.
573 948 667 973 Petro.
1286 948 1461 974 Guillelmus
1474 948 1510 974 de
1524 948 1665 974 Gardinis.

342 995 431 1022 Guill.
448 996 483 1022 de
498 996 628 1022 Camera.
1288 997 1430 1023 Robertus
1442 998 1629 1024 Charmolue.

341 1045 407 1071 Joh.
425 1045 556 1071 Comitis.
1286 1046 1410 1072 Jacobus
1425 1047 1555 1080 Dospars.

341 1095 406 1120 Joh.
425 1094 583 1127 Tanquart.
1288 1095 1453 1128 Stephanus
1465 1096 1501 1121 de
1516 1097 1659 1130 Rouvroy.

341 1143 407 1170 Joh.
426 1143 531 1169 Belart.
1287 1144 1427 1170 Henricus
1439 1145 1577 1171 Thibout.

340 1192 483 1218 Rohertus
496 1192 532 1218 de
546 1191 572 1217 S.
590 1192 746 1218 Germano
1288 1193 1389 1219 Petrus
1404 1193 1556 1219 Bernicoti.

341 1241 482 1267 Henricns
498 1241 634 1274 Dongny.
1288 1242 1390 1268 Petrus
1405 1242 1527 1268 Brachii.

339 1290 462 1317 Jacobus
479 1289 664 1324 Sacquespee.
1288 1292 1389 1318 Petrus
1402 1292 1573 1318 Bechebien.

341 1340 429 1366 Guill.
444 1339 567 1372 Nepotis.
1288 1340 1435 1366 Johannes
1448 1341 1575 1367 Juvenis.

340 1389 434 1414 Droeo
449 1388 567 1414 Decani.
1287 1389 1429 1416 Robertus
1443 1390 1581 1416 Poitevin.

340 1438 406 1463 Joh.
424 1437 519 1463 Basin.
1287 1438 1434 1464 Johannes
1448 1439 1607 1472 Typhaine.

341 1487 441 1513 Petrus
455 1486 650 1513 Cardonnelli.
1287 1487 1381 1513 Adam
1396 1487 1546 1521 d'Origny.

340 1536 404 1562 Joh.
422 1535 458 1561 de
474 1535 551 1561 Pisis.
1287 1537 1434 1563 Johannes
1449 1537 1475 1562 le
1490 1536 1608 1570 Dengie.
1885 1536 1937 1571 [26]

344 1623 489 1647 Commeat.
501 1624 550 1646 sae.
565 1623 644 1655 med„
661 1624 680 1651 Ι,
698 1632 724 1654 p.
739 1624 794 1648 229.
808 1636 835 1640 —
850 1624 913 1647 Nov.
930 1626 953 1652 5,
967 1624 1081 1647 decanus
1098 1624 1196 1647 electus
1212 1627 1268 1647 erat
1282 1624 1416 1647 Juhannes
1432 1625 1455 1647 le
1471 1624 1578 1655 Dengie.

343 1707 366 1732 1.
382 1708 429 1730 An.
445 1708 512 1735 1420,
526 1707 598 1730 Junii
613 1708 642 1730 22
657 1707 823 1737 (Comment.,
840 1708 859 1735 Ι,
874 1716 901 1739 p.
912 1709 976 1737 242),
986 1711 1113 1731 statutum
1129 1709 1160 1731 de
1175 1708 1354 1739 disputatione
1364 1709 1515 1740 pastillaria
1528 1709 1599 1740 (quia
1611 1709 1713 1740 pastilli
1729 1709 1964 1738 distribuebantur)
1981 1709 2018 1732 sic
2034 1710 2117 1740 expli-

250 1755 325 1775 catur
340 1760 345 1775 ι
364 1762 376 1774 ιι
391 1752 466 1779 Quod
484 1752 595 1783 quilibet
611 1752 737 1783 magister
750 1752 780 1775 de
796 1760 863 1775 novo
877 1752 1005 1783 incipiens
1019 1756 1088 1776 esset
1103 1753 1220 1776 Parisius
1235 1754 1304 1784 quod
1320 1753 1376 1784 ipse
1390 1757 1522 1777 teneretur
1537 1754 1673 1784 disputare
1686 1754 1833 1785 pnstillarie
1851 1754 1919 1776 infra
1933 1757 1985 1776 tres
2002 1762 2114 1784 menses,

250 1796 318 1819 sicut
337 1796 401 1819 dicit
419 1799 555 1824 statutum,
572 1800 597 1819 et
612 1797 681 1828 quod
697 1797 776 1820 etiam
794 1797 871 1820 debet
887 1797 1036 1828 computari
1051 1801 1154 1828 tempus
1172 1797 1366 1820 inordinarium
1384 1798 1409 1820 in
1426 1798 1479 1821 illis
1496 1798 1580 1821 tribus
1598 1798 1742 1827 mensibus,
1759 1799 1899 1821 dummodo
1916 1798 1941 1820 in
1960 1798 2013 1821 illis
2029 1799 2115 1822 tribus

250 1841 385 1864 mensibus
401 1841 454 1864 sint
469 1841 550 1872 aliqui
566 1841 622 1864 (lies
638 1841 813 1872 disputabiles
830 1841 917 1872 utiles⁷
932 1841 997 1865 alias
1013 1842 1052 1864 illi
1068 1842 1112 1873 qui
1128 1842 1198 1865 infra
1210 1842 1309 1865 dictum
1323 1851 1373 1865 non
1387 1842 1557 1873 disputarint,
1570 1851 1621 1865 non
1634 1846 1754 1874 regentes
1768 1842 1961 1873 reputabuntur
1976 1846 2001 1865 et
2015 1843 2116 1874 perjuri

251 1889 276 1909 et,
288 1885 321 1908 ab
337 1885 408 1908 omni
422 1885 521 1909 honore
537 1886 670 1909 facultatis
687 1886 845 1917 segregandi
862 1894 884 1909 »-

250 2053 394 2090 2120.
423 2063 596 2088 Universitas
616 2063 711 2089 Paris.
733 2063 773 2088 ad
792 2063 922 2088 civitates
943 2067 970 2088 et
985 2072 1127 2099 personas
1148 2063 1227 2097 regni
1243 2063 1277 2088 de
1298 2063 1415 2088 miser-ia
1437 2063 1515 2089 urbis
1536 2064 1686 2098 Rotomagi
1706 2063 1839 2089 obsessae
1855 2063 1891 2088 ab
1907 2062 2016 2097 Anglis,
2038 2067 2067 2088 al
2088 2063 2114 2088 ei

337 2116 515 2137 succurrant.
539 2112 713 2138 Universitas
729 2121 759 2138 se
775 2112 863 2138 libere
879 2114 962 2146 offert
977 2112 1017 2138 ad
1029 2112 1250 2138 succurrendum
1265 2112 1415 2138 subsidiis.

1486 2202 1553 2230 7418,
1568 2201 1692 2229 Decemb..
1709 2202 1821 2227 Pam'ssis.

338 2287 467 2321 Chiers
488 2294 523 2320 et
543 2287 635 2320 bons
657 2289 758 2321 amis.
777 2290 878 2322 Vous
898 2315 1112 2321 ...............
1136 2301 1274 2321 comme
1296 2289 1327 2321 la
1349 2289 1506 2334 piteable
1529 2289 1731 2321 desolation
1753 2289 1796 2320 dc
1819 2301 1858 2321 ce
1884 2289 2043 2321 roiaumc
2069 2301 2109 2321 va

249 2355 279 2387 si
302 2367 346 2387 en
367 2361 565 2399 aggravant
586 2367 655 2399 que
676 2367 715 2388 se
733 2356 776 2388 de
794 2355 892 2388 brief
908 2357 943 2388 ni
966 2363 1021 2389 est
1039 2357 1108 2389 mis
1129 2356 1201 2388 bon
1219 2363 1253 2389 et
1273 2362 1379 2401 grant
1399 2355 1569 2396 re1n[ede]
1650 2356 1682 2387 le
1704 2356 1862 2388 roiaume
1884 2362 1939 2387 cst
1959 2367 2003 2387 en
2019 2367 2109 2400 voye

249 2421 293 2454 de
323 2422 520 2466 perdition.
550 2422 578 2454 Il
609 2422 702 2455 n'est
728 2423 921 2467 aujourdui
952 2424 1064 2468 partie
1094 2423 1137 2456 de
1166 2435 1205 2456 ce
1238 2435 1405 2467 royaunie
1433 2423 1493 2466 qui
1523 2434 1567 2454 nc
1596 2423 1667 2454 soit
1692 2434 1736 2454 cn
1757 2428 1862 2466 grant
1886 2422 2054 2454 assliction
2076 2429 2110 2454 et

248 2488 416 2528 douleur,
435 2489 523 2521 mais
546 2500 608 2533 par
624 2489 780 2533 especial
802 2496 880 2522 tout
899 2490 932 2522 le
954 2490 1030 2534 pais
1048 2490 1091 2522 de
1113 2490 1331 2522 Normandie
1349 2496 1404 2522 est
1419 2490 1456 2533 ja
1477 2501 1633 2533 presque
1656 2489 1755 2533 prins
1777 2495 1811 2520 ot
1831 2495 1951 2532 gastez
1973 2500 2035 2532 par
2056 2488 2108 2520 lez

247 2555 414 2600 Angloiz,
437 2555 584 2587 anciens
601 2556 738 2588 anemis
755 2556 803 2588 du
821 2568 1001 2601 royaume,
1021 2557 1109 2589 dont
1125 2563 1180 2589 est
1195 2568 1303 2589 cause
1325 2556 1357 2588 le
1380 2555 1526 2588 malvais
1546 2561 1835 2599 gouvcrnement
1856 2555 1899 2587 de
1916 2554 2031 2587 cheux
2048 2555 2108 2599 qui

249 2633 311 2666 par
327 2634 367 2654 ce
391 2628 506 2666 temps
527 2626 633 2667 passe
656 2629 718 2654 ont
738 2626 814 2655 este
836 2630 966 2655 entour
987 2635 1092 2663 nous,
1112 2630 1146 2655 et
1165 2629 1227 2655 ont
1248 2623 1378 2655 resiste
1399 2634 1466 2654 aux
1487 2633 1616 2666 parens
1634 2628 1669 2653 ct
1688 2620 1939 2653 bienveullans
1962 2621 2008 2653 du
2031 2633 2105 2666 roy,

249 2695 372 2721 nostre
394 2692 479 2733 pere
503 2695 538 2721 et
559 2689 752 2722 souverain
774 2690 947 2734 seigneur
976 2697 1010 2722 et
1036 2690 1126 2722 ainis
1153 2690 1196 2721 de
1223 2695 1321 2721 tonte
1348 2689 1380 2721 la
1401 2688 1511 2721 chose
1534 2687 1707 2732 puhlique
1729 2687 1772 2719 de
1795 2699 1834 2719 ce
1857 2699 2037 2732 royannie.
2062 2689 2107 2720 La

248 2754 368 2787 bonne
392 2755 477 2788 ville
500 2755 543 2788 de
567 2757 704 2796 Ronen,
733 2756 793 2800 qui
814 2756 858 2788 de
879 2756 982 2801 loing
1002 2763 1118 2801 temps
1145 2763 1200 2788 cst
1220 2756 1377 2800 assegie‚
1404 2762 1457 2787 cst
1481 2756 1517 2798 ja
1539 2766 1583 2786 en
1606 2754 1652 2786 tel
1678 2754 1769 2798 peril
1796 2753 1839 2785 de
1869 2754 2105 2795 destruction,

248 2828 322 2854 tant
342 2822 386 2854 de
407 2822 557 2855 samine¹
578 2834 716 2855 comme
733 2822 884 2855 d’aultre
901 2823 1012 2868 perilz
1035 2823 1078 2855 de
1099 2834 1244 2867 guerre,
1263 2834 1332 2866 quc
1349 2821 1374 2853 il
1395 2821 1485 2853 n'est
1508 2832 1570 2865 pas
1588 2820 1660 2852 bon
1678 2832 1721 2852 ne
1739 2820 1832 2864 loyal
1850 2820 1911 2864 qui
1929 2820 2009 2852 n’en
2027 2828 2108 2853 eust

249 2887 377 2921 doleur
403 2895 437 2921 et
464 2889 563 2933 pitie.
593 2890 786 2933 Pourquoy
811 2889 899 2921 fault
925 2889 1048 2933 querir
1074 2895 1150 2921 tout
1171 2888 1315 2921 remcde
1338 2887 1500 2932 possible
1521 2899 1566 2918 en
1588 2887 1597 2918 i
1619 2892 1753 2918 metant
1780 2892 1878 2918 toute
1900 2886 2104 2931 puissance⁷
