2502 3418
368 331 431 364 750
937 337 1257 359 CHARTULARIUM
1291 336 1484 358 UNIVERS.
1517 335 1650 358 PARIS.

367 407 2231 429 m

366 436 442 482 18ιί91
501 457 566 483 1408
687 456 773 479 Martii
791 458 805 479 8
880 456 959 480 Curia
974 457 1080 479 domum
1095 456 1166 487 regis
1187 456 1249 484 adit,
1267 456 1390 479 auditura
1407 464 1477 487 mag.
1499 455 1646 478 Johannem
1661 455 1749 484 Parvi,
1765 455 1925 486 allegantem
1943 462 1991 478 cur
2009 454 2142 477 Jobannes

911 501 963 524 dux
976 501 1146 532 Burgundiae
1158 501 1251 524 ducem
1266 500 1401 524 Aurelian.
1417 500 1565 523 necavisset
1569 515 2142 525 .......................
2188 499 2231 522 151

365 562 424 584 1850
519 574 548 577 ——
679 559 776 590 Aprilis
794 560 808 581 6
880 559 989 581 Carolus
1006 559 1039 581 VI
1054 558 1178 590 prohibet
1192 566 1223 581 ne
1237 558 1376 589 supposita
1392 557 1579 581 Universitatis
1595 557 1814 589 congregationes
1829 557 1922 589 populi
1937 560 2090 580 convocent.
2109 574 2116 580 .
2135 574 2141 580 .
2188 556 2233 580 152

364 619 422 641 1851
521 632 546 635 -
661 618 725 640 Ante
739 617 799 640 Maii
812 619 824 640 5
878 616 938 639 Joh.
955 617 1055 640 Gerson
1075 624 1164 639 coram
1182 624 1243 647 rege
1263 616 1387 647 gallicam
1403 616 1548 639 orationem
1569 616 1600 638 de
1613 615 1717 647 justitia
1734 615 1814 639 habet
1828 613 1938 647 propter
1954 616 2052 638 factum
2066 622 2140 646 prae—

702 649 743 671 V⁰¹
758 649 787 671 ¹2
908 661 989 692 positi
1004 661 1085 685 Guill.
1099 661 1130 684 de
1144 661 1311 692 Tignonvilln
1316 676 2142 684 .................................
2188 658 2232 681 153

363 721 423 744 1852
518 735 546 738 -
691 719 752 742 Maii
768 720 797 743 16
879 718 978 741 Relatio
994 718 1169 742 restitutionis
1190 726 1331 749 corporum
1355 717 1509 749 Leodegarii
1529 718 1563 741 du
1578 718 1679 741 Moucel
1696 722 1721 741 et
1742 718 1852 742 Oliverii
1872 717 2016 750 Burgensis
2036 717 2141 741 schola-

621 775 624 796 Ι
907 763 977 786 rium
992 764 1060 786 facta
1076 763 1249 786 Universitati
1263 771 1276 786 e
1292 763 1416 786 mandato
1430 762 1501 793 regis
1514 779 2140 787 .........................
2186 765 2231 789 154

363 824 422 846 1853
517 837 545 840 --
692 821 763 844 Junii
778 823 793 845 9
878 821 946 852 Mag.
962 821 1094 844 Johannes
1110 821 1142 844 de
1158 820 1236 850 Pisis,
1253 820 1405 852 chirurgus,
1419 820 1463 852 qui
1479 823 1539 843 ante
1554 820 1728 852 inceptionem
1749 829 1825 845 suam
1840 820 2000 844 manualiter
2015 823 2140 852 operatus

907 868 972 893 erat,
988 873 1077 888 coram
1098 866 1222 888 facultate
1241 865 1395 896 promittere
1411 865 1524 896 cogitur,
1543 873 1571 888 se
1588 873 1639 888 non
1659 865 1774 896 amplius
1796 868 1968 897 operaturum
1983 864 2141 888 manualiter

906 909 1016 933 Parisiis
1031 910 1057 933 in
1073 910 1209 941 chirurgia
1222 910 1330 941 publice
1333 926 2139 935 ................................
2185 913 2230 936 156

361 970 420 993 1854
516 984 545 987 —
715 983 746 986 —
765 969 792 992 16
877 967 1011 990 Licentiati
1025 967 1051 990 in
1065 968 1190 991 facultate
1207 967 1353 991 medicinae
1357 984 2139 992 ...............................
2185 970 2230 994 157

360 1027 420 1050 1855
515 1042 544 1046 —
685 1027 749 1050 Julii
766 1029 794 1050 25
875 1025 1042 1049 Universitas
1058 1026 1152 1049 scribit
1172 1026 1205 1049 ad
1228 1025 1370 1049 Antonium
1389 1026 1483 1049 ducem
1503 1025 1662 1049 Brabantiae
1685 1026 1717 1050 de
1739 1025 1876 1057 stragibus
1900 1025 2100 1055 Leodiensibus,
2116 1028 2142 1049 et

905 1070 972 1101 petit
986 1074 1014 1093 ut
1026 1070 1161 1094 Johannes
1176 1071 1229 1094 dux
1243 1070 1414 1102 Burgundiae
1428 1070 1565 1102 oppressis
1582 1073 1722 1094 succurrat
1724 1087 1957 1094 ..........
1978 1091 1983 1095 .
2003 1087 2139 1094 ......
2185 1073 2230 1096 157

359 1130 419 1153 1856
516 1145 541 1148 -
634 1129 796 1160 Septembris
816 1130 842 1153 11
874 1127 961 1151 Abbas
977 1129 1004 1152 S.
1020 1128 1118 1152 Fiacrii
1132 1132 1224 1151 contra
1242 1128 1392 1160 apologiam
1408 1128 1468 1153 Joh.
1484 1128 1562 1152 Parvi
1576 1128 1602 1151 in
1618 1129 1722 1161 Lapara
1738 1131 1845 1160 perorat
1848 1145 2139 1152 ............
2185 1130 2230 1154 158

358 1188 418 1211 1857
513 1203 542 1206 -
655 1187 776 1211 Octobris
793 1188 821 1211 18
873 1186 922 1208 Pro
942 1186 1068 1210 Michaele
1090 1187 1125 1209 du
1145 1186 1215 1213 Riez⁷
1235 1195 1287 1209 uno
1300 1194 1313 1210 e
1331 1189 1444 1218 quatuor
1464 1186 1659 1217 principalibus
1681 1186 1801 1210 librariis
1822 1186 2021 1216 Universitatis,
2037 1185 2140 1209 cautela

902 1230 980 1253 datur
991 1247 2138 1256 .............................................
2184 1233 2229 1257 159

357 1291 417 1313 1858
512 1306 541 1309 —
666 1291 809 1321 Augu-Oct.
872 1289 1019 1312 Concilium
1031 1289 1157 1313 ecclesiae
1171 1289 1324 1314 Gallicanae
1337 1290 1368 1312 de
1384 1289 1519 1313 beneficiis
1533 1289 1626 1314 statuit
1638 1306 2137 1314 ....................
2183 1291 2229 1314 159

356 1349 416 1371 1859
514 1364 538 1368 —
653 1347 774 1372 Octobris
791 1350 819 1372 27
872 1347 994 1370 Facultas
1011 1347 1156 1371 medicinae
1176 1356 1242 1371 unas
1264 1347 1400 1379 vesperias
1425 1348 1465 1371 vel
1488 1356 1568 1371 unum
1588 1347 1750 1379 principium
1771 1347 1884 1379 singulis
1905 1347 2061 1379 septimanis
2081 1347 2138 1370 fieri

898 1391 973 1422 jubet
976 1409 2136 1417 ..............................................
2182 1393 2228 1417 159

355 1451 415 1474 1860
510 1467 539 1471 —
644 1451 799 1475 Novembris
815 1453 828 1474 3
870 1449 991 1481 Magistri
1007 1453 1127 1482 regentes
1139 1450 1273 1474 facultatis
1287 1450 1434 1474 medicinae
1449 1458 1493 1474 an.
1509 1450 1651 1473 1408-1409.
1667 1467 1674 1473 .
1694 1467 1700 1473 .
1720 1442 1733 1473 .’
1744 1467 2135 1474 ................
2182 1451 2228 1475 160

355 1509 412 1532 1861
508 1525 538 1528 —
664 1509 810 1533 Novembre
870 1507 929 1531 Joh.
945 1508 1046 1532 Gerson
1062 1508 1167 1531 nomine
1181 1508 1368 1532 Universitatis
1387 1508 1533 1532 orationem
1549 1508 1674 1539 gallicam
1692 1508 1773 1531 habet
1787 1508 1820 1531 ad
1835 1516 1927 1539 pacem
1944 1507 2135 1531 conciliandam

900 1552 968 1576 inter
981 1553 1088 1576 domum
1103 1553 1321 1576 Aurelianensem
1336 1556 1362 1577 et
1374 1553 1482 1577 domum
1498 1552 1668 1584 Burgundiae
1671 1569 2135 1577 ...................
2182 1554 2228 1577 160

354 1612 413 1635 1862
450 1613 590 1640 1407-1408
629 1629 836 1637 .........
870 1611 1034 1634 Universitas
1055 1611 1189 1635 collectori
1205 1611 1231 1634 in
1248 1611 1403 1643 episcopatu
1425 1610 1532 1634 Dolensi
1551 1610 1653 1639 scribit,
1674 1619 1706 1634 ne
1726 1619 1797 1642 mag.
1813 1610 1953 1634 Laurentio
1971 1611 2003 1634 de
2022 1610 2136 1634 Moriaco

898 1656 1035 1679 molestiae
1050 1656 1200 1679 inferuntur
1202 1672 2136 1681 .....................................
2182 1656 2225 1680 161

353 1715 412 1738 1863
487 1716 552 1742 1⁴08
630 1732 837 1739 .........
869 1713 1005 1737 Licentiati
1019 1714 1046 1737 in
1063 1715 1187 1738 facultate
1202 1714 1352 1746 theologiae
1356 1731 1484 1738 ......
1506 1735 1511 1740 ,
1531 1731 2135 1739 ........................
2182 1714 2225 1738 161

353 1774 411 1796 1864
487 1775 552 1801 1409
658 1773 777 1796 Januarii
793 1775 806 1797 2
868 1782 880 1793 «
896 1772 1055 1796 Deliberatio
1071 1772 1204 1796 facultatis
1218 1772 1352 1804 theologie
1370 1781 1450 1804 super
1466 1772 1626 1805 quibusdam
1642 1771 1719 1795 dictis
1739 1780 1787 1803 per
1808 1773 1916 1795 fratrem
1935 1772 1996 1795 Joh.
2011 1771 2135 1804 Gorre[l],

899 1817 1036 1843 Minorem.
1050 1817 1076 1840 in
1093 1818 1148 1840 suis
1160 1817 1289 1849 vesperiis
1302 1827 1314 1838 υ
1328 1818 1360 1841 dc
1375 1817 1474 1841 curatis
1488 1821 1514 1841 et
1529 1816 1738 1841 Mendicantibus
1751 1820 1878 1848 quantum
1893 1817 1927 1840 ad
1942 1820 2136 1840 sacramentum

897 1862 1073 1893 poenitentiae
1085 1878 2134 1886 .........................................
2180 1862 2225 1886 162

350 1926 410 1949 1865
506 1937 534 1940 -
666 1921 753 1944 Martii
769 1922 798 1944 20
866 1920 976 1943 Carolus
990 1921 1022 1943 VI
1037 1920 1185 1952 suppositis
1201 1920 1281 1944 Univ.
1297 1920 1369 1943 mille
1384 1920 1511 1943 beneficia
1526 1920 1657 1944 reservari
1669 1920 1744 1952 jubet
1748 1937 2133 1945 ................
2179 1920 2225 1944 164

350 1984 410 2006 1866
504 1995 533 1998 -
626 1997 834 2004 ,,,,,,,,,
866 1977 1002 2002 Licentiati
1017 1978 1043 2001 in
1060 1979 1184 2002 facultate
1201 1978 1349 2010 theologiae
1353 1995 2132 2002 ...............................
2177 1978 2222 2001 164

349 2042 408 2065 1867
502 2053 533 2057 -
650 2038 760 2069 Augusti
778 2039 806 2061 17
866 2036 900 2058 De
917 2037 1003 2059 rotulo
1019 2037 1052 2059 ad
1068 2037 1246 2060 Alexandrum
1261 2037 1282 2060 V
1297 2037 1425 2060 mittendo
1429 2053 2132 2061 ............................
2179 2036 2224 2059 165

348 2100 408 2123 1368
502 2111 531 2114 -
646 2096 767 2120 Octobris
786 2097 813 2119 12
866 2094 1013 2118 Alexander
1028 2096 1048 2118 V
1063 2103 1107 2118 eos
1123 2095 1258 2126 improbat
1270 2095 1315 2126 qui
1332 2095 1459 2119 fratribus
1476 2095 1686 2119 Mendicantibus
1698 2095 1742 2126 jus
1757 2094 1939 2126 praedicandi,
1955 2093 2134 2117 confessiones

905 2139 1038 2165 audiendi.
1052 2144 1217 2163 sacramenta
1230 2140 1399 2163 ministrandi
1415 2148 1465 2163 non
1481 2143 1630 2171 competere
1646 2139 1813 2163 sustinebant
1816 2156 1926 2162 .....
1945 2156 1952 2174 .‘
1970 2156 2133 2162 .......
2179 2139 2224 2162 165

347 2203 407 2226 1869
504 2214 529 2217 -
637 2199 762 2222 Novenib.
778 2201 821 2222 5-9
862 2198 968 2221 Colinus
984 2198 1076 2229 Verjus
1091 2207 1104 2221 e
1119 2206 1223 2221 carcere
1239 2199 1266 2222 S.
1283 2198 1372 2230 Eligii‚
1386 2198 1447 2230 quia
1464 2198 1678 2226 melancholicus,
1695 2198 1824 2222 liberatur
1833 2214 2133 2224 ............
2179 2197 2224 2220 168

346 2262 407 2285 1870
501 2272 530 2275 —
627 2258 779 2281 Novembris
797 2258 825 2280 ‘10
861 2257 982 2279 Fae-ultas
1006 2256 1150 2279 medicinae
1169 2257 1214 2279 dat
1234 2257 1374 2287 deputatos
1397 2256 1430 2279 nd
1450 2256 1625 2279 conficiendas
1651 2256 1838 2280 instructiones
1862 2265 1911 2288 pro
1936 2256 2028 2279 nuntio
2052 2256 2130 2279 Petro

893 2301 1043 2324 Cardonelli
1059 2317 2130 2325 ..........................................
2178 2300 2223 2323 168

346 2364 403 2388 1871
503 2375 528 2378 -
642 2361 669 2383 ln
686 2361 736 2383 fine
749 2361 814 2384 Nov.
861 2359 1025 2383 Universitas
1043 2359 1152 2382 cuidam
1170 2359 1380 2389 Universitatiff)
1397 2359 1498 2388 scribit,
1515 2362 1544 2382 ut
1560 2368 1590 2383 ea
1606 2359 1656 2382 sibi
1673 2359 1835 2391 adjungatur
1848 2363 1940 2383 contra
1959 2366 2132 2391 oppressores

893 2404 1044 2428 Gallicanae
1057 2404 1193 2427 ecclesiae.
1210 2404 1304 2435 Agitur
1319 2404 1350 2428 de
1365 2405 1443 2427 Bulla
1458 2412 1506 2436 pro
1522 2404 1732 2428 Mendicantibus
1737 2421 2108 2428 ...............
2178 2402 2223 2425 168

347 2463 406 2485 1872
501 2477 530 2481 ——
625 2463 779 2486 Novembris
795 2465 825 2487 30
859 2463 919 2486 Joh.
934 2462 1039 2485 Bclardi
1055 2463 1087 2485 ad
1105 2464 1154 2486 fac.
1172 2462 1264 2486 medic.
1283 2462 1386 2490 scribit,
1404 2465 1432 2485 ut
1447 2470 1474 2485 se
1491 2466 1605 2493 excuset,
1620 2463 1690 2494 quod
1710 2462 1766 2486 vice
1784 2471 1832 2486 sua
1847 2463 1873 2486 in
1889 2463 1987 2486 scholis
2002 2471 2053 2486 non
2069 2463 2123 2486 dis-

890 2507 1023 2538 putaverit
1030 2521 2131 2531 ...........................................
2177 2506 2223 2529 169

347 2565 406 2587 1873
501 2580 529 2583 ——
632 2565 700 2589 Circ.
715 2567 773 2589 Dec.
791 2567 819 2589 15
862 2565 1026 2589 Universitas
1042 2565 1123 2589 Guill.
1138 2565 1259 2597 Guignon
1276 2566 1427 2597 generalem
1443 2569 1642 2596 procuratorem
1656 2569 1682 2589 et
1698 2566 1820 2589 nuntium
1837 2574 1926 2589 coram
1944 2566 2093 2589 Alexandro
2108 2566 2128 2589 V

892 2610 1029 2633 constituit
1036 2627 2129 2634 ...........................................
2176 2609 2222 2632 170
2500 2608 2502 2610 ’

347 2667 406 2690 1874
501 2682 531 2685 —
696 2683 725 2685 —
794 2669 823 2692 15
862 2668 1027 2691 Universitas
1049 2668 1171 2699 spondet,
1193 2677 1221 2692 se
1241 2669 1404 2691 reddituram
1429 2668 1530 2691 nationi
1555 2651 1680 2692 Franciae
1705 2668 1809 2700 virgam
1832 2671 1994 2700 argenteam,
2016 2676 2082 2700 quae
2106 2668 2129 2692 ei
2496 2652 2502 2687 i

893 2713 1059 2736 commodata
1073 2714 1158 2736 fuerat
1171 2713 1201 2736 ad
1219 2713 1320 2736 eux-iam
1335 2714 1409 2737 Rom.
1425 2713 1566 2736 deferenda
1579 2730 2129 2737 ......................
2176 2711 2219 2735 171
2491 2715 2502 2750 ‘v'

348 2769 407 2792 1875
484 2769 549 2795 1410
638 2771 771 2794 Februarii
788 2773 816 2794 fill
863 2771 983 2794 Facultas
998 2771 1094 2795 decret.
1111 2772 1177 2794 duos
1197 2771 1347 2794 licentiatos
1363 2779 1393 2795 ea
1408 2771 1558 2794 conditione
1573 2771 1676 2802 recipit,
1693 2774 1722 2794 ut
1742 2770 1879 2794 volumina
1894 2779 1942 2794 sua
1962 2774 2022 2794 ante
2041 2771 2130 2794 docto·
2489 2782 2502 2814 ἃ

892 2819 979 2838 ratum
995 2817 1158 2847 complerent
1161 2832 2128 2840 ......................................
2174 2814 2220 2838 172
2488 2815 2502 2881 Ξ

349 2871 408 2895 1876
502 2886 531 2889 -
671 2874 757 2896 Martii
773 2875 786 2896 [1
862 2874 998 2896 Licentiati
1012 2874 1037 2896 in
1055 2875 1178 2897 facultate
1194 2874 1339 2898 medicinae
1342 2890 2128 2899 ...............................
2138 2863 2146 2934 l
2174 2873 2220 2896 172
2486 2889 2502 2913 i

2467 2934 2469 2939 ,
2486 2915 2502 2939 ἃ
