2502 3418
222 322 319 359 1414]
565 335 612 356 AB
646 335 750 356 Anno
785 334 1073 356 MCCCLXXXXtv
1107 334 1238 362 usone
1273 335 1320 355 AD
1355 335 1494 356 ANNUM
1529 335 1734 359 mccccmt.
2018 328 2082 360 289

221 409 304 442 dum
323 409 392 442 erit
407 415 446 442 ut
466 408 565 441 unita
586 408 801 452 sinceraque
819 407 1065 440 consensione
1087 414 1210 440 nostra
1233 407 1358 440 saltem
1377 407 1421 440 ab
1439 408 1596 441 infausto
1618 409 1948 453 impurissimorum
1969 410 2083 442 homi-

221 488 305 509 num
336 476 486 508 incursu
516 481 686 515 tutemur,
714 474 775 519 qui
806 475 882 507 Deo
908 473 1052 506 volente
1079 474 1328 518 perseveranti
1353 475 1485 506 virtute
1510 475 1761 508 succumbent.
1791 478 1875 515 Hoc.
1901 477 2084 520 sapientes

220 542 303 582 viri,
321 542 408 575 satis
424 542 495 587 ipsi
512 541 787 581 considerastis.
807 540 868 585 qui
885 540 1201 573 determinationis
1217 547 1338 573 vestre
1354 552 1465 585 super
1482 542 1743 585 prosequtione
1762 543 1998 586 reparationis
2015 549 2083 575 tam

221 609 382 642 enormis
407 608 490 641 sacti
516 608 624 641 nobis
650 607 789 640 litteras
810 613 975 652 patentes
1003 619 1083 639 cum
1113 613 1211 640 certo
1238 608 1489 651 procuratorio
1517 620 1581 652 per
1608 608 1832 641 scientificos
1860 616 1895 641 et
1921 610 2082 653 apprime

220 676 385 708 eruditos
405 676 504 709 viros
524 674 743 708 Johannem¹
768 674 1052 718 Pergamenarii⁷
1076 674 1289 718 magistrum
1311 674 1348 706 in
1368 674 1507 707 artibus
1529 681 1564 707 et
1584 675 1621 707 in
1642 674 1788 719 legibus
1810 675 2030 708 licentiatum
2050 683 2084 708 et

218 742 419 776 Johannem
442 743 619 782 Ranareu,
643 741 866 773 licentiatum
889 740 925 773 in
946 740 1035 784 leg..
1058 752 1175 785 nuper
1195 741 1467 781 transmisistis,
1489 741 1597 773 alacri
1622 748 1656 774 et
1682 741 1855 774 exultanti
1876 742 1995 774 animo
2022 754 2082 774 eas

220 808 405 842 recenseri
426 808 643 841 audivimus.
669 807 739 840 Sed
761 807 1012 851 acceptissima
1038 807 1148 852 longe
1174 807 1281 840 nobis
1307 807 1368 840 illa
1393 807 1461 840 fuit
1480 807 1715 852 integerrima
1740 815 1860 841 vestre
1888 807 2085 840 voluntatis

221 887 307 920 erga
324 887 391 908 nos
408 874 563 912 affectio,
582 886 688 919 quam
705 873 912 906 luculenter
928 880 964 906 et
979 873 1116 906 diserte
1135 874 1308 918 magister
1320 873 1505 906 Johannes
1520 875 1789 919 Pergamenarii
1806 874 1947 919 legatus
1964 881 2087 907 vester

220 942 373 987 aperuit.
402 942 453 973 Ex
478 940 543 974 hac
568 941 690 985 itaque
716 946 811 973 tanta
836 946 979 985 tamque
1004 940 1167 973 virtuosa
1192 940 1438 973 consensione
1461 947 1495 973 et
1516 947 1554 973 ut
1578 953 1767 985 speramus
1788 941 1953 986 utrisque
1974 941 2085 981 felici,

221 1010 297 1042 Deo
320 1008 488 1053 primum,
511 1007 643 1040 dehinc
659 1007 777 1048 vobis,
801 1007 936 1052 gratias
953 1007 1094 1051 agimus
1116 1019 1189 1039 non
1210 1007 1327 1040 solum
1351 1019 1456 1051 pares
1476 1007 1588 1047 vices,
1616 1008 1681 1040 sed
1707 1008 1885 1052 quidquid
1907 1008 2086 1044 facultatis

221 1075 326 1108 datur
342 1086 407 1119 pro
429 1074 589 1119 negotiis
609 1074 743 1107 vestris
765 1073 996 1118 pollicentes.
1025 1075 1175 1107 Vestras
1202 1080 1318 1106 autem
1346 1074 1572 1106 cessationes
1594 1086 1659 1119 pro
1682 1074 1911 1108 libertatibus
1933 1075 2087 1108 ecclesie

221 1142 258 1175 in
278 1142 415 1174 nostris
437 1140 639 1186 suppositis
661 1140 867 1185 oppressis,
889 1152 953 1185 pro
975 1147 1182 1184 contempto
1199 1141 1283 1184 jure
1299 1152 1338 1173 ac
1354 1140 1498 1173 violatis
1516 1141 1720 1186 privilegiis
1741 1142 1890 1181 nostris,
1913 1154 1978 1186 pro
2001 1142 2089 1175 lesis

222 1215 258 1241 et
277 1207 529 1241 contaminatis
550 1207 683 1240 studiis
705 1206 876 1240 omnibus
893 1207 1124 1239 sanctissime
1141 1207 1333 1239 conclusas
1351 1214 1386 1239 et
1401 1207 1522 1247 initas,
1541 1208 1784 1249 defendimus7
1801 1220 1860 1241 eas
1877 1209 2087 1242 estimantes

221 1281 366 1308 nostras
387 1281 423 1307 et
442 1273 682 1319 appellantes.
705 1274 814 1306 Nervi
836 1273 930 1306 enim
954 1279 1040 1306 sunt
1061 1273 1265 1306 studiorum
1288 1273 1493 1318 privilegia,
1517 1273 1650 1318 quibus
1668 1274 1799 1307 solutis
1819 1281 1931 1307 totum
1954 1287 2088 1320 corpus

220 1342 332 1375 studii
353 1340 591 1374 contabescit.
610 1342 683 1373 Nec
699 1340 736 1372 in
757 1340 898 1385 ingrata
919 1340 1032 1384 patria
1053 1346 1089 1372 et
1104 1339 1173 1372 sub
1189 1340 1468 1373 adversantibus
1486 1340 1640 1373 liberum
1664 1341 1823 1374 studium
1844 1342 2086 1375 convalescet.

220 1409 271 1442 Ac
289 1408 387 1442 vetut
406 1408 494 1441 satis
512 1407 591 1440 solo
609 1406 813 1440 seminibus
830 1406 982 1439 humore
1001 1406 1208 1439 substracto
1225 1413 1285 1439 aut
1300 1406 1495 1439 arboribus
1512 1407 1600 1440 lesis
1618 1407 1708 1440 nulli
1725 1391 1864 1441 fructus
1882 1416 2085 1453 emergunt,

224 1476 276 1509 sic
303 1475 392 1508 lesis
418 1474 550 1507 studiis
570 1475 633 1518 jus
659 1473 821 1506 naturale
849 1480 1025 1506 monstrat
1050 1473 1247 1506 lectionum
1275 1474 1415 1506 fructus
1437 1473 1570 1506 uberes
1599 1474 1900 1507 substrahendos.
1927 1476 2033 1518 Quod
2059 1477 2089 1509 si

224 1549 373 1587 propter
389 1552 602 1586 oppressam
620 1540 811 1573 ecclesiam
829 1540 1010 1573 interdum
1029 1540 1094 1573 toti
1109 1540 1243 1573 civitati
1262 1540 1382 1573 divina
1397 1541 1638 1585 denegantur,
1657 1541 1687 1573 si
1703 1541 1872 1574 Christus
1887 1542 1994 1574 alicui
2012 1554 2089 1587 pro-

223 1609 343 1642 vincie
360 1608 559 1641 doctrinam
583 1607 840 1652 ewangelicam
862 1619 928 1651 pro
950 1613 1114 1651 tempore
1137 1606 1336 1639 substraxit
1359 1619 1365 1639 :
1385 1607 1467 1651 quis
1484 1607 1669 1640 revocabit
1689 1608 1725 1640 in
1742 1608 1892 1641 dubium
1915 1609 2001 1653 quin
2024 1622 2088 1654 pro

223 1682 293 1708 tam
317 1674 492 1719 nephario
510 1673 651 1707 scelere
668 1674 897 1706 sanctissime
914 1680 1055 1706 vestras
1076 1674 1303 1706 cessationes
1324 1674 1542 1715 indixerins,
1565 1674 1602 1706 in
1619 1686 1661 1707 eo
1678 1675 1945 1719 quodammodo
1967 1676 2089 1709 divino

218 1743 301 1786 jure
327 1740 582 1773 neccessitati?
601 1741 720 1783 Quare
747 1751 853 1772 nemo
880 1752 1096 1784 quemquam
1122 1746 1284 1772 vestrum
1313 1739 1603 1784 reprehenderit,
1627 1741 1714 1785 quin
1740 1741 1972 1774 scientiarum
1994 1743 2090 1787 juris

222 1820 261 1841 ac
282 1808 474 1841 vetustatis
499 1819 630 1852 expers
647 1807 846 1851 judicetur.
870 1807 986 1851 Igitur
1007 1807 1102 1851 agite
1124 1813 1163 1839 ut
1182 1806 1345 1851 cepistis.
1368 1807 1435 1839 viri
1458 1807 1653 1852 sapientes,
1682 1814 1736 1840 tot
1759 1807 1932 1840 malorum
1960 1809 2090 1854 implo-

223 1881 345 1908 rantes
366 1874 488 1914 finem,
511 1886 550 1906 ac
572 1873 679 1906 nobis
701 1873 947 1906 rescribentes
967 1885 1111 1918 queque
1133 1880 1246 1918 grata.

317 1972 431 1996 Minuta
452 1971 569 1994 chartac.
585 1971 611 1994 in
627 1970 704 1994 Arch.
721 1970 775 1994 nut'.
791 1970 886 1999 Paris..
908 1971 931 1993 M
949 1972 999 1998 65⁰,
1018 1974 1046 1993 n0
1065 1971 1110 1993 124
1126 1970 1198 2000 (otim
1220 1974 1247 1994 Α.
1268 1971 1308 1994 33.
1329 1972 1392 1999 ccc).
1409 1984 1437 1987 —
1454 1971 1488 1993 De
1511 1971 1625 2001 quodam
1643 1973 1710 1994 facto
1730 1972 1813 1995 multo
1833 1972 1951 2003 graviori
1971 1981 2049 2004 quam
2065 1973 2091 1996 in

224 2017 380 2040 documento
400 2015 568 2047 praecedenti
585 2015 627 2038 hic
642 2015 739 2046 agitur,
757 2015 832 2046 cujus
850 2018 938 2038 tamen
958 2023 1004 2038 nec
1020 2015 1091 2046 apud
1107 2015 1256 2038 nme-mm>
1274 2023 1320 2038 nec
1335 2015 1406 2046 upud
1426 2015 1568 2038 FOURMER
1587 2016 1684 2038 mentio
1700 2016 1737 2044 fit,
1759 2016 1827 2039 sicut
1842 2025 1887 2039 nec
1903 2017 2091 2047 magistrorum

224 2069 306 2092 supra
321 2061 525 2092 descriptorum.
548 2060 661 2088 Quidam
676 2063 763 2083 tamen
779 2068 859 2082 nexus
882 2060 950 2082 inter
966 2060 1017 2082 duo
1041 2060 1198 2082 documenta
1219 2062 1314 2088 exstat,
1329 2059 1387 2083 scil.
1404 2059 1553 2091 conjunctio
1576 2060 1713 2091 utriusque
1734 2061 1929 2084 Universitatis.
1950 2062 2091 2093 Propterea

225 2106 411 2129 documentum
426 2105 467 2127 hic
480 2105 630 2133 inserimus,
647 2105 730 2127 donec
746 2104 872 2135 temporis
886 2107 947 2127 nota
960 2104 1056 2127 certior
1071 2107 1187 2127 eruatur.
1204 2104 1261 2127 Vid.
1279 2107 1332 2127 not.
1350 2104 1372 2127 1.

318 2190 342 2214 1.
360 2189 500 2220 Sequentia
511 2197 594 2220 usque
605 2197 615 2212 t(
629 2189 747 2212 Runareu
761 2196 772 2211 »
785 2188 810 2211 in
822 2188 942 2211 inferiori
955 2188 1082 2219 margine.
1094 2188 1228 2211 Johannes
1242 2198 1255 2209 «
1267 2188 1461 2219 Pergamenerii
1473 2198 1485 2209 υ
1499 2188 1547 2211 suit
1558 2189 1620 2211 cler.
1633 2189 1810 2219 Lnudunens.‚
1819 2192 1896 2212 etan.
1909 2190 1977 2218 17103,
1990 2190 2092 2219 Octob.‚

224 2234 334 2258 Parisiis
348 2234 374 2256 in
391 2233 508 2264 Collegio
524 2233 692 2256 Laudunensi
705 2233 790 2256 adhuc
806 2233 914 2256 studens
931 2232 957 2255 in
975 2233 1098 2255 facultate
1113 2233 1220 2262 artium,
1235 2233 1350 2255 nondum
1366 2233 1494 2263 magister
1506 2233 1609 2263 (Suppl.
1627 2233 1721 2256 Bened.
1737 2234 1804 2261 xm,
1821 2242 1862 2256 an.
1880 2234 1964 2258 10-13.
1980 2237 2055 2265 parte
2069 2236 2091 2263 3,

224 2283 254 2302 1ιο
268 2280 306 2307 92,
325 2278 370 2301 sol.
394 2278 471 2309 1451’).
491 2278 556 2301 Cum
578 2286 660 2308 supra
684 2281 712 2300 ut
732 2286 802 2308 mag.
819 2277 915 2300 artium
936 2280 962 2300 et.
982 2277 1070 2300 licent.
1088 2277 1113 2299 in
1135 2277 1240 2307 legibus
1261 2277 1424 2307 designetur,
1443 2277 1629 2300 documentum
1646 2278 1688 2300 vix
1707 2281 1766 2300 ante
1786 2286 1828 2301 an.
1851 2278 1911 2300 1414
1930 2279 2089 2309 ponendum.

224 2323 282 2347 Vid.
298 2327 326 2346 n0
342 2323 411 2346 1964.

226 2454 371 2491 2027.
394 2464 435 2488 De
449 2462 531 2496 gravi
545 2462 653 2497 injuria
669 2462 806 2496 magistro
819 2461 943 2487 Iohanni
960 2461 1107 2497 Campani,
1124 2462 1228 2487 rectori
1245 2461 1379 2495 Univers„
1394 2461 1479 2487 illata
1497 2461 1525 2486 in
1539 2461 1805 2486 nattum-mensibus
1815 2462 1852 2487 ab
1861 2463 1982 2488 asseclis
1997 2464 2092 2490 Ursini

314 2511 351 2537 de
377 2510 573 2545 Taillevanda,
596 2519 671 2545 mag.
690 2510 785 2544 theol„
810 2510 858 2546 qui
878 2510 1076 2546 episcopatum
1100 2511 1344 2536 Constantiensem
1368 2510 1495 2535 obtinere
1518 2510 1612 2544 voluit,
1635 2510 1797 2535 deliber-ant
1821 2512 1900 2536 natio
1927 2512 2088 2547 Gallicana,

314 2560 418 2586 deinde
433 2559 563 2594 facultas
579 2560 693 2593 artium,
709 2563 853 2595 postremo
870 2563 930 2584 tota
952 2559 1136 2594 Universitas,
1155 2563 1254 2584 contra
1271 2560 1460 2584 Normannos.

1306 2647 1374 2677 7414,
1390 2647 1497 2679 Augusti
1510 2648 1534 2676 5,
1550 2648 1573 2675 6,
1593 2648 1615 2676 7,
1632 2648 1674 2676 23,
1690 2648 1804 2674 Parisiis.
1831 2660 1834 2664 ·

314 2737 421 2769 Anno
443 2736 589 2768 Domini
612 2737 708 2777 1414,
728 2736 785 2768 die
802 2748 888 2769 vero
906 2738 925 2769 5
942 2736 1079 2768 mensis
1096 2735 1266 2780 Augusti,
1286 2734 1467 2767 celebrata
1483 2735 1550 2767 fuit
1569 2735 1806 2779 congregatio
1823 2736 2091 2771 solemnissima

228 2803 385 2836 nationis
407 2803 555 2835 Francie
577 2803 614 2834 in
639 2802 795 2846 capitulo
822 2802 977 2835 ecclesie
999 2802 1232 2842 Parisiensis,
1261 2801 1324 2833 ubi
1349 2801 1385 2833 in
1410 2801 1641 2833 arduissimis
1667 2801 1813 2834 casibus
1839 2809 1874 2835 et
1894 2805 2091 2837 necessita-

228 2869 325 2902 tibus
351 2876 387 2902 et
411 2869 514 2902 factis
543 2868 760 2914 urgentibus
786 2869 977 2902 consuevit
1003 2869 1080 2913 ipsa
1107 2868 1203 2900 natio
1230 2867 1448 2912 congregari
1476 2867 1544 2899 sul)
1569 2868 1795 2911 protectione
1828 2875 1863 2901 et
1891 2869 2091 2904 directione

351 2930 415 2948 *stt*
433 2928 529 2952 Chart.
552 2928 631 2952 Univ.
650 2927 747 2951 Paris.
765 2927 806 2950 lv.
1925 2928 1969 2950 37*
