2502 3418
263 336 361 374 1442]
608 350 654 371 ΑΒ
688 349 792 370 ΑΝΝο
828 349 1115 371 MCCCLxxxxiv
1150 349 1280 377 nsQrE
1316 350 1362 370 An
1397 350 1534 371 ANNUM
1570 351 1773 374 mccccmi.
2057 345 2122 375 (525

262 430 491 469 presentatos
507 424 684 457 Ordinum
708 423 829 464 michi,
851 423 882 456 si
903 423 996 456 bene
1020 423 1179 464 memini7
1203 423 1249 456 ita
1270 424 1387 456 visum
1410 430 1477 464 est,
1501 424 1598 468 quod
1620 424 1838 457 licenciandi
1861 433 1958 464 suntq
1982 427 2122 459 etiamsi

262 497 405 535 tempus
436 503 507 523 non
538 490 770 535 impleverint
799 490 1041 535 quinquennii
1070 490 1271 523 secundum
1303 491 1508 523 statutum¹.
1540 492 1581 523 Et
1612 491 1658 523 ita
1684 491 1914 525 observatum
1941 493 2014 526 vidi
2042 506 2120 526 mco

258 558 412 602 judicio,
435 570 513 590 nam
537 564 569 590 et
598 557 665 590 hoc
687 557 925 602 previlegium
948 556 1081 590 habent
1105 563 1165 589 aut.
1189 557 1417 589 consuetudo
1445 564 1479 589 ct
1505 558 1698 602 permissio
1724 558 1903 591 facultatis
1930 559 2027 592 dedit
2055 561 2120 592 eis.

263 625 389 667 Quoad
411 631 553 657 eeteros
574 625 700 665 fateor,
723 624 821 669 quod
844 624 944 669 rigor
965 624 1167 657 servandus
1194 630 1262 664 est,
1285 624 1357 656 nisi
1378 631 1547 669 suppetat
1568 625 1751 657 excusatio
1778 625 1926 658 nimium
1949 626 2121 670 legitima.

262 691 356 724 Malo
373 698 491 724 autem
513 692 634 724 favere
650 692 857 736 juramento
875 698 910 724 et
931 691 1076 724 statutis
1096 691 1290 732 facultatis,
1313 703 1418 735 quam
1446 691 1605 724 habenas
1631 691 1763 733 laxare,
1792 693 1980 737 potissime
2005 694 2123 738 quoad

265 758 459 803 religiosos
483 759 781 800 Mendicantium,
808 758 869 803 qui
895 771 934 791 se
961 759 1146 803 ingerunt,
1177 765 1211 791 et
1236 758 1424 803 prevalere
1451 759 1615 791 nituntur
1640 771 1791 791 numero
1818 766 1878 792 aut
1903 759 2014 792 bullis
2039 773 2124 805 apo-

264 825 415 858 stolicis.
443 826 594 870 Sapiens
618 826 761 870 est[ote]
788 832 823 858 et
843 826 942 870 pacis
963 826 1112 867 amicus,
1137 838 1216 858 nam
1245 832 1279 858 et
1304 825 1340 857 in
1363 825 1484 858 dubiis
1507 826 1672 858 securior
1694 838 1774 871 pars
1801 826 1969 871 eligenda
1991 833 2059 868 est,
2087 834 2125 860 ut

265 892 392 925 nostis.
417 892 453 925 Si
474 892 533 925 illa
555 904 655 925 sacra
675 892 825 925 facultas
843 893 975 938 passim
995 893 1040 925 ita
1063 892 1244 926 relaxetur
1261 899 1294 925 et
1312 892 1514 937 dispenset,
1533 893 1568 925 in
1585 899 1828 938 contemptum
1847 893 1969 927 veniet
1989 894 2124 938 gradus

265 966 299 992 et
319 959 580 1004 magisterium.
604 961 677 992 Hec
699 966 783 992 sunt
799 972 869 1004 que
886 966 1082 992 occurrunt
1099 959 1206 991 michi
1224 959 1317 991 inter
1336 959 1472 992 medias
1488 960 1584 992 acies
1602 960 1813 1001 constituto7
1831 960 1971 1005 judicio
1990 961 2125 993 saniori

264 1026 376 1059 salvo.
407 1026 531 1060 Valeat
557 1026 712 1060 feliciter
733 1033 767 1059 et
793 1039 969 1072 prospere
994 1033 1114 1060 vestra
1140 1026 1338 1059 dominatio
1364 1039 1443 1059 cum
1470 1033 1665 1071 augmento
1692 1028 1902 1072 gratiarum.
1931 1029 1982 1060 Ex
2008 1034 2125 1061 castro

265 1094 522 1139 Lezsigniaci².

356 1205 424 1228 Bibl.
441 1208 495 1228 nat.
511 1205 607 1235 Paris.⁷
620 1213 670 1228 ms.
685 1205 732 1228 lat.
748 1206 819 1234 8577,
837 1206 880 1229 sol.
897 1206 936 1229 33.

356 1303 381 1328 1.
397 1304 455 1327 vid.
472 1303 541 1327 infra
555 1303 695 1335 epistolam
708 1304 817 1335 Eugenii
834 1305 877 1336 lv,
893 1308 921 1327 11ο
936 1305 1006 1328 2562.
1020 1318 1049 1322 -
1062 1303 1086 1329 2.
1104 1305 1149 1327 An.
1167 1304 1236 1333 1442,
1253 1304 1347 1328 saltem
1363 1305 1450 1328 Martii
1467 1306 1489 1334 2,
1503 1313 1547 1328 rex
1563 1305 1612 1328 suit
1629 1305 1776 1335 Lesigniaci
1792 1305 1954 1336 (Lusignan).
1968 1305 2026 1329 Vid.
2041 1305 2128 1328 BEAU-

264 1355 362 1377 counr,
376 1349 451 1374 Ilist.
466 1350 500 1372 de
512 1349 625 1373 Charles
645 1348 705 1379 VII,
722 1352 739 1372 t.
757 1349 802 1378 ΙΙΙ,
815 1358 843 1380 p.
860 1350 914 1372 237.

266 1552 410 1590 2560.
437 1561 581 1587 Ger-ardus
596 1562 722 1588 Mae-heti
736 1562 837 1587 scribit
851 1562 955 1588 rectori
975 1562 1173 1588 Unirersitalis
1187 1563 1284 1589 Paris.
1301 1562 1335 1588 de
1351 1562 1473 1588 adventu
1489 1562 1743 1588 ambassiatornm.

1491 1664 1563 1694 7442,
1582 1665 1680 1693 Martio,
1696 1664 1844 1696 Lesiynsacs.

612 1767 789 1792 Honorando
802 1766 924 1793 domino
939 1767 1061 1793 domino
1076 1767 1194 1794 rectori·
1211 1768 1287 1793 alme
1303 1767 1404 1793 matris
1419 1767 1617 1793 Universitatis
1632 1766 1780 1793 Parisiens.

357 1855 576 1887 Honorande
598 1855 757 1896 domine,
781 1855 903 1899 previa
925 1855 1046 1888 debita
1068 1855 1382 1888 recommissione.
1406 1855 1638 1888 Exhibitores
1661 1855 1884 1899 presentium
1907 1854 2062 1899 delegati
2084 1854 2127 1887 ab

266 1921 356 1955 alma
378 1928 503 1955 nostra
526 1928 636 1954 matre
659 1922 917 1964 Universitate,
939 1923 1212 1967 animojugiter
1232 1935 1311 1955 meo
1330 1923 1517 1955 retinenda
1540 1929 1571 1955 et
1596 1922 1818 1963 honoranda,
1836 1922 1905 1954 huc
1927 1922 1969 1954 ad
1993 1923 2125 1967 regiam

266 1990 488 2033 majestatem
518 1996 765 2030 accesserunt,
797 1989 921 2034 utique
948 2002 1021 2022 non
1048 1990 1126 2022 sine
1158 1990 1286 2022 timore
1318 1996 1350 2022 et
1376 1991 1477 2034 justo
1509 1996 1664 2022 tremore
1692 1996 1839 2034 propter
1864 1989 1960 2021 varia
1990 1989 2125 2022 viarum

267 2055 491 2088 discrimina.
519 2056 659 2099 Quodsi
683 2056 719 2088 in
740 2056 795 2089 via
817 2057 940 2089 forsan
961 2056 1110 2089 nimium
1135 2057 1296 2089 tardasse
1319 2057 1388 2090 visi
1415 2063 1512 2098 sunt,
1539 2069 1645 2089 nemo
1669 2056 1791 2089 mirari
1818 2055 1956 2097 debuit,
1983 2056 2128 2090 attentis

267 2129 319 2155 tot
345 2123 622 2156 insidiatoribus
651 2123 836 2165 itinerum,
864 2124 926 2168 qui
954 2136 1096 2156 omnem
1124 2136 1217 2169 pene
1242 2124 1367 2156 callem
1395 2130 1430 2156 et
1456 2124 1617 2156 semitam
1645 2130 1834 2167 occupant.
1862 2123 1979 2168 Magis
2010 2130 2126 2156 autem

268 2190 439 2231 demiror,
463 2190 646 2234 quomodo
663 2191 742 2223 ausi
760 2197 845 2223 sunt
860 2191 968 2223 tantis
986 2203 1025 2224 se
1047 2202 1229 2236 exponere
1247 2190 1536 2231 discriminibus,
1554 2191 1651 2235 quod
1669 2190 1726 2222 vix
1742 2190 1875 2222 audent
1892 2190 1997 2222 etiam
2020 2190 2129 2222 auda-

267 2256 405 2289 cissimi
431 2264 465 2290 et
489 2257 602 2290 fortes
628 2258 765 2291 armati.
790 2258 885 2292 Vicit
910 2264 1027 2291 autem
1055 2258 1123 2290 iter
1150 2258 1294 2299 durum,
1318 2270 1423 2290 omne
1451 2257 1648 2290 (Uscrimen
1675 2263 1709 2289 et
1737 2257 1951 2301 periculum,
1979 2257 2125 2302 pietas²,

268 2335 368 2356 amor
390 2324 526 2366 matris,
549 2325 610 2369 qui
627 2325 745 2357 omnia
766 2325 889 2359 vincit.
914 2327 986 2358 IIec
1009 2325 1130 2358 scribo
1152 2332 1271 2358 vestre
1293 2325 1431 2357 caritati
1454 2325 1496 2357 ad
1524 2324 1794 2357 excusationem
1824 2324 2001 2368 ipsorum,
2023 2330 2058 2356 et
2083 2336 2127 2356 ne

268 2391 350 2435 quis
368 2391 511 2436 ignavie
533 2391 709 2436 imputare
730 2392 817 2425 velit
838 2392 1052 2425 tarditatem.
1071 2394 1314 2425 Revertuntur
1330 2398 1447 2424 autem
1470 2392 1513 2424 ad
1536 2391 1658 2423 matris
1681 2390 1803 2431 ubera,
1826 2391 1980 2423 fructum
2005 2402 2128 2435 repor-

269 2464 383 2490 tantes
416 2460 653 2503 (πορῑίιίιιιιΰἸ
684 2460 734 2491 uti
765 2471 933 2492 sermone
962 2459 1177 2504 protentiori
1205 2458 1447 2504 explicabunt.
1479 2458 1767 2490 Dominationcm
1797 2464 1952 2490 vestram
1974 2457 2128 2490 feliciter

267 2525 455 2570 pervalere
473 2525 657 2559 desidero.
682 2527 860 2571 Scriptum
878 2527 1095 2571 Lezigniaci.

362 2636 430 2660 Bihl.
444 2639 497 2659 nat.
514 2637 607 2666 Pnris.,
624 2645 673 2660 mS.
688 2638 734 2661 lat.
749 2639 819 2668 8577,
836 2638 880 2662 sol.
897 2638 947 2661 33¹³.
960 2638 1023 2661 Cum
1040 2639 1132 2661 Petrus
1148 2638 1179 2661 de
1195 2638 1278 2660 Brenn
1289 2637 1344 2668 jam
1359 2645 1481 2660 reversus
1498 2639 1567 2660 esset
1579 2636 1674 2667 (April.
1687 2637 1718 2665 5),
1736 2636 1868 2660 Gerardus
1885 2636 1907 2659 ei
1923 2636 2072 2667 gratulatus
2090 2639 2130 2659 est

268 2689 278 2703 ι(
297 2680 422 2712 sospitem
439 2681 472 2703 ad
487 2682 598 2712 propria
614 2682 723 2705 rediisse
738 2685 799 2713 post
814 2683 886 2705 varin
907 2683 947 2706 vie
967 2682 1121 2705 discrimina
1142 2691 1163 2711 »,
1184 2682 1329 2713 adjungens
1351 2681 1489 2712 pulchram
1511 2681 1667 2704 sententiam
1684 2689 1688 2703 ·.
1707 2689 1718 2703 ι(
1735 2681 1789 2703 Non
1810 2681 1886 2704 debet
1906 2684 1988 2704 mater
2008 2680 2052 2711 piu
2075 2681 2129 2703 silio
2173 2682 2175 2684 '

268 2725 382 2757 gratiam
403 2726 555 2757 rependere,
572 2726 616 2757 qui
632 2726 719 2749 omniu
734 2727 802 2750 alme
816 2727 920 2758 parenti
940 2727 1040 2756 debuit,
1057 2735 1102 2750 nec
1119 2727 1183 2750 satis
1204 2734 1319 2758 unquam
1339 2726 1422 2749 vicem
1437 2726 1538 2754 reddet,
1555 2725 1658 2749 etiamsi
1674 2725 1792 2748 millibus
1809 2725 1884 2748 annis
1905 2728 2039 2756 superstes
2062 2725 2129 2748 vive-

268 2773 308 2793 ret
324 2779 334 2793 n
353 2770 407 2799 (fol.
422 2772 471 2799 39).
488 2770 551 2798 Quis
568 2779 683 2802 unquam
695 2771 898 2795 Universitatem
910 2776 964 2795 tam
980 2772 1089 2797 sincere.
1103 2775 1155 2794 tum
1171 2771 1261 2794 intime
1277 2771 1345 2794 sicut
1356 2774 1465 2793 matrem
1479 2779 1554 2793 suam
1571 2770 1754 2800 venerabatur⁷
1770 2778 1848 2801 quum
1858 2770 1990 2794 Gen-ardus
2002 2770 2131 2794 Macheti?

365 2867 389 2892 1.
402 2868 515 2891 johanni
530 2868 634 2892 solerii.
652 2883 672 2886 -
690 2869 713 2893 2.
730 2869 769 2893 Cf.
783 2870 877 2898 VERG„
890 2871 965 2899 Ain„
984 2871 1023 2899 Vl,
1039 2871 1084 2893 688
1099 2878 1103 2892 z
1119 2879 1130 2892 «
1143 2869 1210 2893 Vicit
1226 2869 1274 2892 iter
1286 2869 1381 2891 durum
1393 2868 1477 2899 pietas
1491 2877 1513 2891 υ.
1528 2882 1557 2885 -
1568 2867 1591 2892 3.
1604 2867 1660 2891 Vid.
1675 2876 1755 2898 supra
1767 2872 1796 2890 n⁰
1807 2868 1876 2895 2553,
1889 2871 1952 2896 noh,
1966 2871 1991 2891 et
2001 2869 2130 2894 Aucla7··.

274 2913 303 2938 ΙΙ,
317 2921 343 2944 p.
361 2914 414 2942 542,
431 2913 460 2936 18
476 2921 534 2944 sqq.

342 2949 347 2952 ⁵
396 2961 458 2978 *W*
477 2958 572 2982 Clzart.
594 2959 672 2983 Um'z)⁴
693 2959 786 2983 Paris.
803 2960 845 2983 lv.
1981 2958 2010 2983 79
