2502 3418
232 319 327 355 1403]
660 331 705 351 ΑΒ
740 329 844 351 Anao
880 328 1165 349 mcccmx'xxxw
1198 329 1245 349 AD
1279 328 1416 349 ANNFM
1452 328 1656 349 mccccrii.
2049 317 2088 349 57

229 405 361 439 dictus.
378 405 435 437 cui
458 411 623 444 tenemur
639 402 799 442 obnoxii,
818 402 902 434 olim
926 401 1007 433 dum
1027 408 1124 433 esset
1146 401 1180 432 111
1199 401 1401 433 minoribus
1418 401 1638 433 constitutus
1660 407 1691 432 et
1714 400 1854 444 legatus
1876 400 1910 431 in
1929 400 2087 438 Francia,

229 472 273 504 ad
304 471 394 504 hanc
420 471 590 503 unionem
619 469 819 506 anhelabat,
847 475 882 501 et
911 467 1078 500 similiter
1107 467 1251 512 plurimi
1283 480 1324 500 ex
1354 467 1511 500 dominis
1540 466 1782 511 principibus,
1817 466 2089 498 considerantes

230 545 392 584 preterea
413 537 584 570 humilem
607 536 906 581 supplicationem
930 535 1106 567 (lictorum
1129 535 1275 566 fratrum
1300 534 1581 573 l'redicatorum,
1601 533 1806 577 specialiter
1827 533 1867 564 ad
1891 532 1957 564 hoc
1979 533 2090 577 ‹lepu-

230 611 395 645 tatorum,
415 611 447 637 et
469 603 537 637 sub
554 604 795 636 instrumento
818 601 964 647 publico
981 601 1209 633 fundatorum
1235 613 1298 646 pro
1318 601 1500 645 provincia
1518 600 1679 639 Francie,
1698 600 1757 644 qui
1776 611 1892 631 coram
1912 599 2090 643 deputatis

229 672 364 705 nostris
385 678 417 704 et
440 670 546 704 nobis
567 676 830 715 comparentes,
850 668 987 713 pluries
1009 680 1119 712 super
1135 679 1198 700 sua
1220 667 1515 700 reconciliatione
1537 679 1614 699 cum
1639 666 1735 698 omni
1757 666 1862 710 signo
1880 665 2091 698 humilitatis

229 744 435 777 oraverunt,
454 744 489 770 et
508 742 846 782 appunetamentum
870 735 1044 780 prefatum
1064 741 1187 767 tenere
1209 734 1467 767 inviolabiliter
1484 733 1635 778 polliciti
1657 739 1756 770 sunt;

316 804 556 837 Attendentes
583 803 740 847 denique
772 802 868 847 pium
901 807 1060 834 materne
1087 801 1243 833 caritatis
1273 801 1378 833 seclus
1406 812 1490 844 erga
1518 799 1612 832 filios
1639 806 1673 832 et
1701 799 1940 844 professionis
1969 805 2091 831 nostre

229 883 421 911 memores,
445 882 514 915 que
538 869 768 903 concordiam
800 875 835 901 et
864 867 1149 900 misericordiam
1181 867 1368 912 predicare
1395 879 1466 898 non
1490 873 1619 906 cessat,
1643 873 1678 898 et
1707 866 1789 910 quia
1817 865 2019 910 speciosior
2041 872 2092 897 cst

228 939 341 971 forma
369 938 478 970 totius
506 949 548 970 ex
574 937 629 969 sui
661 936 766 981 plena
797 947 971 980 compage
1002 934 1260 975 membrorum,
1288 934 1402 967 virtus
1424 945 1569 978 quoque
1597 933 1695 966 unita
1728 933 1861 965 sorcior
1890 939 1945 964 est
1974 932 2092 976 seipsa

229 1005 410 1050 dispersa,

318 1071 499 1104 Habentes
530 1077 713 1116 postremo
749 1081 812 1114 pre
845 1068 962 1102 oculis
993 1069 1162 1101 doctores
1198 1067 1548 1112 precellentissimos
1580 1067 1742 1112 ejusdem
1773 1066 1936 1107 Ordinis,
1967 1066 2027 1110 qui
2061 1073 2091 1098 ct

229 1139 418 1172 ecclesiam
441 1138 645 1171 universam
668 1143 703 1170 et
722 1143 880 1170 nostram
905 1136 1184 1169 Universitatem
1209 1135 1252 1167 de
1274 1135 1391 1167 fructu
1418 1147 1567 1179 operum
1591 1146 1738 1167 suorum
1766 1134 2037 1167 illustraverunt
2061 1139 2091 1164 ct

229 1205 462 1239 illustrabunt
481 1206 557 1237 Deo
578 1204 735 1249 propitio
755 1215 761 1236 :

318 1272 552 1305 Decrevimus
578 1271 750 1304 concordi
773 1270 1035 1304 deliberatione
1058 1269 1241 1314 predictos
1263 1269 1391 1302 fratres
1413 1269 1456 1301 ad
1478 1275 1640 1301 nostrum
1664 1268 1887 1301 consortium
1911 1268 1954 1300 (le
1972 1274 2093 1299 nostra

228 1339 377 1385 speciali
398 1339 510 1384 gratia
532 1339 695 1383 recipere
717 1344 752 1370 et
772 1338 1010 1382 reintegrare,
1029 1337 1123 1369 sicut
1143 1336 1227 1368 olim
1250 1337 1403 1375 fuerant,
1423 1336 1631 1380 priusquam
1655 1335 1737 1368 lites
1758 1335 1826 1368 iste
1850 1341 2092 1374 moverentur,

229 1414 263 1440 et
284 1407 328 1440 de
348 1407 440 1439 sacto
458 1406 655 1451 recipimus
677 1412 712 1438 et
732 1405 1009 1449 reintegramus.
1035 1405 1108 1436 Hoc
1130 1410 1247 1436 tamen
1270 1403 1475 1444 observato,
1499 1403 1595 1447 quod
1618 1403 1710 1435 sicut
1731 1403 1859 1435 fratres
1880 1402 2030 1447 predicti
2054 1413 2095 1433 ex

230 1481 328 1520 parte
356 1473 543 1518 provincie
571 1472 720 1505 Francie
749 1472 1007 1517 promiserunt,
1036 1477 1071 1503 et
1097 1470 1212 1503 adhue
1240 1470 1454 1515 promittunt
1482 1482 1546 1514 pro
1576 1482 1614 1502 se
1643 1476 1678 1502 et
1705 1469 1889 1514 provincia
1917 1481 1979 1501 sua
2011 1475 2094 1509 tota,

230 1548 354 1574 tenere
380 1540 643 1573 ordinationem
673 1539 771 1584 regis
800 1538 971 1583 superius
992 1549 1215 1582 expressam,
1239 1538 1285 1570 ita
1312 1536 1558 1582 procurabunt
1582 1536 1674 1569 bona
1697 1536 1766 1568 tide
1784 1548 1848 1580 pro
1871 1548 1978 1580 posse
2000 1535 2094 1567 illam

230 1609 348 1642 facere
375 1607 561 1641 observari
581 1607 677 1652 apud
700 1618 827 1639 omnes
851 1606 941 1638 alios
960 1606 1090 1638 fratres
1112 1605 1156 1637 de
1178 1616 1242 1637 sua
1263 1604 1456 1649 religione,
1477 1604 1733 1636 renunciantes
1756 1615 1927 1648 expresse
1950 1602 2098 1647 quibus-

231 1687 384 1721 cumque
405 1674 710 1720 appellationibus
738 1685 803 1718 per
828 1685 891 1706 eos
919 1680 978 1706 aut
1005 1672 1092 1705 alias
1122 1684 1186 1717 per
1211 1678 1429 1704 conventum
1458 1671 1653 1703 Parisicns.
1682 1671 1797 1711 sactis,
1825 1677 1860 1703 et
1887 1671 1923 1702 in
1950 1670 2097 1715 speciali

231 1743 328 1788 quod
353 1742 475 1775 nullus
497 1742 606 1774 frater
631 1741 827 1786 recipietur
852 1740 980 1773 amodo
1007 1740 1050 1772 ad
1080 1739 1215 1784 gradus
1244 1738 1455 1771 scolasticos
1484 1738 1658 1779 Parisius,
1687 1738 1747 1782 qui
1781 1750 1852 1769 non
1881 1738 1981 1782 prius
2009 1737 2098 1769 hanc

208 1835 210 1837 ·
231 1809 495 1843 ordinationem
520 1815 645 1841 tenere
669 1808 847 1852 juraverit
867 1807 903 1839 in
930 1806 1096 1839 manibus
1117 1806 1297 1839 facultatis
1324 1805 1507 1850 theologie
1530 1805 1586 1838 vel
1615 1805 1866 1849 deputatorum
1891 1804 1933 1837 ab
1959 1804 2096 1837 eadem.

231 1877 337 1920 Quod
359 1877 390 1910 si
413 1877 494 1921 quis
514 1888 638 1909 eorum
660 1881 719 1908 aut
744 1874 895 1908 aliorum
918 1875 1065 1907 fratrum
1095 1880 1219 1906 contra
1244 1873 1404 1918 predicta
1425 1872 1577 1912 veniret,
1606 1872 1820 1916 promittunt
1846 1873 1976 1909 facere,
2002 1872 2098 1916 quod

230 1945 266 1978 in
288 1945 341 1977 eis
362 1944 443 1985 erit,
466 1950 504 1976 ut
525 1943 646 1976 debite
667 1943 847 1987 puniatur.

320 2011 491 2056 Reliquas
513 2017 628 2043 autem
651 2021 778 2043 omnes
799 2021 910 2054 penas
931 2008 1114 2041 ordinatas
1141 2014 1197 2040 aut
1227 2014 1377 2040 statutas
1404 2007 1595 2040 occasione
1622 2006 1804 2039 discordie
1827 2007 2010 2051 preterite,
2034 2018 2100 2039 nos

231 2079 363 2112 intuitu
392 2078 457 2111 Dei
483 2084 518 2111 et
545 2077 703 2110 omnium
727 2076 987 2121 premissorum
1017 2075 1310 2108 consideratione
1339 2074 1498 2119 gratiose
1527 2073 1740 2113 relaxamus,
1769 2073 1955 2106 abolemus
1979 2080 2012 2106 et
2034 2073 2098 2105 tol-

232 2146 352 2179 limus.
377 2147 416 2178 In
437 2156 589 2190 quorum
617 2144 775 2176 omnium
806 2143 1013 2176 memoriam
1042 2149 1076 2175 et
1106 2141 1217 2174 robur
1247 2148 1459 2186 perpetuum
1488 2140 1647 2185 sigillum
1676 2147 1838 2173 nostrum
1867 2140 2097 2184 presentibus

232 2213 482 2258 apposuimus,
512 2218 547 2244 et
574 2212 703 2244 fratres
731 2210 891 2255 deputati
922 2222 986 2255 pro
1015 2209 1199 2254 provincia
1231 2209 1378 2241 Francie
1408 2220 1446 2241 se
1475 2207 1772 2252 subscripserunt
1795 2208 1830 2239 in
1853 2208 2096 2240 testimonium

233 2279 510 2325 approbaeionis
532 2278 808 2323 premissorum,
830 2284 865 2310 et
885 2276 1044 2321 sigillum
1071 2276 1256 2321 provincie
1280 2275 1428 2308 Francie
1449 2287 1487 2307 ac
1509 2281 1710 2307 conventus
1728 2274 1944 2307 l'arisiensis
1965 2286 2098 2319 appen-

234 2347 376 2380 derunt.

323 2415 449 2446 Datum
477 2419 511 2445 et
538 2419 652 2445 actum
675 2412 711 2444 111
737 2411 1023 2456 congregatione
1052 2417 1174 2443 nostra
1202 2409 1365 2454 generali
1393 2409 1486 2454 apud
1518 2410 1552 2441 S.
1581 2409 1797 2441 Maturinum
1821 2408 1980 2441 Parisius
2005 2407 2098 2440 cele-

234 2480 344 2521 brata,
364 2492 457 2512 anno
479 2479 623 2511 Domini
640 2478 834 2511 millesimo
852 2477 1213 2522 quadringentesitno
1235 2477 1354 2518 tertio,
1373 2476 1430 2508 die
1447 2476 1618 2509 vicesima
1641 2476 1752 2520 prima
1774 2475 1911 2507 mensis
1927 2475 2096 2519 Augusti.

233 2548 290 2581 Ita
305 2548 510 2592 signatum:
525 2547 647 2578 Frater
664 2546 815 2578 Bonitus
833 2545 984 2585 Liteltiss,
1003 2544 1176 2589 magister
1192 2544 1228 2575 in
1244 2543 1441 2588 theologia,
1459 2549 1671 2588 procurator
1687 2542 1730 2574 ad
1748 2542 1940 2586 premissa,
1959 2543 2001 2574 fr.
2016 2541 2098 2575 Cle-

235 2627 337 2647 mens
366 2613 609 2658 Bolengeriit,
638 2625 730 2658 mag.
761 2613 797 2644 in
824 2612 947 2653 theol,
976 2618 1190 2656 procurator
1214 2610 1257 2643 ad
1286 2610 1479 2655 premissa,
1506 2610 1548 2641 sr.
1575 2609 1729 2641 Thomas
1757 2609 1916 2649 Bibardi,
1940 2621 2031 2653 mag.
2062 2609 2097 2641 in

235 2681 417 2726 theologia
439 2687 473 2714 et
494 2681 593 2725 prior
613 2686 814 2713 conventus
836 2679 1066 2719 Parisicnsis,
1090 2684 1302 2722 procurator
1318 2677 1361 2710 ad
1383 2677 1575 2722 premissa,
1598 2677 1706 2708 frater
1721 2675 1904 2709 Johannes
1925 2676 2095 2717 Riehelis,

236 2749 409 2794 magister
425 2747 669 2780 studentium5
692 2747 728 2778 in
745 2753 925 2779 conventu
947 2745 1157 2786 l'arisiensi,
1181 2751 1393 2789 procurator
1410 2744 1452 2776 ad
1476 2743 1663 2788 premissa.

324 2817 386 2848 Εἰθ
409 2827 477 2860 ego
498 2814 682 2847 Johannes
706 2814 749 2846 de
772 2814 883 2858 Edyo,
907 2813 1062 2845 clericus
1086 2811 1367 2856 Rothomagens.
1394 2811 1501 2849 (lieo,
1520 2809 1766 2842 bacchalarius
1788 2810 1823 2842 in
1841 2810 2011 2851 decretis,
2034 2823 2097 2855 pu-

236 2883 355 2916 blicus
375 2882 585 2915 auctoritate
603 2880 800 2925 apostoliea
822 2887 856 2913 et
877 2879 1054 2924 imperiali
1076 2878 1251 2919 notarius,
1270 2890 1308 2910 ac
1329 2877 1420 2910 alme
1442 2877 1565 2909 matris
1590 2877 1849 2911 Universitatis
1871 2878 1980 2910 studii
2002 2878 2097 2910 Pari-

360 2944 423 2961 *Η*
441 2941 536 2965 chart.
559 2940 638 2964 Um'v.
657 2940 750 2964 Paris.
771 2939 812 2963 IV.
1961 2938 1974 2957 s
