2502 3418
384 323 449 357 380
956 333 1276 356 cium-uminum
1310 332 1502 354 muvmzs.
1539 331 1670 354 rmus,
2151 319 2251 356 [1420

385 444 530 492 2159.
555 455 633 490 Mag.
650 454 794 481 Johannes
806 455 924 481 Basseti
938 455 1065 481 Mar-tino
1085 453 1273 490 Vsupplicat,
1292 457 1323 479 ut
1343 454 1372 479 in
1392 452 1482 486 officio
1502 453 1665 478 notariatus
1684 451 1891 478 conservatoris
1906 452 2120 488 privilegiorum
2140 452 2254 480 Univer-

472 502 572 529 sitatis
588 505 778 538 confirmetur.

1587 538 1665 566 1420,
1680 537 1740 563 Maii
1752 538 1798 567 27,
1813 537 1966 564 Florentiae.

475 627 578 660 Pater
594 633 729 661 sancte.
753 627 895 660 Pridem
919 626 1036 659 officio
1054 626 1234 660 scribanie
1256 626 1334 659 sive
1354 625 1554 659 notariatus
1570 625 1671 657 curie
1687 624 1957 658 conservatoris
1973 625 2250 671 privilegiorum

387 693 642 727 Universitatis
664 694 775 727 studii
796 694 991 726 Parisiens.
1011 700 1095 726 tunc
1116 699 1216 726 certo
1234 693 1341 725 modo
1357 698 1506 725 vacante
1525 718 1591 732 ....,
1609 691 1754 724 Petrus¹
1774 691 1970 736 episeopus
1988 691 2250 726 Silvanectens.

387 760 565 793 dictorum
587 760 862 806 privilegiorum
880 745 1136 793 conservato&
1157 759 1248 791 illud
1269 758 1425 791 officium
1498 757 1655 792 Johanni
1677 758 1839 791 Basseti³
1860 758 2035 804 magistro
2055 759 2093 792 in
2113 758 2252 793 artibus

387 833 422 860 et
441 827 478 859 in
500 827 656 860 decretis
677 826 860 860 licentiato
882 838 961 859 cum
984 826 1061 859 suis
1077 825 1239 874 juribus⁷
1257 824 1432 858 oneribus
1454 831 1489 857 et
1509 824 1765 858 emolumentis
1784 825 1969 858 universis
1985 825 2167 859 commisit
2185 837 2251 859 seu

387 893 541 926 contulit
567 893 733 938 regendi,
760 893 968 934 exercendi,
996 892 1143 925 tenendi
1174 898 1209 925 et
1236 892 1340 925 etiam
1369 891 1614 937 gubernandi,
1640 903 1791 936 quarum
1812 891 1960 937 quidem
1981 893 2251 927 commissionis

386 972 451 993 seu
481 960 685 993 collationis
712 960 839 1005 vigore
870 960 949 1004 ipse
977 956 1161 992 Johannes
1192 959 1326 992 dictum
1355 958 1510 992 officium
1545 958 1662 991 extitit
1689 965 1893 992 assecutus.
1928 959 2114 1004 Supplicat
2139 960 2253 1006 igitur

387 1027 421 1060 S.
439 1028 482 1061 V.
506 1027 666 1071 prefatus
682 1026 865 1059 Johannes
882 1032 1061 1071 quatenus
1078 1026 1374 1059 commissionem
1392 1025 1468 1059 sive
1485 1025 1716 1058 collationem
1736 1025 1948 1071 hujusmodi
1969 1033 2005 1059 et
2024 1038 2252 1072 quecumque
2292 1032 2294 1035 '

388 1093 473 1126 inde
501 1100 636 1132 secuta,
659 1100 732 1126 rata
752 1093 928 1126 habentes
951 1099 985 1125 et
1005 1099 1118 1138 grata,
1141 1092 1355 1125 confirmare
1381 1104 1420 1125 ac
1446 1092 1491 1125 de
1511 1092 1607 1126 dicto
1629 1092 1761 1135 officio,
1784 1093 1888 1138 cujus
1909 1093 2153 1127 emolumenta
2173 1094 2251 1128 sive

384 1161 536 1201 fructus,
548 1167 629 1202 etc.‚
642 1160 880 1193 ducentorum
898 1160 1054 1193 francor.
1068 1166 1214 1192 monete
1231 1159 1373 1192 illarum
1392 1159 1546 1205 partium
1564 1159 1723 1193 valorem
1740 1172 1899 1193 annuum
1916 1172 1990 1193 non
2005 1161 2185 1194 excedunt

384 1227 578 1272 providere
599 1227 857 1273 dignemini....
873 1247 918 1252 --
938 1227 1026 1260 Fiat.
1049 1226 1092 1260 O.
1108 1247 1154 1251 —
1173 1227 1251 1259 Dat.
1275 1226 1459 1260 Florentie
1479 1227 1512 1272 vj
1535 1226 1604 1260 kal.
1622 1227 1733 1269 Junii,
1755 1239 1849 1261 anno
1870 1227 1991 1261 tertio.

474 1325 538 1355 Reg.
555 1324 649 1356 Suppl.
663 1325 739 1348 Mart.
755 1325 787 1353 V,
804 1329 833 1347 n⁰
847 1324 902 1354 137,
919 1324 1033 1348 r01.19'⁴.

474 1408 498 1433 1.
514 1409 606 1432 Petrus
628 1409 659 1432 de
681 1408 799 1440 Cbisscy,
817 1408 961 1432 monachus
982 1412 1096 1431 monast.
1113 1408 1290 1439 cluniacens.²
1306 1408 1388 1440 episc.
1411 1409 1444 1432 nb
1463 1417 1506 1433 an.
1527 1409 1597 1440 1418,
1621 1410 1791 1433 confirmatus
1814 1418 1858 1434 an.
1877 1410 1947 1439 1419,
1971 1411 2042 1442 Sept.
2065 1412 2080 1434 6
2101 1411 2174 1442 (Reg.
2192 1411 2249 1436 Lat.

382 1454 458 1478 Mart.
471 1454 501 1480 V,
517 1462 560 1477 nn.
576 1454 599 1483 2,
615 1453 662 1478 lib.
684 1454 722 1482 32,
744 1454 788 1477 sol.
805 1454 869 1483 260).
889 1467 920 1471 --
938 1452 963 1478 2.
984 1453 1136 1476 Ber-nardus
1159 1453 1308 1483 Chevenon,
1330 1453 1474 1486 episcopus
1495 1454 1686 1485 Bellovucens.,
1706 1455 1826 1486 quiante
1846 1455 1874 1478 id
1893 1458 1997 1487 tempus
2017 1458 2187 1479 conservator
2201 1456 2252 1480 suit

382 1498 446 1529 (vid.
462 1503 491 1521 n⁰
506 1499 584 1528 2136),
599 1506 667 1521 anno
685 1499 783 1528 codem,
799 1498 875 1521 Febr.
892 1498 929 1528 16,
943 1498 1082 1521 defunctus
1095 1501 1144 1521 est.
1156 1498 1194 1521 Ad
1209 1498 1273 1521 haec
1289 1498 1343 1522 vid.
1359 1507 1440 1530 supra
1456 1503 1485 1521 n0
1501 1499 1571 1528 1958,
1587 1502 1640 1522 not.
1653 1512 1684 1516 —
1697 1499 1722 1524 3.
1737 1499 1796 1523 Vid.
1811 1500 1842 1523 de
1855 1499 1901 1523 illo
1914 1508 1997 1531 supra
2009 1508 2038 1532 p.
2054 1500 2100 1523 102
2114 1503 2140 1524 et
2153 1508 2181 1532 p.
2197 1501 2252 1532 306,

381 1546 433 1566 not.
450 1543 489 1566 23.

385 1670 584 1707 2160.1n
601 1687 715 1705 camera
728 1678 907 1715 parlamenti
923 1688 938 1704 ι(
956 1679 982 1705 Ie
1002 1683 1113 1705 recteur
1128 1683 1155 1705 et
1170 1679 1303 1705 maistres
1323 1678 1358 1705 de
1378 1678 1560 1706 l'Universite'
1580 1679 1615 1706 de
1630 1680 1716 1705 Paris
1732 1689 1747 1706 »
1763 1689 1824 1706 cum
1844 1680 1939 1706 solitis
1955 1679 2142 1715 consiliariis,
2160 1689 2251 1717 prae-

472 1728 566 1764 posito
589 1731 775 1754 mercatorum
802 1731 830 1754 et
848 1728 985 1763 scabinis,
1008 1728 1154 1764 praelatis
1173 1728 1300 1764 aliisque
1316 1728 1523 1754 ecclesiasticis
1542 1737 1637 1754 coram
1650 1729 1836 1765 praesidente
1854 1733 1882 1755 et
1895 1729 2159 1756 ambassiatoribus
2174 1729 2251 1765 regis

470 1777 594 1812 Angliae
619 1777 792 1812 congregati,
810 1778 914 1813 jurant
936 1786 968 1804 se
994 1777 1192 1803 observaturos
1212 1779 1371 1804 tractatum
1393 1778 1470 1812 pacis
1491 1779 1634 1808 Trecens.,
1655 1787 1709 1814 quo
1734 1778 1809 1804 inter
1829 1778 1893 1804 alia
1915 1778 2034 1805 Carolus
2058 1778 2212 1815 delphinus
2234 1787 2250 1805 e

470 1827 649 1852 successione
665 1827 740 1861 regis
760 1826 976 1862 excludebatur,
992 1831 1019 1852 et
1032 1835 1085 1852 rex
1097 1826 1221 1862 Angliae
1237 1827 1341 1853 vivente
1357 1826 1458 1853 Carolo
1471 1835 1538 1862 rege
1552 1836 1651 1862 regens
1667 1836 1791 1862 regnum,
1811 1828 1873 1863 ipso
1887 1827 2022 1862 defuncto
2038 1836 2091 1854 rex
2107 1828 2250 1855 Franciae

470 1875 662 1901 statuebatur.

1627 1917 1701 1947 7420,
1717 1917 1777 1943 uait·
1788 1917 1832 1946 30.
1846 1917 1962 1943 Parisiis.

476 2003 554 2026 Arch.
570 2007 624 2026 nat.
642 2004 738 2033 Puris„
754 2004 800 2027 X¹³
814 2004 883 2034 1480,
898 2004 943 2027 sol.
960 2004 1013 2027 216.
1031 2003 1170 2033 inmmnx,
1189 2005 1261 2029 Hisr.
1274 2004 1348 2028 dela
1363 2004 1429 2028 ville
1444 2005 1477 2028 de
1490 2005 1584 2034 Paris,
1600 2005 1642 2033 Vl,
1659 2006 1713 2028 584.
1729 2018 1757 2022 -—
1773 2005 1831 2028 Jnm
1845 2004 1928 2036 April.
1944 2005 1974 2028 29
1991 2008 2077 2028 rector
2091 2008 2117 2029 et
2130 2005 2250 2037 deputati

385 2048 571 2072 Universitatis
588 2048 614 2071 in
630 2056 734 2072 camera
749 2049 908 2080 parlamenti
925 2048 1110 2080 praesentibus
1129 2048 1369 2072 ambassiatoribus
1385 2049 1456 2080 regis
1472 2049 1598 2073 From-ine
1619 2049 1743 2072 tractatui
1761 2049 1939 2073 adhaeserunt
1955 2049 2018 2081 (vid.
2034 2049 2172 2078 Fimmmu,
2188 2049 2207 2074 l.
2225 2058 2249 2075 c.

383 2101 410 2124 p.
426 2093 480 2121 583,
496 2096 522 2116 et
534 2101 616 2124 supra
628 2097 656 2116 n⁰
669 2093 738 2121 2155,
755 2095 828 2123 not.).

386 2214 510 2251 2161
522 2243 530 2251 .
553 2224 631 2250 Junii
646 2225 662 2251 3
677 2226 817 2251 tractatus
831 2225 907 2258 pacis
919 2225 1087 2260 publicatus
1103 2229 1146 2251 est
1159 2226 1187 2251 in
1200 2225 1370 2261 praesentia
1386 2226 1469 2251 trium
1482 2225 1655 2260 facultatum
1670 2225 1765 2260 theol„
1784 2225 1888 2252 decret.
1906 2229 1934 2251 et
1949 2225 2110 2252 medicinae
2126 2226 2155 2252 in
2170 2226 2250 2263 capi-

476 2273 534 2298 tulo
547 2275 573 2299 S.
589 2273 749 2299 Mamm-ini
761 2277 1006 2308 congregatarum,
1021 2275 1174 2309 etjuratus
1185 2284 1240 2310 per
1253 2274 1368 2309 singula
1384 2269 1552 2311 s11pposita,·
1565 2275 1644 2300 Junii
1656 2276 1671 2301 4
1685 2283 1746 2300 vero
1761 2275 1789 2300 in
1798 2275 1969 2311 praesentia
1981 2275 2109 2310 rectoris,
2125 2278 2250 2311 quatuor

469 2326 690 2359 procuratorum
706 2326 733 2349 et
753 2323 966 2359 suppositorum
985 2327 1109 2358 quatuor·
1132 2324 1279 2350 nationum
1303 2324 1331 2349 in
1356 2324 1479 2350 ecclesia
1502 2325 1529 2350 S.
1552 2323 1663 2350 ,Iuliani
1682 2324 1874 2358 existentium,
1893 2327 1919 2350 et
1933 2324 2052 2359 juratus
2063 2333 2118 2360 per
2131 2324 2248 2359 singula

473 2372 634 2408 supposita.

1606 2410 1678 2439 1420.
1692 2410 1750 2435 dun.
1767 2411 1792 2439 3.
1807 2409 1832 2439 4,
1849 2409 1963 2436 Parisii-s.

481 2495 604 2519 oa-donn.
618 2497 664 2520 cles
678 2496 744 2524 rois,
758 2497 800 2524 XI,
816 2498 856 2519 90.
871 2510 901 2513 -
926 2497 984 2519 Mox
999 2505 1009 2519 «
1024 2505 1113 2520 omnes
1134 2497 1293 2524 scholastici,
1311 2497 1333 2520 si
1349 2497 1381 2520 nd
1402 2497 1516 2528 gradum
1532 2497 1646 2529 aliquem
1661 2497 1687 2520 in
1702 2506 1857 2529 quacunque
1872 2498 1996 2521 facultate
2012 2497 2248 2529 promovebantur,

386 2538 453 2562 inter
464 2539 515 2562 ulia
528 2539 554 2562 in
568 2548 647 2563 manu
660 2540 768 2563 rectoris
787 2540 974 2564 Universitutis
989 2541 1141 2572 hujusmodi
1156 2549 1248 2572 pacem
1266 2550 1293 2564 se
1309 2545 1460 2565 servaturos
1474 2545 1638 2565 sacramento
1657 2542 1761 2565 firmare
1777 2542 1953 2573 adigebantur
1966 2550 1978 2565 ‘2
1994 2542 2126 2572 (Thomas
2144 2543 2235 2567 Rasin

386 2583 456 2608 Hist.
472 2584 564 2608 Caroli
581 2584 634 2609 VII
647 2589 672 2609 et
687 2585 793 2609 Ludov.
808 2584 859 2614 XI,
877 2586 917 2608 ed.
934 2585 1103 2615 qumnznxr,
1121 2586 1138 2614 Ι,
1156 2594 1182 2617 p.
1197 2587 1234 2609 36.
1252 2586 1292 2610 Cf.
1308 2588 1438 2614 Auctar„
1455 2587 1487 2615 ΙΙ,
1504 2594 1529 2617 p.
1544 2587 1599 2615 303,
1612 2590 1665 2609 not.
1683 2587 1705 2609 7.
