2502 3418
407 331 470 363 252
984 342 1306 363 CHARTULARHJM
1341 342 1531 364 Uvassns.
1569 342 1699 364 tulus.
2178 328 2277 365 [1413

407 415 555 447 Francie
576 427 615 447 ac
636 415 774 460 singuli
795 415 973 448 dictorum
997 415 1179 448 Minorum
1201 422 1418 457 conventus,
1438 415 1648 460 permittere
1663 415 1787 449 vivere
1807 415 1937 447 fratres
1963 403 2125 448 Minores
2146 426 2276 448 secun—

405 481 489 514 dum
519 481 785 515 observantiam
819 482 948 527 regule
978 482 1073 515 beati
1100 482 1285 515 Francisci
1307 482 1415 515 modo
1444 489 1479 515 et
1506 483 1620 515 forma
1648 483 1831 515 contentis
1856 481 1894 514 in
1919 481 2071 526 quadam
2101 481 2199 515 bulla
2221 481 2275 515 eis

405 559 580 581 concessa
602 561 620 581 a
641 550 748 581 Petro
765 549 810 582 de
827 550 928 582 Luna
949 555 1112 593 tempore
1130 560 1202 593 quo
1220 549 1257 581 in
1274 560 1389 594 regno
1411 548 1561 581 Francie
1581 548 1817 593 reputabatur
1837 549 1960 593 papa*-

492 616 599 648 Sexto
615 615 788 660 jurabitis
810 615 1046 648 conformiter
1068 615 1230 660 predicta
1251 615 1370 647 facere
1385 615 1510 659 jurare
1532 615 1741 648 successori
1757 621 1893 648 vestro.

490 684 577 715 Item
594 682 766 727 jurabitis
789 682 963 727 prosequi
984 682 1115 715 sactum
1138 681 1287 714 unionis
1304 682 1507 714 Grecorum
1530 693 1611 714 cum
1634 681 1791 714 Latinis⁵
1814 693 1879 727 per
1899 681 2045 715 modum
2068 689 2103 715 et
2121 682 2272 716 sormam

398 749 595 782 conclusos
617 761 681 794 per
703 749 982 782 Universitatem
1013 755 1048 781 et
1077 748 1242 781 laborare
1268 748 1312 780 ad
1342 747 1612 792 expeditionem
1635 748 1791 782 Consilii
1820 748 2006 793 generalis
2032 748 2188 782 ecclesie
2209 761 2274 794 per

399 815 642 848 Alexandrum
667 827 791 860 papam
815 815 875 848 sel.
899 827 972 847 rec.
995 815 1145 859 incepti,
1168 821 1203 846 et
1223 814 1469 847 transmittere
1490 814 1726 848 ambassiatas
1748 814 1958 860 solempnes
1978 815 2023 848 ad
2048 822 2168 861 partes
2189 815 2271 849 illas

397 882 505 916 citius
526 894 631 927 quam
654 882 723 914 erit
744 881 922 927 possibile
953 893 1064 926 super
1081 881 1368 925 reintegratione
1389 880 1449 913 illa
1470 881 1714 926 adimplenda.
1737 883 1779 915 Et
1805 881 1871 915 hec
1892 882 2031 915 faciatis
2046 883 2171 927 jurare
2193 895 2271 916 suc-

394 961 563 982 cessores
583 956 739 982 vestros.
1764 948 1879 994 Signe'
1894 962 1905 982 :
1927 950 2091 993 Fam-eff)

484 1039 552 1062 Mus.
568 1038 697 1068 Britann.7
714 1037 797 1061 addit.
816 1038 903 1066 17304,
918 1038 963 1061 sol.
980 1037 1039 1061 1261»
1055 1038 1129 1067 (150).
1144 1050 1176 1055 -
1193 1037 1258 1060 Pars
1274 1037 1349 1068 prior
1366 1038 1517 1062 documenti
1532 1041 1601 1061 certe
1616 1038 1750 1070 antiquior
1768 1041 1808 1062 est
1823 1038 1865 1067 (ad
1880 1038 1944 1062 haec
1961 1039 2102 1068 chartul„
2119 1039 2152 1069 11,
2172 1047 2199 1071 p.
2213 1038 2268 1069 681,

392 1087 419 1105 n⁰
436 1083 488 1112 20);
505 1091 567 1113 pars
582 1082 714 1114 posterior
731 1082 764 1105 ud
783 1090 825 1105 an.
844 1082 904 1105 1410
917 1082 1009 1105 reterri
1023 1085 1126 1113 posset;
1143 1085 1185 1105 nst
1201 1082 1234 1104 ad
1250 1090 1294 1106 an.
1309 1082 1370 1105 ‘1412
1385 1082 1510 1114 pertinet.
1526 1082 1565 1107 Cf.
1579 1091 1661 1114 supra
1676 1082 1710 1106 11¹¹
1724 1083 1794 1112 1943,
1810 1083 1879 1106 1944.

484 1167 508 1192 1.
526 1168 593 1190 Hnec
609 1167 715 1189 rubrica
734 1170 825 1198 postea
842 1167 932 1190 addita
948 1170 998 1191 est.
1011 1181 1039 1184 —
1061 1167 1085 1191 2.
1102 1167 1144 1190 Sic
1161 1175 1228 1190 nova
1245 1167 1345 1198 pngina
1364 1167 1419 1197 (sol.
1436 1168 1490 1197 127)
1506 1167 1607 1199 incipit.
1628 1168 1720 1196 Quoad
1736 1167 1880 1191 interclusa
1895 1167 1949 1191 vid.
1965 1175 1991 1199 p.
2007 1168 2061 1191 290.
2076 1181 2107 1185 —
2120 1168 2144 1192 3.
2160 1167 2196 1191 Ut
2210 1167 2266 1199 jam

393 1216 422 1234 11⁰
435 1212 495 1234 1878
513 1211 636 1240 vidimus,
652 1211 679 1234 hi
696 1211 748 1234 duo
765 1211 877 1235 Ordines
894 1220 921 1234 se
937 1220 987 1234 non
1004 1211 1186 1234 submiserunt
1201 1211 1376 1235 Univcrsitati
1392 1215 1520 1244 quantum
1537 1213 1570 1235 nd
1586 1212 1688 1236 bullum
1703 1212 1844 1236 Alexandri
1859 1213 1889 1236 V.
1904 1226 1935 1230 —
1947 1211 1972 1238 4.
1991 1212 2148 1235 Benedictus
2166 1212 2226 1235 Xllt
2241 1214 2267 1236 et

389 1255 509 1279 minister
524 1256 640 1287 general.
662 1256 725 1280 Ord.
745 1256 839 1279 Minor.
857 1256 913 1287 ejus
935 1256 1100 1279 obedientiae
1115 1256 1175 1281 Joh.
1193 1256 1330 1279 Bardolini
1348 1257 1461 1280 multum
1480 1257 1648 1287 laborabant,
1664 1260 1693 1280 ut
1713 1257 1784 1281 Ordo
1802 1257 1933 1280 Minorum
1951 1257 2071 1288 regulam
2089 1257 2115 1280 S.
2131 1255 2266 1280 Francisoi

385 1300 475 1323 stricte
488 1300 650 1323 observaret.
663 1301 710 1324 An.
728 1300 798 1330 1404,
812 1300 896 1331 April.
914 1301 952 1330 11,
969 1300 1128 1323 Benedictus
1144 1300 1238 1323 scribit
1253 1300 1286 1323 ad
1304 1300 1456 1324 ministrum
1472 1302 1599 1332 general„
1616 1302 1700 1324 multa
1717 1309 1775 1325 esse
1790 1301 1969 1329 reformanda,
1985 1301 2144 1332 praesertim
2160 1300 2187 1324 in
2202 1309 2264 1324 con-

386 1345 507 1367 ventibus
525 1344 669 1368 Parisiens.
685 1348 710 1368 et
724 1345 864 1374 Tolosan.;
882 1345 1008 1376 reprobat
1027 1346 1061 1374 (et
1078 1345 1184 1376 quidem
1198 1345 1277 1376 juste)
1295 1345 1619 1376 assignationesssfratrum
1634 1346 1660 1368 in
1678 1349 1765 1377 apost.
1784 1345 1855 1369 sedis
1871 1349 1896 1369 et
1910 1345 2086 1369 cardinalium
2101 1345 2264 1376 capellanos,

385 1389 579 1420 assignationes
601 1389 633 1411 ad
659 1389 809 1420 legendum,
827 1389 985 1420 praesertim
1010 1389 1120 1412 Parisiis
1141 1392 1167 1412 et
1189 1389 1309 1418 Tolosae,
1334 1389 1361 1413 in
1387 1390 1483 1413 studiis
1502 1390 1674 1418 solemnibus,
1695 1393 1720 1413 et
1742 1391 1826 1413 multa
1845 1390 1898 1413 alia
1920 1390 1994 1421 (Reg.
2010 1391 2058 1413 Av.
2075 1390 2173 1413 Bened.
2193 1389 2261 1418 XIII,

384 1433 435 1456 vol.
449 1434 558 1463 XXXIX⁷
575 1434 621 1457 fol.
636 1434 701 1463 1133).
725 1434 891 1457 Universitas
911 1433 1089 1465 patrocinium
1107 1434 1237 1457 Minorum
1254 1442 1265 1457 α
1289 1434 1490 1458 observantium
1506 1443 1517 1457 n
1535 1435 1691 1466 assumpsit.
1713 1435 1772 1458 Vid.
1793 1439 1822 1458 no
1842 1435 1912 1459 1886.
1928 1448 1958 1452 —
1980 1433 2006 1460 5.
2026 1435 2076 1458 Pro
2095 1434 2145 1457 hac
2165 1433 2261 1457 unione

383 1478 442 1502 Joh.
459 1478 558 1502 Gerson
572 1478 627 1509 jam
642 1487 684 1502 an.
701 1479 761 1501 1409
775 1487 863 1501 coram
877 1487 939 1510 rege
951 1478 1097 1501 orationem
1113 1478 1219 1501 nomine
1232 1479 1421 1502 Universitatis
1436 1478 1531 1502 habuit
1547 1480 1623 1510 (Opp.
1642 1479 1767 1510 Gerson·⁷
1784 1480 1816 1507 11,
1831 1487 1857 1511 p.
1875 1479 1917 1503 141
1935 1481 2014 1511 sqq.).

387 1640 683 1676 1966.Statib11s
697 1650 883 1684 generalibus
900 1659 918 1675 a
935 1659 1000 1684 rege
1020 1651 1147 1676 Parisiis
1163 1651 1324 1677 convocatis
1344 1651 1385 1677 ad
1405 1651 1586 1678 tractandum
1601 1651 1636 1677 cle
1656 1650 1841 1685 reformando
1857 1659 1951 1685 regno,
1970 1654 1997 1676 et
2011 1650 2130 1676 cuilibet
2139 1651 2258 1686 provin-

468 1698 532 1723 ciae
548 1707 566 1723 a
582 1699 616 1725 30
631 1699 767 1724 Januarii
789 1699 942 1725 audientia
964 1699 1045 1735 data,
1071 1699 1224 1726 Februarii
1243 1701 1259 1727 9
1279 1700 1456 1726 Universitas
1470 1700 1567 1727 Paris.
1585 1704 1612 1726 et
1634 1700 1707 1726 cives
1721 1700 1817 1726 Paris.
1844 1700 1872 1725 in
1888 1699 1970 1725 curia
1988 1701 2014 1726 S.
2033 1699 2120 1725 Pauli
2135 1698 2259 1725 admissi

467 1751 542 1781 sunt,
569 1756 687 1782 quorum
708 1748 820 1773 nomine
845 1757 920 1782 mag.
943 1748 1116 1775 Benedictus
1142 1749 1276 1775 Gentiani
1288 1749 1438 1786 principes
1459 1749 1499 1775 ad
1520 1749 1651 1775 unionem
1676 1749 1849 1775 adhortatus
1871 1753 1924 1775 est.
1948 1748 2060 1774 Deinde
2083 1748 2195 1774 locutus
2214 1751 2258 1774 est

469 1799 567 1821 contra
584 1796 753 1822 seditionem
769 1796 852 1822 dzccis
867 1797 1063 1832 Burgundioe,
1087 1798 1164 1833 quod
1187 1802 1282 1824 tamen
1301 1798 1383 1824 valde
1399 1798 1563 1835 displicuit,·
1585 1802 1688 1834 postea
1709 1797 1744 1824 de
1764 1801 1941 1834 paupertate
1958 1797 2060 1834 populi
2074 1806 2128 1834 per
2141 1796 2258 1834 imposi-

468 1845 568 1879 tiones,
591 1849 653 1877 etc„
673 1849 737 1871 orta
755 1846 910 1882 peroravit.
931 1848 954 1872 A
976 1846 1131 1873 Benedicta
1157 1847 1290 1873 Gentiani
1309 1847 1504 1881 publicandas
1529 1851 1592 1873 erat
1616 1848 1703 1874 etiam
1726 1846 1845 1883 quidam
1867 1846 1978 1873 rotulus
2001 1846 2039 1872 ab
2067 1846 2256 1872 Universitate

469 1894 668 1930 compositus',
695 1895 744 1930 qui
767 1895 933 1921 continebat
960 1896 1123 1922 eaecessivas
1143 1897 1300 1932 pensiones
1323 1900 1349 1922 el
1371 1897 1495 1931 furtivas
1510 1897 1632 1932 rapinas
1654 1896 1777 1922 omnium
1800 1899 1827 1921 et
1845 1895 2023 1930 singulorum
2045 1894 2210 1928 officialium
2227 1898 2255 1921 et

467 1943 672 1976 famulantium
692 1944 753 1978 regi
768 1953 785 1969 α
802 1944 978 1970 cancellario
995 1946 1136 1971 Franciae
1152 1954 1242 1981 usque
1258 1945 1298 1971 ad
1313 1946 1467 1980 minimum,
1485 1949 1513 1972 et
1526 1945 1665 1981 quomodo
1682 1954 1735 1981 per
1749 1945 1866 1970 nimium
1885 1953 2031 1970 numerum
2051 1944 2254 1970 thesaurario-

468 2001 528 2017 rum
550 1996 577 2018 et
599 1996 775 2028 receptorum
799 1993 986 2029 prodigorum
1010 2003 1078 2030 opes
1101 1994 1199 2029 regiae
1221 1994 1468 2027 distraherentur,·
1486 1994 1614 2021 remedia
1631 1997 1840 2030 proponuntur.
1867 1993 1924 2019 Sed
1950 1993 2082 2019 Gentiani
2106 1993 2202 2019 omnia
2226 1995 2255 2019 et

468 2050 564 2066 omnes
579 2042 806 2077 superficialiter
825 2046 935 2068 tantum
956 2043 1103 2077 tangebat,
1121 2043 1200 2070 nullo
1216 2044 1329 2070 nomine
1344 2053 1489 2080 expresso.
1506 2059 1541 2063 —
1555 2044 1599 2069 Ab
1615 2044 1677 2079 ipso
1690 2043 1809 2079 prolata
1820 2042 1992 2079 placuerunt
2009 2041 2170 2077 theologiae
2181 2050 2252 2078 pro-

467 2090 636 2125 fessoribus,
653 2099 707 2116 uno
723 2095 840 2127 excepto
854 2093 885 2125 (i.
901 2101 925 2118 e.
943 2092 1102 2118 Eustochio
1114 2092 1150 2118 de
1163 2093 1283 2128 Pavilly,
1302 2093 1479 2127 Carmelita),
1493 2093 1607 2119 minime
1621 2096 1716 2118 tamen
1731 2091 1854 2118 caeteris
1870 2091 2035 2118 doctoribus
2051 2095 2078 2118 et
2090 2090 2250 2126 magistris.

1594 2174 1664 2203 1413,
1680 2173 1812 2200 Februarii
1825 2174 1850 2202 9,
1866 2173 1982 2199 Par-[siis.

471 2246 530 2270 Rei.
547 2248 580 2270 cle
594 2246 797 2277 Saint-Denys,
819 2248 860 2276 lv,
877 2249 988 2271 738-744.
1007 2248 1045 2271 Cs.
1064 2248 1187 2272 Jivsiun
1201 2256 1251 2272 nus
1268 2250 1379 2275 Unsn’s.
1394 2249 1462 2273 Hist.
1477 2250 1510 2272 de
1524 2248 1640 2273 charles
1660 2248 1706 2278 VI,
1723 2249 1764 2272 ed.
1782 2248 1940 2276 Gonnrnm',
1957 2256 1984 2278 p.
1998 2248 2051 2270 248.

468 2329 492 2354 1.
511 2330 659 2353 Vocabatur
674 2334 765 2362 postca
783 2340 794 2354 a
813 2332 917 2354 rotulus
935 2332 1122 2356 Universitatis
1140 2341 1161 2355 ».
1178 2333 1235 2356 Vid.
1251 2333 1312 2357 Rcl.
1327 2334 1360 2357 de
1377 2333 1575 2364 Sitinl-Detty87
1588 2333 1618 2362 V,
1631 2333 1669 2356 58.

378 2483 582 2519 1967U-1b
604 2494 792 2520 Universitate
814 2495 921 2528 Paris.,
949 2504 966 2520 α
982 2496 1150 2531 praeposito
1171 2500 1359 2521 mercatorum
1383 2499 1410 2522 et
1430 2495 1559 2521 scabinis
1574 2495 1671 2521 Paris.
1695 2495 1797 2520 iterum
1818 2502 1913 2519 coram
1935 2501 2000 2527 rege
2016 2496 2043 2518 et
2064 2491 2246 2528 principibus

459 2541 609 2567 audientia
626 2542 750 2577 obtenta,
771 2552 847 2577 mag.
867 2544 1043 2570 Eustacleius
1062 2544 1097 2570 de
1112 2544 1232 2580 Pavilty,
1253 2545 1419 2575 Carmelita,
1436 2545 1593 2570 orationem
1609 2544 1742 2578 magistri
1754 2542 1903 2569 Benedicti
1921 2541 2054 2568 Gentiani
2071 2540 2242 2577 reprobavit,

459 2599 519 2615 cum
539 2591 620 2616 inani
641 2595 715 2617 metu
733 2592 870 2617 seductus
887 2593 1073 2618 intentionem
1095 2594 1295 2619 Universitatis
1311 2594 1468 2628 civiumque
1483 2594 1579 2619 Paris.
1599 2593 1713 2618 minime
1729 2591 1925 2628 eoeplicuisset.
1945 2589 2073 2616 obtinuit
2090 2598 2109 2615 a
2122 2597 2197 2624 rege,
2214 2592 2245 2614 at

458 2639 497 2663 ad
517 2639 627 2673 longum
645 2640 759 2666 audiret
781 2641 910 2675 benignis
929 2642 1050 2667 auribus
1072 2642 1215 2677 querelas.
1233 2643 1343 2669 Deinde
1359 2642 1476 2678 quidam
1493 2642 1631 2677 magister
1644 2642 1749 2667 artium
1771 2640 2002 2675 facundissimus
2017 2639 2104 2674 jussu
2125 2638 2244 2664 rectoris

461 2688 658 2713 Universitatis
673 2689 805 2724 rotulum,
824 2691 904 2725 cujus
923 2691 985 2725 jam
1003 2691 1154 2716 Februarii
1170 2693 1186 2718 9
1202 2692 1306 2717 mentio
1321 2692 1420 2726 fiebat,
1432 2700 1487 2727 per
1502 2691 1599 2717 horam
1617 2695 1643 2716 et
1657 2690 1809 2716 dimidiam
1822 2689 1881 2715 alte
1897 2692 1924 2714 et
1939 2686 2160 2722 intelligibiliter
2172 2695 2242 2723 per-

456 2736 532 2770 legit.
551 2737 698 2772 Quidquid
713 2738 823 2764 rolulus
841 2739 1015 2774 continebat,
1039 2744 1096 2765 tam
1115 2741 1334 2767 innumerabilis
1348 2740 1430 2777 plebs
1446 2744 1512 2766 tunc
1525 2740 1657 2773 adstans,
1677 2748 1762 2775 quam
1777 2739 1867 2773 legati
1880 2746 1931 2763 seu
1945 2737 2017 2763 cives
2031 2735 2242 2772 provinciarum

458 2785 536 2826 regni
553 2789 665 2819 gratum
683 2786 870 2813 habitet-unffi.

1556 2826 1627 2854 1473,
1642 2824 1776 2850 Februarii
1789 2824 1826 2853 13,
1841 2822 1955 2849 Parisiis.

458 2894 512 2917 Vid.
530 2895 712 2918 documentum
730 2897 861 2927 integrum
875 2906 888 2920 a
905 2899 1087 2923 Monmxvumi:
1101 2900 1142 2923 ed.
1159 2900 1185 2922 in
1199 2900 1268 2924 Bibl.
1284 2901 1317 2924 de
1329 2895 1430 2924 l'Ecole
1444 2901 1491 2925 des
1503 2900 1620 2926 charles,
1636 2903 1653 2923 t.
1669 2899 1710 2927 Ll,
1727 2907 1753 2930 p.
1769 2898 1881 2921 422-442.
1897 2897 2056 2927 Fragmenta
2070 2903 2114 2926 ap.
2132 2895 2236 2919 Chron.
