2502 3418
393 312 434 342 22
969 321 1284 342 CHARTULARIUM
1318 321 1509 342 UNIVERS.
1546 320 1676 342 PAnls.
2156 304 2256 341 [1396

394 395 468 427 vini
490 406 727 439 magnamque
749 395 981 439 quantitatem
1003 401 1247 427 armentorum
1270 406 1334 427 seu
1352 395 1483 427 bovum
1506 401 1612 438 atque
1634 395 1744 427 eciam
1767 404 1919 438 gregum
1942 391 2025 424 duci
2046 392 2207 424 fecerant
2223 397 2256 423 et

396 473 467 506 quo
489 462 541 494 eis
562 461 744 506 placuerat
764 462 953 506 asportari.
979 461 1120 504 Quibus
1147 474 1220 494 non
1245 461 1405 494 contenti
1427 461 1624 506 supradicti
1649 460 1859 494 Gauss'ridus
1880 459 1913 491 10
1936 458 2089 491 Metoier
2110 465 2145 490 et
2171 458 2259 490 Ber-

395 528 545 561 trandus
562 528 605 561 de
626 528 838 561 l'Escuierie
860 528 1097 573 penuncellos
1123 535 1268 561 nostros
1289 529 1325 560 in
1352 529 1430 573 ejus
1452 528 1595 561 domum
1619 528 1816 560 existentes
1834 526 1877 559 ad
1903 533 2033 559 terram
2056 531 2258 570 prostrave-

395 602 485 636 rant,
508 595 717 639 hujusmodi
744 594 852 628 verba
884 595 1102 640 proferendo
1138 607 1144 627 :
1180 609 1195 626 «
1219 595 1398 628 Credebat
1428 595 1490 627 ille
1517 595 1675 627 rusticus
1703 593 1800 638 quod
1830 599 1927 625 metu
1956 591 2257 637 penuncellorum

396 662 547 695 istorum
566 662 710 695 domum
733 673 832 694 suam
856 662 1120 695 dimitteremus
1146 662 1290 706 ingredi
1310 676 1341 703 n,
1365 662 1601 706 deteriusque
1625 661 1790 693 faciendo
1812 671 1977 704 magnam
2003 658 2095 703 ligni
2118 658 2260 703 quanti-

396 735 502 761 tatem
523 729 567 761 ad
589 728 830 762 edificandum
856 735 1011 773 paratam
1033 728 1322 770 combusserant,
1345 728 1605 773 pinguedinem
1627 739 1707 760 cum
1734 727 1846 772 lignis
1873 733 1911 759 ut
1936 725 2066 758 melius
2087 724 2261 758 arderent

396 796 665 828 immittendo...

486 862 660 895 Dicebant
682 862 836 895 ulterius
858 862 955 906 quod
984 874 1048 906 pro
1070 862 1243 907 predictis
1268 862 1478 906 reparandis
1500 868 1532 894 et
1554 860 1791 894 restituendis
1817 872 1856 892 ac
1883 859 1992 892 eciam
2021 858 2261 891 emendandis

397 929 439 961 ad
457 929 573 974 ipsius
594 929 758 973 magistri
779 928 911 961 Mathei
934 935 968 961 et
989 929 1234 973 procuratoris
1251 929 1366 961 nostri
1387 929 1598 961 instanciam
1617 927 1787 972 superius
1804 926 1979 959 nominati
1997 937 2116 958 coram
2135 937 2262 970 prepo-

396 996 466 1028 sito
487 1002 612 1028 nostro
630 995 741 1028 Paris.
766 995 1042 1039 privilegiorum
1066 995 1298 1028 studentibus
1320 995 1356 1027 in
1378 995 1622 1028 Universitate
1644 994 1758 1026 Paris.
1781 1004 2043 1026 concessorum
2065 1003 2260 1025 conserva-

396 1068 473 1095 tore
494 1063 635 1095 suerant
656 1062 832 1106 adjornati
848 1062 1089 1106 personaliter
1106 1063 1353 1107 comparituri,
1375 1074 1493 1094 coram
1516 1074 1587 1106 quo
1605 1061 1698 1094 dicta
1714 1060 1841 1093 amicta
1858 1066 1981 1092 nostra
2002 1059 2059 1092 vel
2077 1060 2155 1103 ejus
2176 1070 2259 1103 pro-

396 1136 539 1162 curator
561 1141 624 1173 pro
648 1141 685 1161 ea
705 1141 769 1173 pro
790 1129 881 1173 ipsis
899 1129 1160 1162 deffensionem
1179 1136 1401 1174 susceperat.
1420 1130 1577 1173 Postque
1595 1128 1713 1161 dictus
1731 1127 1939 1172 prepositus
1956 1138 2020 1159 eos
2037 1125 2260 1171 elargaverat

396 1196 562 1240 bonaque
591 1207 715 1228 eorum
739 1196 839 1239 juxta
866 1207 930 1228 sue
952 1196 1222 1228 commissionis
1248 1202 1374 1228 tenore
1401 1202 1572 1228 arrestata
1598 1207 1663 1240 per
1692 1193 1963 1227 recredenciam
1994 1192 2261 1225 deliberaverat

396 1262 546 1295 eisdem.
570 1262 709 1295 Deinde
730 1274 816 1295 vero
837 1274 915 1294 cum
939 1262 1090 1306 quadam
1108 1262 1165 1294 die
1183 1262 1251 1295 sub
1268 1274 1332 1307 spe
1350 1269 1517 1295 tractatus
1535 1269 1570 1295 et
1585 1261 1780 1295 concordie
1797 1260 1839 1293 ad
1857 1260 2002 1292 domum
2022 1259 2115 1292 dicte
2132 1259 2259 1292 amicte

396 1336 519 1362 nostre
540 1329 652 1362 Paris.
674 1341 753 1361 cum
775 1340 867 1374 mag.
891 1329 1045 1361 Martino
1067 1329 1269 1374 Dupplicis,
1293 1336 1417 1362 nostro
1440 1336 1475 1361 et
1491 1329 1585 1362 dicte
1601 1328 1729 1361 amicte
1751 1334 1875 1360 nostre
1899 1325 2122 1367 consiliario,
2140 1337 2260 1359 acces-

396 1396 518 1435 sisset,
537 1396 669 1428 dictum
688 1407 780 1440 mag.
799 1395 993 1437 Matheum,
1013 1396 1073 1440 qui
1090 1408 1169 1428 cum
1188 1396 1281 1429 dicta
1302 1397 1428 1429 amicta
1445 1403 1567 1429 nostra
1585 1395 1815 1440 loquebatur,
1830 1400 2111 1439 exspectantem,
2130 1393 2259 1426 Petrus

396 1463 550 1496 Comitis
570 1475 640 1495 una
660 1475 739 1495 eum
762 1462 977 1507 quibusdam
1000 1462 1161 1507 predicte
1183 1464 1309 1496 amicte
1332 1470 1455 1496 nostre
1477 1462 1734 1503 familiaribus,
1758 1461 1891 1495 salvam
1916 1460 2075 1505 gardiam
2099 1466 2257 1493 nostram

396 1529 644 1574 infringendo,
667 1530 784 1574 ipsum
806 1529 1088 1562 verberaverant
1103 1530 1284 1571 atrociter,
1307 1542 1346 1562 ac
1364 1530 1519 1563 diversis
1541 1530 1618 1562 suis
1639 1529 1804 1574 corporis
1826 1527 1989 1573 partibus
2009 1526 2166 1560 letaliter
2183 1526 2259 1560 vul-

396 1603 558 1629 neratum
581 1608 645 1640 pro
668 1602 809 1628 mortuo
835 1596 1084 1641 relinquerant
1104 1597 1188 1640 (sic).
1219 1597 1323 1629 Unde
1345 1597 1477 1630 virtute
1505 1603 1681 1629 certarum
1709 1596 1923 1634 litterarum,
1949 1594 1993 1627 ad
2020 1594 2137 1639 ipsius
2163 1605 2255 1638 mag.

396 1663 529 1696 Mathei
550 1669 768 1707 requestam,
790 1669 924 1696 attento
947 1664 1043 1708 quod
1066 1664 1192 1696 amicta
1214 1670 1336 1696 nostra
1362 1664 1523 1708 predicta
1544 1664 1615 1696 nisi
1636 1663 1673 1695 in
1694 1662 1910 1695 Parlamenti
1931 1662 2048 1695 nostri
2068 1661 2167 1694 curia
2187 1660 2258 1693 liti-

396 1742 481 1775 gare
501 1729 692 1763 tenebatur
711 1742 729 1762 a
750 1730 856 1763 nobis
877 1730 1119 1772 obtentarum,
1141 1743 1283 1764 causam
1305 1743 1423 1764 0013111
1442 1731 1589 1764 domino
1606 1730 1793 1775 preposito
1815 1729 2033 1774 pendentem
2054 1728 2256 1762 feceramus

396 1797 433 1829 in
456 1797 614 1841 predicta
635 1796 849 1829 Parlamenti
870 1797 985 1830 nostri
1006 1798 1104 1830 curia
1126 1798 1268 1831 evocari
1275 1824 1338 1830 .....

486 1865 537 1896 ΕΧ
556 1864 709 1896 adverso
731 1875 794 1908 pro
821 1870 919 1907 parte
941 1864 1035 1897 dicte
1061 1865 1188 1897 amicte
1209 1872 1333 1898 nostre
1357 1872 1392 1898 et
1412 1872 1615 1898 ceterorum
1638 1865 1884 1897 dess'ensorum
1907 1863 2255 1909 prenominatorum,

396 1931 463 1963 fuit
482 1942 525 1963 ex
541 1930 692 1963 adverso
714 1931 952 1975 propositum,
976 1931 1220 1976 supradictum
1243 1944 1335 1977 mag.
1359 1931 1538 1964 Matheum
1556 1931 1647 1964 male
1664 1932 1777 1964 fuisse
1795 1938 1829 1964 et
1845 1943 1927 1964 esse
1948 1931 1985 1963 in
2002 1929 2164 1975 partibus
2184 1928 2258 1962 illis

396 1997 576 2038 famatum,
595 1997 841 2030 committendi
859 1997 998 2030 scilicet
1015 1998 1116 2042 plura
1132 1999 1235 2040 mala,
1254 1999 1470 2032 verberandi
1492 2005 1527 2031 et
1547 1998 1718 2031 mulieres
1740 1998 1918 2043 rapiendi,
1936 2010 1975 2030 ac
1997 1997 2108 2030 eciam
2125 2008 2143 2029 a
2164 2007 2260 2029 com-

398 2064 561 2108 patriotis
583 2064 776 2108 peccunias
797 2064 958 2097 indebite
979 2065 1219 2098 citacionibus
1240 2072 1275 2098 et
1295 2065 1563 2098 monicionibus
1584 2066 1715 2098 virtute
1738 2065 2013 2110 privilegiorum
2035 2063 2256 2097 studentium

398 2130 558 2163 Parisius
578 2142 837 2163 concessorum
859 2130 1054 2173 abutendo,
1077 2132 1264 2177 exigendi3
1284 2133 1454 2178 quodque
1476 2133 1637 2177 predicta
1658 2133 1784 2165 amicta
1806 2144 1899 2164 anno
1921 2127 2067 2164 Domini
2088 2132 2138 2163 M⁰
2152 2130 2258 2164 CCC⁰

399 2198 634 2242 nonagesimo
657 2198 781 2242 quinto
799 2198 835 2230 in
852 2198 964 2242 patria
980 2199 1248 2232 Cenomanensi
1269 2206 1303 2232 et
1318 2200 1575 2244 Andegavensi
1593 2200 1783 2240 existente,
1802 2198 1928 2244 plures
1944 2198 2119 2231 habuerat
2135 2203 2258 2230 contra

398 2264 532 2296 dictum
554 2276 647 2309 mag.
670 2264 849 2297 Matheum
872 2265 1048 2298 clamores
1075 2273 1109 2298 et
1135 2267 1393 2310 querimonias,
1417 2266 1624 2311 specialiter
1648 2279 1666 2299 a
1692 2268 1796 2299 Petro
1828 2266 1980 2299 Comitis
2002 2264 2136 2298 dictum
2162 2276 2256 2308 mag.
2289 2298 2292 2300 a

397 2331 577 2364 Matheum
598 2331 783 2364 conscium
806 2332 932 2364 mortis
953 2332 1125 2365 deffuncti
1147 2333 1333 2367 Guillelmi
1355 2334 1507 2367 Comitis
1529 2334 1640 2379 patris
1662 2334 1718 2366 sui
1740 2333 1883 2366 dicente
1977 2332 2125 2365 Delatus
2146 2331 2257 2364 eciam

397 2404 472 2430 erat
498 2410 609 2443 penes
635 2410 711 2431 eam
740 2410 850 2443 super
877 2406 979 2444 raptu
1001 2400 1188 2444 cujusdam
1210 2401 1375 2433 mulieris
1395 2401 1558 2434 Johanne
1580 2401 1612 2433 la
1638 2401 1821 2433 Mausoix¹
1852 2406 2071 2445 nuncupate,
2094 2411 2198 2444 quam
2220 2398 2257 2430 in

397 2465 511 2509 capite
533 2477 574 2497 00
596 2465 693 2509 quod
714 2465 784 2498 sibi
805 2465 971 2499 noluerat
992 2467 1170 2500 assentire
1191 2467 1455 2501 vulneraverat.
1476 2469 1591 2513 Super
1612 2467 1745 2512 quibus
1769 2474 1804 2500 et
1819 2467 1899 2500 aliis
1919 2466 2075 2500 Johanni
2095 2465 2258 2500 Chauvin

398 2531 599 2576 inquestori
616 2532 652 2564 in
671 2532 763 2565 dicta
780 2533 892 2577 patria
909 2534 1203 2567 commissionem
1226 2546 1340 2576 suam,
1358 2542 1397 2567 ut
1417 2547 1455 2567 se
1477 2535 1521 2567 de
1542 2534 1612 2567 hiis
1634 2535 1856 2576 informaret,
1880 2534 2073 2575 direxerat,
2091 2533 2152 2578 qui
2170 2533 2260 2566 facta

398 2598 652 2631 informatione
674 2599 827 2632 eundem
851 2600 1032 2633 Matheum
1054 2601 1098 2633 (10
1120 2601 1294 2646 predictis
1316 2601 1533 2646 culpabilem
1560 2608 1762 2646 repererat,
1786 2613 1928 2634 necnon
1956 2601 2053 2646 quod
2081 2599 2258 2645 quandam

393 2666 566 2710 juvenem
588 2665 695 2698 filiam
717 2666 821 2699 etatis
842 2667 1025 2700 sexdecim
1045 2680 1221 2700 annorum
1243 2668 1300 2701 vel
1321 2669 1415 2701 circa
1434 2668 1613 2701 violenter
1634 2669 1670 2701 in
1692 2670 1818 2713 Ruppe
1841 2680 1922 2707 sua,
1945 2668 1982 2700 in
2009 2679 2077 2712 qua
2102 2678 2260 2700 commo—

398 2732 555 2774 rabatur,
579 2733 740 2774 duxerat,
764 2740 798 2766 et
818 2733 929 2779 longo
952 2746 1027 2767 eam
1046 2741 1207 2780 tempore
1230 2743 1408 2777 tenuerat,
1432 2748 1501 2780 que
1523 2748 1565 2768 ex
1585 2743 1670 2768 tunc
1691 2736 1766 2769 visa
1789 2748 1861 2768 non
1882 2736 2010 2777 suerat,
2033 2734 2098 2767 sed
2118 2735 2261 2766 fuerant

399 2799 558 2831 membra
578 2800 765 2844 cujusdam
782 2812 939 2844 persone
962 2808 1114 2843 mortue,
1133 2814 1171 2835 30
1193 2803 1304 2835 0013111
1326 2803 1446 2835 crines
1468 2803 1645 2844 mulieris,
1664 2803 1760 2835 inter
1776 2803 1916 2847 lapides
1938 2802 2077 2846 Ruppis
2097 2807 2256 2846 reperta;

398 2867 502 2910 cujus
523 2867 713 2899 occasione
735 2874 858 2900 contra
887 2880 966 2900 eum
994 2876 1069 2902 erat
1096 2876 1172 2902 orta
1201 2870 1361 2914 suspicio
1389 2870 1486 2914 quod
1512 2882 1587 2902 eam
1615 2870 1822 2902 occidisset.
1855 2868 2005 2902 Dicebat
2026 2868 2136 2901 eciam
2160 2867 2258 2912 quod
