2502 3418
434 336 498 368 284
1011 342 1331 365 annTULAniuM
1365 341 1552 363 UNtVERS.
1592 341 1719 362 mnis.
2196 324 2296 361 [1414

526 420 621 442 Eodem
637 419 679 442 die
694 419 804 442 Carolus
823 419 856 441 Vt
875 418 970 441 direxit
986 418 1086 440 litteras
1107 417 1139 439 ad
1159 416 1325 439 consiliarios
1341 416 1536 439 Pal-lamentum
1553 418 1677 443 tenentes,
1694 414 1719 437 in
1741 413 1836 445 quibus
1854 421 2007 444 processum
2023 415 2052 435 ut
2070 412 2096 435 in
2113 411 2294 443 superioribus

431 464 526 487 litteris
546 464 680 492 describit,
698 467 723 486 et
739 463 898 486 consiliariis
918 463 1033 487 mandat.
1045 465 1073 484 ut
1086 461 1240 484 sententiam
1256 460 1373 491 episcopi
1389 464 1414 483 et
1428 459 1591 491 inquisitoris
1608 459 1633 482 in
1649 458 1727 482 Curia
1743 457 1902 481 Parlamcnti
1917 457 2068 479 solemniter
2083 456 2218 487 publicent
2230 459 2255 479 et
2268 456 2293 479 in

432 508 559 540 Registris
573 508 726 536 inscribant,
743 507 902 538 exemplaria
923 510 1026 538 reperta
1042 514 1102 529 vero
1117 505 1318 528 Justificationis
1337 505 1488 527 dilacerent.
1505 504 1662 527 Procurator
1682 506 1772 526 contra
1788 502 1968 533 delinquentes
1984 501 2118 532 procedat.
2137 509 2147 522 (ι
2164 500 2293 528 Quoniam

432 553 516 576 omnis
541 556 657 584 potestas
675 562 698 575 n.
720 552 769 575 Sed
792 552 840 575 liae
860 552 961 574 litterae
982 551 1066 574 solum
1087 559 1129 573 an.
1151 551 1219 577 1416,
1243 550 1304 573 Jun.
1324 550 1347 578 li,
1371 549 1396 571 in
1417 549 1490 571 curia
1514 549 1595 571 lectae
1615 551 1640 570 et
1659 547 1809 578 publicatae
1829 548 1898 575 sunt,
1921 549 1950 568 ut
1973 545 2051 568 etiam
2071 545 2199 568 sententia
2220 545 2294 576 prior

431 597 548 629 episcopi
563 601 588 620 et
602 596 764 628 inquisitoris
779 596 865 626 (ΑΜΒ.
882 599 935 619 nat.
950 595 1045 622 Paris..
1061 595 1107 618 ΧΗ·
1122 595 1191 621 8603,
1208 594 1251 617 fol.
1266 595 1293 623 3;
1309 594 1384 620 Boin,
1399 593 1428 621 V,
1443 602 1470 624 p.
1488 594 1540 619 300.
1555 593 1612 618 304:
1632 592 1699 622 Opp.
1717 591 1842 619 Gerson..
1858 591 1885 617 V,
1905 590 1969 620 332).

430 768 573 804 2017.
602 776 774 802 Universieas
788 775 882 801 Paris.
899 775 1027 800 erunibus
1041 774 1203 806 annuntiat,
1220 773 1355 808 quasdem
1372 781 1482 798 errores
1495 771 1588 806 fnisse
1600 771 1727 806 fomitem
1745 770 1927 803 seditionum,
1943 779 2014 806 quos
2027 770 2178 806 episcopus
2194 770 2289 796 Paris.

516 830 543 851 et
558 826 711 861 inquisitor
725 824 963 857 condemnarunt,⁴
978 825 1091 849 mittunt
1109 822 1279 848 sententiam
1296 830 1390 847 eorum
1408 831 1416 847 :
1433 824 1624 846 concremetur
1638 819 1810 846 Justificatio
1824 819 1906 846 ducis
1921 819 2118 853 Burgundiae.
2135 819 2290 855 Supposita

521 874 718 900 Universitatis
735 874 839 909 ubique
855 877 995 899 terrarum
1009 872 1163 906 invigilent.

1643 906 1716 935 1414.
1731 905 1818 931 nareis
1833 905 1871 934 17.
1887 905 2002 931 Parisiis.

514 999 702 1032 Univcrsis
724 1004 912 1042 presentes
934 997 1070 1029 litteras
1092 995 1310 1040 inspecturis
1334 1001 1451 1027 rector
1471 1000 1506 1026 et
1528 993 1753 1026 Universitas
1779 993 1889 1026 studii
1918 979 2135 1026 parisiensis
2163 1004 2286 1038 pacem

425 1073 460 1099 et
479 1066 661 1099 veritatem
684 1064 850 1109 ‹lilIgere.
867 1064 1010 1097 Veritas
1033 1062 1222 1107 presertim
1244 1068 1367 1094 nostre
1390 1061 1473 1093 [idei
1495 1060 1774 1105 divinorumque
1796 1066 2048 1105 preceptorum
2068 1059 2127 1092 tali
2145 1066 2287 1105 tamque

425 1145 595 1178 germano
617 1132 738 1164 sedere
760 1131 837 1176 paci
859 1131 923 1171 illi‚
943 1143 1046 1175 quam
1072 1130 1226 1162 {nundus
1248 1129 1332 1161 dare
1355 1141 1427 1161 non
1449 1128 1598 1173 potest¹,
1618 1127 1849 1161 consociatur
1864 1134 1904 1160 ut
1918 1127 2055 1172 absque
2073 1139 2112 1160 ea
2134 1134 2290 1172 nequeat

424 1212 489 1244 pax
510 1200 603 1232 inter
624 1198 790 1231 homines
811 1197 983 1230 habitare.
1004 1197 1107 1230 Unde
1130 1203 1213 1229 tunc
1235 1196 1364 1240 prime,
1383 1195 1466 1228 dum
1485 1195 1618 1228 veritas
1639 1195 1683 1227 de
1704 1201 1799 1227 terra
1820 1200 1896 1227 orta
1917 1195 2003 1235 est²‚
2022 1194 2154 1227 cecinit
2173 1193 2288 1227 multi-

424 1267 509 1299 tudo
531 1266 676 1298 celestis
697 1265 876 1297 exercitus
900 1276 906 1297 :
931 1278 947 1296 «
970 1264 1094 1298 Gloria
1116 1264 1151 1296 in
1173 1263 1360 1296 altissimis
1381 1263 1457 1294 Deo
1479 1269 1513 1295 et
1533 1262 1569 1294 in
1592 1268 1684 1294 terra
1710 1274 1778 1306 pax
1804 1261 2015 1295 hominibus
2044 1261 2139 1294 bone
2164 1260 2288 1294 volun—

423 1334 503 1366 tatis
527 1334 571 1365 »³.
594 1334 667 1365 Nos
688 1332 783 1365 hunc
805 1331 1063 1372 turbationum,
1087 1330 1266 1363 bellorum
1289 1329 1583 1374 seditionumque
1609 1329 1744 1362 nostris
1766 1341 1874 1374 supra
1895 1329 2040 1361 modum
2063 1327 2288 1373 temporibus

423 1399 697 1433 debachantium
719 1399 878 1431 fomitem
902 1405 1122 1443 reputamus,
1146 1397 1313 1442 quoniam
1337 1396 1411 1429 lesa
1432 1396 1681 1441 multipliciter
1702 1402 1737 1429 et
1760 1395 1897 1441 abjecta
1924 1396 1991 1429 suit
2010 1395 2142 1429 veritas
2163 1402 2287 1429 nostre

422 1468 506 1500 fidei
527 1466 757 1511 salubrisque
774 1466 950 1506 doctrine,
970 1465 1100 1497 nedum
1124 1465 1159 1497 in
1182 1464 1316 1509 populo
1334 1463 1398 1496 sed
1420 1463 1457 1496 in
1478 1463 1588 1496 clero.
1612 1463 1832 1496 Benedictus
1852 1469 1969 1496 autem
1991 1463 2090 1496 Deus
2106 1462 2168 1507 qui
2188 1461 2290 1495 dedit

421 1534 511 1567 hanc
527 1534 746 1567 voluntatem
765 1533 801 1565 in
818 1545 879 1566 cor
896 1533 1013 1578 regis‘
1032 1532 1147 1565 nostri
1165 1530 1480 1572 Christianismum,
1499 1530 1597 1563 dedit
1615 1537 1651 1563 et
1666 1542 1741 1563 eam
1760 1530 1797 1563 in
1813 1530 1921 1563 corda
1938 1529 2177 1574 plurimorum
2198 1529 2287 1562 fide-

421 1601 507 1634 lium
530 1613 678 1634 suorum
701 1599 919 1645 prelatorum
942 1606 975 1632 et
997 1599 1200 1640 doctorum,
1222 1610 1446 1643 consurgere
1468 1597 1622 1630 viriliter
1641 1609 1681 1630 ac
1702 1603 1869 1642 potenter
1888 1597 2064 1630 adversus
2089 1596 2201 1629 aciem
2221 1596 2287 1629 im-

421 1667 568 1712 probam
591 1667 781 1700 heresum⁵
801 1673 835 1699 et
855 1678 1017 1699 errorum
1036 1672 1160 1698 nostre
1178 1665 1262 1698 fidei
1283 1665 1465 1709 bonisque
1486 1663 1650 1697 moribus
1670 1664 1911 1709 malignanter
1925 1664 2188 1697 adversantem.
2210 1664 2287 1696 Deo

420 1742 536 1767 autem
566 1734 705 1779 gracias
731 1734 793 1778 qui
819 1734 990 1778 [in]cepit‚
1012 1745 1093 1765 nam
1126 1739 1157 1766 et
1191 1732 1343 1777 perfecit
1373 1731 1546 1776 deditque
1576 1731 1683 1764 nobis
1703 1731 1902 1773 victoriam,
1926 1731 2105 1764 reducens
2124 1730 2224 1764 velut
2242 1729 2287 1764 ab

422 1802 529 1834 exilio
550 1801 651 1846 gravi
673 1801 911 1846 prefulgidum
935 1812 1097 1833 sororem
1121 1799 1245 1844 pulcre
1266 1799 1364 1844 pacis
1389 1798 1589 1832 veritatem.
1613 1798 1836 1843 Sperandum
1859 1799 1971 1844 igitur
1986 1797 2093 1831 nobis
2114 1803 2170 1830 est
2189 1797 2286 1843 quod

419 1869 552 1902 veritas
574 1880 684 1912 super
705 1868 823 1901 omnia
844 1868 994 1901 vincens
1016 1868 1157 1900 tandem
1180 1866 1351 1900 liberabit
1375 1878 1527 1911 regnum
1550 1865 1901 1899 Christianissimum
1922 1878 1940 1898 a
1966 1865 2074 1898 bellis
2094 1865 2285 1910 plusquam

420 1935 588 1969 civilibus
605 1942 640 1968 et
660 1935 866 1976 horrendis7
886 1935 920 1967 in
938 1935 1140 1967 assertione
1162 1935 1389 1968 diversorum
1411 1944 1575 1966 errorum
1597 1933 1801 1977 perniciosa
1822 1933 1994 1974 fundatis,
2013 1932 2043 1965 si
2064 1944 2135 1965 non
2158 1943 2286 1965 rursus

419 2003 529 2048 (quod
555 2002 663 2045 absit)
690 2002 865 2035 fuerimus
895 2002 1027 2047 ingrati
1056 2001 1114 2035 vel
1144 2001 1323 2035 increduli
1352 2001 1494 2036 veritati
1522 2001 1744 2045 judicialiter
1770 2013 1808 2033 ac
1841 2000 1983 2034 noviter
2009 1999 2192 2045 propalate
2221 2010 2286 2045 per

419 2070 659 2103 reverendum
682 2069 718 2102 in
735 2069 881 2103 Christo
903 2076 1037 2113 patrem
1057 2082 1095 2102 ac
1113 2069 1312 2107 dominum,
1331 2070 1517 2103 dominum
1540 2070 1750 2115 episcopum
1772 2067 2014 2100 Parisiensem
2032 2073 2067 2100 et
2086 2079 2151 2112 per
2171 2066 2285 2112 inqui-

419 2138 566 2170 sitorem
594 2136 752 2169 heretice
784 2136 968 2181 pravitatis
999 2137 1035 2168 in
1062 2148 1175 2181 regno
1198 2137 1360 2179 Francie,
1383 2149 1426 2170 ex
1446 2137 1708 2170 deliberatione
1730 2134 1965 2168 celeberrima
1987 2134 2155 2167 diuturna
2176 2140 2286 2167 matu-

419 2216 529 2249 raque
551 2204 643 2237 sacri
660 2203 815 2237 Concilii
833 2203 916 2236 fidei
934 2203 1094 2236 Parisius
1111 2204 1312 2246 existentis,
1332 2204 1634 2250 quemadmodum
1652 2215 1747 2236 nunc
1769 2214 1833 2247 per
1848 2208 2039 2247 presentes
2059 2201 2103 2234 ad
2124 2201 2284 2234 omnium

419 2283 646 2304 communem
668 2270 835 2303 noticiam
857 2270 1038 2303 deducere
1060 2271 1271 2316 satagimus,
1293 2283 1373 2304 cuin
1401 2271 1532 2304 litteris
1558 2278 1593 2304 et
1619 2269 1795 2303 mandatis
1826 2269 2044 2314 prefatorum
2067 2267 2230 2314 episcopi
2250 2274 2286 2301 et

419 2338 659 2383 inquisitoris,
683 2337 918 2370 obsecrantes
939 2344 974 2370 et
994 2344 1184 2370 monentes
1205 2338 1242 2370 in
1268 2339 1423 2371 Domino
1445 2339 1614 2384 quatinus
1640 2338 1677 2370 in
1707 2343 1870 2382 prompta
1899 2335 2139 2381 benivolaque
2160 2347 2285 2369 susce-

419 2406 541 2450 ptione
559 2412 594 2438 et
609 2405 820 2438 executione
842 2405 1101 2449 premissorum
1121 2405 1274 2450 quilibet
1294 2417 1359 2450 pro
1376 2418 1439 2439 sua
1456 2405 1663 2439 conditione
1681 2411 1716 2437 et
1732 2410 1823 2437 statu
1845 2403 2035 2437 zelatorem
2054 2415 2093 2436 se
2110 2402 2284 2436 catholice

418 2473 579 2506 veritatis
600 2472 779 2505 ostendat.

507 2541 769 2573 Concremetur
789 2539 933 2571 solenni
955 2539 1037 2580 ritu,
1061 2539 1215 2584 qualiter
1236 2527 1351 2572 actum
1381 2546 1437 2573 est
1467 2540 1641 2581 Parisius,
1664 2539 1834 2584 pestifera
1855 2538 1915 2572 illa
1940 2538 2155 2584 propositio,
2178 2549 2283 2583 quam

418 2613 515 2639 actor
536 2606 691 2651 appellat
709 2606 1007 2651 Justzficationenz
1032 2605 1132 2640 ducis
1156 2607 1381 2652 Burgundio,
1404 2608 1434 2640 si
1464 2607 1664 2652 reperiatur
1684 2607 1778 2651 apud
1799 2618 1878 2648 vos,
1901 2606 2116 2651 dampnetur
2135 2611 2171 2638 et
2198 2604 2284 2638 abo-

420 2675 534 2706 leatur
555 2674 622 2706 sub
643 2673 877 2706 anathematis
898 2674 1191 2706 interminatione
1213 2686 1277 2719 per
1297 2675 1502 2707 ordinarios
1532 2674 1707 2715 locorum,
1731 2674 1899 2719 quoniam
1922 2673 2065 2707 inventa
2086 2679 2142 2705 est
2167 2672 2281 2717 palam

421 2753 570 2773 erronea
593 2741 628 2772 in
650 2741 719 2772 lide
742 2747 776 2772 et
800 2740 907 2773 bonis
929 2740 1091 2773 moribus
1116 2753 1155 2774 ac
1185 2741 1432 2786 multipliciter
1453 2741 1677 2782 scandalosa,
1700 2741 1876 2786 injuriosa
1897 2752 2042 2785 quoque
2064 2740 2142 2785 regi
2163 2746 2199 2772 et
2217 2751 2283 2773 sue

421 2807 669 2848 dominationi,
692 2807 799 2840 velud
821 2807 978 2852 denique
999 2808 1080 2840 sons
1101 2808 1219 2840 letifer
1244 2808 1394 2841 aliorum
1417 2821 1581 2841 errorum
1609 2809 1706 2849 inde,
1730 2815 1765 2841 et
1794 2809 1825 2841 si
1857 2820 1929 2840 non
1958 2819 2148 2840 occursum
2171 2813 2280 2847 esset,

421 2874 689 2906 scaturientium
714 2886 777 2918 per
797 2874 952 2918 populos
974 2875 1008 2906 in
1031 2874 1097 2907 hoc
1121 2876 1268 2908 Francie
1290 2888 1416 2921 regno,
1440 2876 1536 2920 quod
1564 2875 1749 2908 hereticali
1778 2882 1939 2908 monstro
1961 2875 2075 2907 caruit
2093 2874 2281 2916 hactenus,
