2502 3418
424 321 489 354 555
995 330 1314 352 CHARTULARIUM
1350 328 1540 351 nnivssns.
1578 330 1706 351 PAnis.
2190 318 2289 355 [1433

425 441 568 479 2438.
593 452 730 486 Magistri
744 456 874 486 regentes
889 452 917 477 in
932 451 1076 486 facultate
1089 451 1249 477 medicinae
1262 460 1310 477 an.
1328 452 1454 477 1433-34.

1599 509 1674 537 7433,
1688 508 1833 534 Novembris
1847 510 1874 538 3,
1891 509 2004 537 Parisiis,

513 597 619 629 Anno
642 596 784 629 Domini
807 596 1015 641 supradicto
1044 596 1101 628 die
1127 595 1251 627 martis
1282 607 1352 639 que
1382 595 1448 627 suit
1468 596 1502 628 3a
1525 595 1742 628 Novembris
1763 596 1980 640 inceperunt
2005 596 2182 629 lectiones
2203 607 2287 629 suas

425 663 586 707 magistri
614 663 675 707 qui
701 663 758 695 hie
780 669 983 707 sequuntur
1006 662 1134 704 [iidem
1167 662 1228 706 qui
1254 673 1310 695 an.
1342 662 1439 703 1432,
1462 667 1610 706 praeter
1631 662 1776 695 Henric.
1804 663 1992 708 Dongny¹,
2022 662 2209 696 Guillelm.
2242 663 2286 695 de

422 729 666 774 Apostolatu].
2090 730 2155 771 [13]

516 828 660 850 Comment.
680 829 728 850 sac.
748 827 827 856 med„
841 828 860 855 l,
874 835 899 857 p.
916 827 970 850 327.
987 840 1017 844 —-
1029 826 1094 849 Nov.
1113 827 1134 855 7,
1155 827 1351 857 Inguerrandus
1369 826 1400 849 de
1418 826 1524 850 Furenti
1541 827 1656 850 decanus
1676 828 1724 851 sac.
1746 828 1843 850 electus
1861 831 1900 851 est
1922 827 1948 850 in
1967 827 2171 859 congregatione
2191 828 2217 850 in
2237 836 2289 859 qua

421 883 434 893 «
449 873 533 895 solum
550 875 754 903 comparuerunt
769 872 819 894 duo
836 871 965 902 magistri,
983 880 1050 894 unus
1067 871 1181 894 nationis
1198 871 1292 894 Gallic-
1309 874 1334 894 et
1353 871 1421 894 alius
1438 875 1491 895 nat.
1508 871 1621 900 Picard.‚
1639 871 1691 895 'una
1708 880 1767 895 cum
1787 872 1931 895 substituto
1946 872 2037 895 decani
2053 873 2249 904 predecessoris
2265 882 2287 897 ».

517 957 540 981 1.
560 957 608 984 Qui
624 965 665 978 nn.
685 956 814 978 1432-1433
830 955 939 978 obierat.

423 1075 566 1111 2439.
590 1085 622 1108 In
637 1082 822 1108 Parlamento
838 1086 931 1108 rector·
946 1082 1131 1118 deputatique
1150 1083 1350 1109 Universitatis
1369 1092 1403 1109 ac
1417 1084 1606 1120 praepositus
1622 1085 1835 1118 mercatorum',
1855 1094 1902 1111 ore
1920 1095 1992 1120 mag.
2013 1085 2156 1112 Guillelmi
2169 1085 2285 1119 Erat-ss,

508 1142 580 1166 mag.
604 1132 632 1157 in
658 1131 754 1165 theol„
779 1135 979 1167 protestantur
1001 1135 1100 1157 contra
1123 1132 1302 1167 propositum
1322 1132 1414 1158 studii
1434 1133 1463 1158 in
1483 1133 1595 1168 legibus
1617 1133 1798 1169 decretisque
1823 1134 1941 1160 Cadomi
1958 1134 2113 1169 fundandi,
2137 1143 2192 1170 quo
2213 1134 2291 1170 fides.

511 1181 680 1215 christiana,
697 1181 857 1206 auctoritas
875 1180 1063 1214 Parlamenti,
1083 1181 1259 1207 restauratio
1273 1181 1397 1207 civitatis
1415 1182 1633 1218 studiorumque
1647 1183 1857 1209 Parisiensium
1876 1183 2123 1219 periclitarentur,
2143 1188 2170 1210 et
2190 1188 2289 1210 contra

509 1232 666 1256 tractatum
681 1230 757 1264 pacis
773 1233 915 1264 ageretur.
932 1231 1103 1265 Quanquam
1115 1230 1293 1256 Nor-mannia
1301 1231 1519 1266 jurisconsultis
1535 1240 1589 1257 non
1607 1231 1745 1267 indigeat,
1763 1233 1870 1268 quippe
1885 1233 1935 1268 qui
1948 1241 1962 1258 e
1976 1234 2108 1264 Lovanio,
2125 1233 2206 1268 Dolo,
2223 1237 2286 1267 etc„

509 1279 586 1304 trahi
598 1279 721 1315 possint,
740 1283 835 1304 tamen
856 1279 1031 1304 Universitas
1044 1279 1151 1313 Paris„
1167 1279 1193 1305 si
1208 1288 1279 1315 opus
1294 1280 1393 1315 fuerit,
1410 1280 1537 1306 studium
1550 1281 1628 1316 juris
1646 1281 1736 1307 civilis
1755 1290 1769 1307 «
1786 1281 1826 1307 ad
1841 1285 1952 1318 tempus
1968 1291 1983 1308 »
2001 1282 2065 1318 ipsa
2080 1282 2206 1308 Parisiis
2217 1291 2288 1318 per-

509 1329 609 1354 mittet.
628 1329 805 1364 Responsum
821 1331 864 1354 est
884 1328 1077 1363 Universitati,
1097 1328 1174 1364 quod
1190 1328 1324 1364 querelas
1339 1338 1409 1354 suas
1424 1329 1541 1365 scriptis
1557 1330 1708 1364 redigeret.

1583 1419 1658 1449 1433,
1673 1419 1818 1446 Novembris
1833 1420 1870 1450 72,
1885 1421 1998 1446 Parisiis.

513 1507 590 1530 Arch.
604 1510 658 1530 nat.
673 1506 767 1536 Paris.⁷
784 1507 829 1529 X‘ss
842 1506 912 1535 1481,
930 1506 975 1530 sol.
991 1506 1042 1529 771».
1058 1520 1088 1524 —
1101 1506 1177 1534 Bon„
1193 1507 1222 1536 V,
1238 1508 1298 1532 426:
1317 1507 1455 1536 F112L181EN,
1472 1508 1543 1532 Hist.
1559 1508 1592 1531 de
1603 1508 1699 1539 Paris,
1717 1509 1758 1538 lv,
1774 1509 1828 1532 594.
1847 1522 1875 1526 —
1894 1509 1992 1532 Eodem
2006 1512 2124 1541 tempore
2141 1518 2156 1533 a
2172 1510 2288 1541 capitulo

419 1553 482 1575 eccl.
499 1552 582 1575 Paris.
601 1560 611 1574 «
633 1552 784 1574 conclusum
804 1554 844 1574 est
864 1551 933 1582 quod
954 1551 1100 1582 capitulum
1121 1559 1147 1574 se
1166 1551 1293 1582 adjungat
1316 1560 1375 1575 cum
1397 1552 1575 1575 Universitate
1594 1556 1619 1575 ct
1636 1552 1742 1576 civitate
1762 1553 1847 1576 Paris.
1863 1553 1890 1576 in
1909 1555 1977 1577 sacto
1997 1554 2201 1578 constructionis
2223 1563 2289 1578 nove

420 1597 606 1620 Universitatis
622 1597 692 1627 apud
706 1596 850 1619 Cadomum
867 1605 880 1616 »
897 1595 984 1625 (Ari-h.
1000 1599 1053 1619 nat.
1070 1596 1165 1626 Paris„
1179 1596 1218 1619 LL
1235 1596 1288 1625 114,
1300 1605 1326 1627 p.
1344 1597 1392 1627 73).
1409 1597 1496 1620 Mense
1511 1597 1648 1620 Decembri
1663 1601 1800 1628 praeterea
1814 1598 1973 1629 Pasqucrius
1989 1598 2020 1622 de
2035 1599 2173 1622 Vallihus³
2188 1603 2214 1623 et
2226 1608 2288 1624 cnn-

420 1641 544 1664 cellarius
560 1641 686 1664 Franciae
701 1641 734 1663 ad
750 1641 841 1663 villam
855 1640 1044 1663 Cadomensem
1060 1640 1165 1663 iverunt
1177 1641 1263 1670 (Mem.
1280 1642 1329 1664 suc.
1344 1641 1424 1669 decr.5
1438 1642 1457 1670 1,
1475 1642 1520 1665 sol.
1538 1642 1601 1673 164).
1619 1642 1694 1665 Circa
1708 1642 1777 1665 idem
1792 1645 1897 1674 tempus
1909 1643 2074 1667 Universitas
2086 1644 2195 1675 scripsit
2209 1644 2288 1668 eliam

422 1686 476 1709 suis
497 1685 735 1709 ambassiatoribus
755 1685 781 1708 in
799 1685 916 1708 Concilio
936 1685 1091 1713 anileensi,
1108 1688 1137 1708 ut
1156 1694 1170 1708 a
1186 1693 1261 1708 sucro
1282 1686 1382 1717 synodo
1397 1686 1500 1709 litteras
1516 1694 1596 1718 super
1611 1686 1653 1710 his
1670 1686 1727 1718 regi
1742 1687 1852 1718 Angliae
1872 1688 2042 1711 destinandas
2060 1692 2106 1712 aut
2120 1689 2192 1712 aliud
2208 1697 2290 1713 reme-

422 1731 493 1753 dium
509 1730 657 1753 obtinerent
671 1730 817 1761 (Originale
831 1729 856 1752 in
872 1729 950 1753 Arch.
967 1729 1090 1753 Univers.
1106 1730 1200 1758 Paris0,
1214 1730 1283 1753 thee.
1297 1730 1316 1758 Ι,
1334 1731 1385 1754 ΑΛ.
1401 1739 1429 1760 ος
1447 1731 1520 1761 Bm„
1538 1731 1568 1760 Υ,
1587 1732 1652 1762 428).
1673 1731 1843 1755 Vehementer
1859 1732 2019 1764 querebatur
2035 1733 2212 1764 Universitus,
2229 1734 2291 1765 quia

421 1775 531 1799 timebat
545 1783 575 1798 ne
590 1775 719 1806 paulatim
736 1783 783 1797 sua
798 1774 939 1805 supposita
954 1782 967 1797 e
982 1774 1143 1797 Normannia
1158 1774 1271 1797 oriunda
1285 1775 1416 1806 perderet,
1434 1775 1466 1798 iis
1482 1775 1508 1798 in
1522 1784 1590 1799 nova
1605 1776 1785 1800 Universitate
1798 1777 1950 1800 cathedram
1964 1778 2148 1808 magistralem
2160 1778 2292 1810 accipien-

422 1820 492 1843 tibus
510 1820 588 1851 (quod
603 1823 628 1842 ct
643 1820 675 1842 ab
691 1828 759 1842 anno
772 1819 833 1842 1439
849 1827 940 1842 revera
955 1819 1059 1847 accidit,
1078 1822 1105 1842 ut
1120 1819 1208 1842 videre
1222 1822 1262 1842 est
1277 1827 1320 1851 ap.
1335 1820 1435 1849 BENET,
1451 1820 1614 1844 Inventaire
1626 1822 1672 1845 des
1686 1821 1819 1846 Archives
1834 1823 1865 1846 de
1882 1821 1985 1846 l'Univ.
2002 1824 2036 1846 de
2050 1824 2132 1852 caen,
2146 1826 2165 1846 t.
2184 1824 2217 1853 Π,
2234 1832 2262 1855 p.
2276 1825 2291 1847 9

424 1874 491 1896 sqq„
507 1868 531 1888 et
544 1873 590 1888 nos
606 1864 749 1896 aliquando
761 1864 932 1893 notavimus),
946 1863 1058 1895 novique
1074 1871 1087 1886 e
1102 1864 1264 1887 Nor-monnio.
1279 1864 1413 1887 scholares
1429 1873 1480 1887 non
1494 1865 1622 1888 venirent.

518 1949 542 1974 1.
560 1949 597 1973 Ab
613 1957 655 1972 an.
670 1949 803 1972 1432-11234
819 1949 894 1979 Hugo
911 1948 1032 1979 Rapiout.
1050 1948 1108 1971 Vid.
1125 1948 1236 1971 Τυετεγ
1251 1948 1277 1971 in
1293 1949 1418 1973 Journal
1431 1949 1500 1973 d'un
1519 1950 1675 1980 bourqeois,
1695 1958 1722 1981 p.
1739 1951 1794 1980 284,
1810 1954 1863 1974 not.
1881 1951 1902 1975 1.
1926 1965 1957 1969 —
1981 1951 2005 1976 2.
2029 1952 2095 1976 Bm..
2113 1953 2181 1975 mule
2200 1956 2292 1976 contra

425 1994 540 2017 codicem
556 2003 567 2016 «
582 1994 684 2017 Eurard
696 2002 716 2016 n.
728 2007 756 2010 —
771 1993 795 2017 3.
812 1994 859 2016 Αη.
876 1993 945 2022 1435,
961 1992 1050 2015 Martii
1067 1992 1105 2022 21,
1121 1993 1295 2016 cancellarius
1308 1993 1445 2024 Franciue,
1460 1994 1608 2017 Ludovicus
1623 1994 1704 2026 episc.
1721 1995 1871 2023 Mei-inens..
1889 1996 2002 2019 obtinuit
2013 2005 2027 2019 a
2041 2005 2121 2028 popa,
2136 2000 2163 2020 ut
2176 1998 2292 2029 Pasque-

426 2039 481 2062 rius
495 2039 567 2062 fieret
583 2039 696 2061 decanus
713 2039 898 2068 Rotomngens.
912 2045 961 2068 pro
973 2037 1095 2060 defuncto
1108 2037 1248 2061 Guillelmo
1262 2038 1387 2061 intrantis
1400 2038 1503 2070 (Suppl.
1518 2039 1617 2070 Eugcn.
1634 2039 1676 2068 IV,
1693 2043 1722 2062 n⁰
1738 2041 1790 2068 296,
1807 2040 1852 2063 fol.
1866 2040 1942 2070 131b).
1956 2042 2002 2064 Ast
2014 2041 2146 2072 Septemb.
2161 2042 2190 2064 23
2206 2043 2290 2065 factus

426 2087 465 2106 est
480 2083 560 2114 episc.
577 2083 702 2106 Meldens.
719 2083 777 2106 Vid.
793 2090 874 2113 supra
889 2090 916 2112 p.
932 2082 986 2112 450,
1003 2085 1057 2105 not.
1072 2082 1096 2105 4.
2165 2077 2168 2080 ’
2269 2078 2271 2081 ’

428 2247 571 2283 2440.
594 2255 754 2291 Episcopus
770 2253 920 2288 Meldens.‚
939 2257 1120 2279 conservator
1135 2253 1350 2290 privilegiorum
1371 2255 1581 2286 Universitatis,
1603 2259 1630 2281 et
1650 2256 1710 2291 ejus
1732 2257 1906 2291 vicesgercns
1919 2257 2064 2284 Johannes
2079 2258 2114 2284 de
2139 2259 2292 2285 Courcellis

515 2308 613 2330 contra
627 2304 784 2329 Iohannem
799 2302 922 2329 Huberti
935 2302 1002 2328 olim
1019 2303 1244 2338 vicesgerentem7
1263 2303 1291 2328 in
1306 2303 1502 2330 Parlamento.
1518 2304 1711 2340 Explicantur
1719 2306 1791 2341 jura
1806 2307 2022 2333 conservatoris.

1579 2394 1653 2425 1433,
1670 2395 1816 2421 Decembris
1830 2397 1876 2426 22,
1893 2397 2006 2422 Parisiis.

514 2481 711 2524 [Jolzannes
730 2480 907 2522 Huberst,
937 2485 1166 2514 conservator
1193 2480 1247 2514 vel
1271 2481 1491 2526 vicesgerens
1519 2484 1782 2517 conservatoris
1795 2484 2091 2529 privilegiorum,
2125 2486 2160 2519 in
2188 2487 2290 2530 curia

427 2547 652 2582 Parlamenti
671 2547 798 2592 litigat
814 2551 939 2579 contra
954 2547 1152 2591 episcopum
1174 2547 1399 2589 Meldensem,
1424 2554 1716 2591 conservatorem,
1734 2555 1768 2583 et
1783 2562 1877 2596 mag.
1901 2552 2092 2586 Jolzannem
2116 2552 2157 2586 de
2174 2554 2290 2587 Cour-

427 2615 535 2655 cellis,
557 2614 673 2647 dicens
693 2625 728 2646 se
741 2613 860 2657 fuisse
886 2613 1091 2646 institutum
1107 2619 1388 2648 conservatorem
1408 2615 1462 2649 vel
1483 2616 1753 2661 vices-gerentem
1775 2622 1930 2662 tempore
1953 2619 2107 2663 episcopi
2129 2619 2290 2653 Bellova-

427 2693 529 2722 cens.‚
551 2691 639 2714 nunc
657 2679 896 2721 Lexoviensis,
918 2691 1083 2724 suumque
1103 2680 1251 2725 officium
1273 2682 1363 2722 bene,
1382 2682 1489 2716 etiam
1504 2683 1568 2716 sub
1587 2683 1747 2728 episcopo
1765 2684 1940 2726 Meldensz'
1965 2686 2159 2719 exercuisse
2164 2697 2183 2727 ;>
2202 2698 2290 2720 nunc

427 2754 540 2781 autem
557 2748 598 2780 ab
614 2746 770 2790 episcopo
786 2751 818 2779 et
836 2746 1033 2779 Courcellis
1050 2746 1256 2790 impeditum
1272 2759 1354 2782 esse.
1359 2751 1384 2791 J

539 2814 736 2857 L'evesque
758 2812 801 2844 (16
818 2812 957 2844 Meaulz
979 2819 1013 2845 et
1033 2813 1246 2847 Com-celles
1273 2814 1373 2848 dient
1394 2827 1463 2860 que
1484 2816 1517 2849 le
1538 2829 1629 2862 pape
1646 2829 1738 2862 pour
1758 2818 1790 2851 la
1812 2819 2071 2852 conservacion
2092 2819 2156 2852 des
2177 2819 2288 2864 privi-

427 2880 528 2924 leges
545 2879 588 2911 de
609 2878 843 2911 l'Universite
860 2879 1037 2911 constitua
1055 2879 1108 2912 les
1125 2880 1214 2913 trois
1230 2893 1410 2926 evesques
1432 2882 1639 2916 dessusdits
1656 2884 1712 2925 [de
1731 2885 1919 2926 Beanvais,
1939 2885 2058 2918 Senlis
2080 2892 2115 2918 et
2135 2885 2286 2927 Meaulz]
