2502 3418
391 326 455 358 674
969 334 1293 357 CHARTULARHJM
1327 334 1521 357 UNIVERS.
1557 334 1687 357 PARls.
2159 321 2260 358 [1446

394 439 541 476 2616.
562 448 615 474 Die
636 449 744 486 martis*
756 458 792 474 xv
810 448 943 475 Novemb.
963 452 1130 485 assumptus
1146 452 1189 475 est
1210 449 1250 475 ad
1263 447 1386 484 gradum
1405 449 1572 475 doctoratus
1595 449 1623 475 in
1640 448 1802 475 veneranda
1817 448 1994 474 decretorum
2015 447 2159 482 facultate
2180 457 2255 483 mag.

482 497 592 524 Paulus
608 497 643 523 de
664 498 746 532 Villa,
770 498 958 524 Lemovicens.
975 498 1078 532 dioec.,
1097 498 1194 525 licent.
1216 499 1245 524 in
1265 497 1386 533 legibus,
1407 502 1474 534 post
1489 498 1596 524 multas
1616 501 1643 524 et
1658 498 1755 523 varias
1778 497 2015 532 congregationes
2034 497 2075 522 ad
2096 497 2260 532 hujusmodi

479 547 602 582 gradum
617 546 730 573 tandem
743 547 907 582 admissus5
921 547 971 583 qui
983 549 1089 582 festum
1101 556 1192 582 suum,
1208 551 1238 573 ut
1252 547 1373 573 decebat
1388 547 1641 580 praedecessorum
1653 555 1738 580 more,
1751 546 1780 572 in
1791 546 1872 572 domo
1886 546 2099 582 archiepiscopi
2111 546 2258 572 Remensis

483 596 639 631 honorifice
655 597 869 623 consummavit.

1548 633 1626 663 1446,
1642 632 1787 660 Novembris
1803 632 1841 662 15,
1856 632 1973 659 Parisiis.

488 722 595 745 Memor.
614 721 663 744 sac.
677 721 784 751 decret„
800 721 819 749 Ι,
837 721 882 744 sol.
898 721 969 745 23711.
982 734 1012 738 —
1025 721 1121 744 Paulus
1137 720 1273 764 vesperi'u
1287 729 1349 744 suas
1367 722 1464 744 fecerat
1479 721 1572 745 Octob.
1588 722 1626 745 29.

394 884 538 922 2617.
562 895 701 928 Defuncto
722 893 855 929 episcopo
875 892 1043 927 Meldensi⁴,
1062 901 1147 919 novus
1163 896 1345 919 conservator
1358 893 1573 929 privilegiorum
1593 894 1791 920 Universitatis
1805 893 1931 930 eligitur,
1954 893 2018 920 scil.
2040 893 2206 920 Guillelmus
2221 893 2257 920 de

480 942 649 976 llellandez
671 942 822 978 episcopus
840 941 1004 969 Belvacens.
1027 942 1203 968 Universitas
1223 942 1250 968 ei
1263 942 1446 979 supplicavit,
1465 951 1500 970 ne
1511 947 1632 980 propter·
1651 943 1730 969 alias
1750 942 1881 969 habitam
1897 941 2091 969 discordiam³
2104 942 2258 976 officiarios

481 991 631 1018 mutarem

1549 1029 1625 1059 1446,
1640 1029 1786 1056 Novembris
1801 1029 1839 1059 18,
1857 1029 1971 1055 Ρανίεὶίε.

484 1084 604 1106 Auctar.
623 1081 751 1105 chartul.
771 1080 895 1106 Univers.
909 1081 1014 1110 Paris„
1030 1081 1064 1111 11,
1079 1089 1107 1112 p.
1123 1082 1178 1111 669,
1195 1082 1224 1105 27
1240 1089 1309 1113 sqq.;
1323 1082 1377 1112 670,
1393 1083 1416 1105 5.

483 1167 508 1192 1.
522 1167 598 1190 Petro
615 1167 647 1190 de
667 1166 793 1189 Vox-saliis
813 1166 940 1190 Novemb.
957 1167 984 1190 11
1001 1166 1134 1190 defuncto.
1149 1180 1177 1184 —
1193 1165 1218 1191 2.
1233 1166 1283 1195 Qui
1301 1166 1356 1198 jam
1372 1175 1415 1190 an.
1434 1167 1504 1196 1444,
1526 1166 1629 1195 Martio,
1645 1175 1694 1198 pro
1711 1166 1760 1190 hoc
1782 1166 1867 1190 officio
1882 1166 2053 1198 supplicabat
2066 1167 2204 1196 muctar..
2222 1167 2256 1195 ΙΙ,

388 1214 441 1240 584,
458 1214 488 1240 9;
504 1213 557 1240 585,
572 1212 599 1239 1;
616 1213 669 1239 590,
685 1212 732 1240 36).
748 1211 808 1234 Fuit
818 1219 899 1243 nepos
911 1211 1106 1243 archiepiscopi
1120 1212 1250 1241 Remens.‚
1262 1215 1287 1235 et
1302 1220 1344 1235 nn.
1361 1212 1422 1235 1439
1433 1212 1534 1235 baccnl.
1546 1212 1642 1236 decret.
1657 1211 1779 1236 Univers.
1792 1211 1973 1236 Aurelianens.
1985 1211 2090 1243 (Suppl.
2102 1212 2201 1243 Eugen.
2214 1211 2256 1243 lv,

387 1258 421 1281 nifl
437 1258 490 1286 353,
508 1257 553 1280 sol.
569 1257 627 1284 245;
644 1257 698 1285 354,
713 1256 758 1280 fol.
775 1257 839 1285 265).
859 1270 888 1274 -—
907 1256 930 1281 3.
947 1256 1005 1280 Vid.
1022 1264 1106 1288 supra
1121 1260 1149 1279 n⁰
1165 1257 1235 1280 2597.
1255 1270 1284 1274 —
1300 1256 1326 1282 4.
1344 1257 1500 1288 Rudulphus
1519 1257 1659 1286 Barmsse,
1675 1265 1691 1280 a
1706 1257 1785 1288 longo
1801 1259 1920 1288 tempore
1942 1259 2096 1288 assumptus
2110 1256 2136 1279 in
2153 1264 2258 1288 promo-

387 1306 470 1326 torem
491 1301 689 1330 Universitatis,
707 1304 732 1324 et
747 1309 790 1324 un.
811 1301 872 1324 1444
891 1304 1009 1325 retentus
1030 1301 1093 1331 (vid.
1110 1302 1238 1330 Auctar.,
1261 1302 1293 1330 ΙΙ,
1315 1302 1370 1331 591,
1389 1302 1437 1333 30),
1461 1309 1504 1325 ειη,
1528 1302 1598 1331 1447,
1614 1301 1744 1330 Januarii,
1767 1301 1931 1333 supplicavit
1949 1300 2067 1332 Eugenio
2086 1301 2129 1331 lv,
2150 1304 2178 1324 ut
2192 1309 2256 1324 con-

387 1348 537 1371 firmaretur
552 1346 657 1378 (Suppl.
671 1346 738 1378 Eug.
755 1346 801 1378 lv,
815 1350 844 1369 n⁰
856 1347 910 1374 407,
927 1346 973 1370 sol.
987 1346 1052 1375 197).

386 1488 531 1525 2618.
555 1496 691 1532 Magistri
706 1500 836 1531 regentes
851 1496 1006 1531 facultatis
1022 1496 1182 1523 medicinae
1198 1505 1246 1522 an.
1261 1497 1389 1524 1446-47.

1623 1552 1695 1583 1446.
1711 1552 1838 1582 uoremb„
1856 1552 1971 1579 Parisiis.

475 1588 627 1621 Nomina
648 1588 854 1634 regentium
879 1599 886 1620 :

474 1687 607 1721 Magister
619 1687 760 1714 Henricus
773 1687 912 1713 Thibout.
1425 1687 1558 1722 Magister
1568 1687 1712 1714 Robertus
1726 1687 1872 1714 Julienne.

527 1753 562 1755 —
617 1737 765 1763 ,Iohannes
780 1736 966 1770 Lengrenois.
1568 1736 1691 1763 Karolus
1705 1736 1741 1763 de
1755 1736 1930 1770 Mauregart.

616 1786 761 1813 Robertus
773 1785 914 1812 Poitevin.
1568 1786 1723 1820 Dyonisius
1737 1786 1862 1820 Nugues.

616 1836 764 1862 Johannes
777 1835 940 1869 Ptiphaine.
1568 1835 1631 1862 Odo
1643 1835 1680 1862 de
1694 1835 1841 1862 Credulio.

618 1886 720 1911 Petrus
734 1885 770 1911 de
782 1884 888 1918 Chacy.
1568 1885 1670 1911 Petrus
1685 1884 1800 1911 Pilatre.

618 1934 837 1968 Inguerrandus
849 1934 885 1960 dc
901 1934 1034 1967 Parenty.
1567 1934 1717 1961 Johannes
1729 1934 1811 1960 Wist.

619 1984 795 2010 Guillelmus
806 1983 842 2010 de
857 1983 949 2017 Algia.
1567 1984 1716 2010 ,Iohannes
1727 1982 1885 2017 Aujouere.

619 2033 796 2060 Guillelmus
810 2033 845 2060 de
859 2033 988 2059 Camera.
1924 2031 1977 2068 [15]

1477 1802 1513 2002 1111!

525 1802 563 2053 ΙΙΙΙΙΙ

480 2123 625 2147 Commeat.
641 2123 691 2146 fue.
708 2123 786 2149 med.,
800 2122 833 2151 11,
849 2131 876 2153 p.
893 2123 931 2145 73.
948 2136 977 2139 —
993 2122 1059 2146 Nov.
1078 2124 1101 2150 5,
1115 2122 1231 2145 decanus
1246 2121 1345 2145 electus
1361 2124 1401 2145 est
1416 2121 1472 2145 Odo
1483 2121 1515 2145 de
1528 2121 1662 2145 Credulio.

391 2290 453 2326 26
462 2290 535 2327 19.
563 2299 737 2325 Universitas
750 2298 845 2325 Paris.
860 2307 891 2325 se
901 2298 1020 2335 opponit
1030 2298 1159 2325 decimae
1172 2308 1264 2335 nuper
1277 2308 1295 2325 a
1308 2307 1416 2325 summo
1427 2298 1566 2335 pontifice
1581 2297 1731 2334 aliquibus
1743 2297 1924 2334 principibus
1938 2297 2079 2323 Franciae
2092 2305 2254 2331 concessae,

479 2353 505 2374 et
525 2358 543 2374 a
563 2357 671 2374 summo
688 2348 827 2384 pontifice
851 2348 891 2374 ad
916 2348 1071 2374 Concilium
1089 2348 1225 2383 generale
1252 2350 1381 2383 futurum
1404 2348 1446 2374 vel
1467 2348 1507 2374 ad
1531 2348 1596 2375 illos
1623 2347 1664 2373 ad
1688 2356 1758 2383 quos
1778 2350 1891 2383 spectat
1915 2346 2055 2383 appellat,
2087 2346 2199 2382 vultque
2227 2349 2258 2372 ut

479 2397 639 2434 appellatio
653 2397 768 2432 levetur7
788 2401 815 2424 et
826 2401 999 2433 procurator
1016 2398 1045 2423 in
1061 2398 1143 2423 curia
1155 2397 1336 2424 Parlamenti
1350 2406 1381 2424 se
1398 2401 1525 2434 opponat
1543 2396 1736 2432 publicationi
1750 2396 1913 2422 litterarum
1929 2400 1987 2422 tam
2005 2395 2150 2431 regiarum
2170 2404 2256 2431 quam

480 2447 717 2482 apostolicarum.
734 2446 849 2473 Placuit
865 2450 895 2473 ut
909 2447 1083 2473 scriberetur
1098 2446 1212 2473 domino
1228 2447 1289 2482 regi
1303 2456 1391 2483 super
1404 2447 1479 2472 istis.

1485 2535 1558 2565 1446,
1572 2536 1719 2563 Decembris
1732 2537 1777 2566 29,
1795 2536 1839 2566 30,
1857 2535 1971 2562 Parisiis.

484 2625 601 2648 Auctor.
618 2625 744 2648 Chartul.
764 2624 899 2654 Univers„
916 2624 947 2652 ΙΙ,
965 2633 991 2655 p.
1007 2625 1061 2653 675,
1080 2625 1092 2647 7
1106 2632 1164 2656 sqq.
1179 2625 1238 2649 Lib.
1252 2631 1331 2655 proc.
1347 2629 1406 2649 nat.
1425 2624 1535 2653 Gallie„
1553 2624 1598 2648 ἰοὶ.
1614 2625 1655 2647 60.

392 2790 702 2833 262O.E113enius
719 2801 762 2826 IV
777 2800 805 2825 in
820 2800 880 2826 suis
902 2801 1007 2826 litteris
1026 2801 1066 2826 ad
1081 2810 1177 2827 omnes
1194 2801 1345 2837 praelatos
1365 2801 1505 2827 ecclesiae
1523 2801 1641 2827 directis
1658 2801 1779 2827 damnat
1795 2808 1906 2827 errores
1919 2800 2092 2836 aliquorum,
2114 2799 2255 2836 imprimis

475 2848 612 2873 Johannis
628 2848 663 2873 dc
678 2848 816 2883 Polliaeo,
838 2850 887 2885 qui
901 2850 1045 2884 fratribus
1065 2850 1298 2876 Mendicantibus
1313 2851 1364 2886 jus
1387 2851 1583 2885 confessiones
1600 2850 1846 2886 parochianorum
1867 2849 2008 2875 audiendi
2023 2849 2122 2884 eisque
2139 2848 2254 2875 absolu-

476 2897 560 2922 tionis
578 2896 742 2931 beneficimn
760 2898 942 2934 impendendi
957 2899 1100 2934 denegant
1114 2903 1141 2925 ee
1156 2899 1345 2935 denegarunt.
1362 2901 1426 2927 Dat.
1439 2901 1530 2927 Rome
1540 2908 1587 2934 ap.
1601 2900 1628 2927 S.
1641 2900 1761 2926 Petrum
1772 2907 1859 2934 anno,
1871 2900 1931 2933 etc„
1945 2898 2101 2925 millesimo
2114 2898 2252 2932 quadrin-

510 2945 549 2968 85.
