2502 3418
438 332 505 364 354
1025 341 1343 363 eninm-umanum
1378 339 1568 362 nmvsns.
1604 339 1734 362 turus.
2207 327 2307 364 [1418

438 453 497 490 21
510 453 583 490 18.
607 464 639 488 In
654 471 769 488 camera
785 461 962 498 parlamenti
982 466 1073 487 rector·
1092 465 1119 487 et
1137 461 1235 497 plures
1252 460 1385 495 magistri
1405 459 1603 486 Universitatis
1621 468 1683 485 cum
1701 459 1770 485 aliis
1791 463 2000 494 congregantur
2017 459 2057 485 ad
2074 459 2302 495 deliberandum,

526 511 665 546 quomodo
682 511 746 536 urbi
761 511 858 539 Paris.
875 510 1097 537 succurrendum
1113 511 1152 536 sit
1165 513 1304 545 quantum
1320 508 1360 534 ad
1374 509 1447 534 vitae
1462 508 1636 534 necessaria.

1631 596 1700 626 1418,
1716 597 1830 623 uoremb.
1844 597 1887 627 26,
1905 598 2019 623 Parisiis.

525 687 668 720 Samedi
688 688 784 732 xxvj⁰
796 688 883 731 jour
904 686 948 719 de
969 685 1186 719 Novembre.
1210 705 1254 709 ——
1273 684 1323 718 Ce
1340 684 1427 728 jour
1448 683 1684 717 survindrent
1707 695 1751 716 au
1773 684 1913 717 eonseil
1939 696 1984 717 en
2008 684 2041 717 la
2066 684 2235 718 chambre
2257 685 2301 718 de

435 753 637 798 parlement
657 760 692 786 et
710 754 833 786 furent
852 752 1001 785 mandez
1022 764 1086 797 par
1106 751 1137 784 la
1159 757 1264 784 court
1283 750 1316 783 le
1337 757 1481 783 recteur
1497 757 1532 783 et
1554 750 1726 795 pluseurs
1747 751 1914 784 maistres
1936 751 1980 784 de
2000 751 2235 785 l'Universite
2257 751 2301 785 de

434 821 548 862 Paris,
566 820 620 853 les
641 820 808 853 maistres
830 819 894 852 des
917 825 1107 863 requestes
1130 818 1174 850 de
1195 817 1314 850 l'ostel
1336 823 1371 850 et
1392 817 1458 850 des
1478 824 1655 862 comptes,
1672 817 1707 850 le
1728 824 1877 862 prevost
1897 817 1941 850 de
1962 818 2076 859 Paris,
2098 818 2131 851 le
2153 825 2301 863 prevost

432 887 497 919 des
518 886 720 927 marchans,
744 885 936 918 eschevins
958 891 993 918 et
1012 891 1134 917 autres
1156 883 1356 928 bourgeois
1377 883 1544 916 notables
1566 884 1610 917 de
1629 883 1662 917 la
1682 883 1767 917 ville
1789 884 1834 917 de
1854 884 1955 917 Paris
1975 884 2138 929 appellez
2159 891 2194 918 et
2218 896 2300 930 pre-

431 965 516 986 sens
537 956 554 986 a
575 965 614 986 55
636 953 690 985 155
711 963 932 997 procureurs
954 958 990 984 et
1009 951 1162 984 advocas
1184 951 1232 983 du
1260 962 1325 995 roy
1349 962 1395 983 en
1422 950 1625 995 parlement
1651 957 1686 983 et
1710 962 1756 983 ou
1778 950 1978 984 Chastellet
1998 951 2041 984 de
2068 951 2181 993 Paris,
2206 963 2299 996 pour

428 1020 529 1053 avoir
549 1020 650 1052 advis
672 1026 705 1051 et
726 1018 974 1051 deliberacion
996 1029 1060 1050 sur
1075 1030 1116 1050 ce
1138 1018 1199 1062 qui
1226 1017 1335 1050 estoit
1361 1019 1379 1050 a
1399 1017 1487 1050 faire
1513 1029 1606 1062 pour
1626 1018 1824 1062 pourveoir
1845 1030 1889 1050 au
1910 1017 1983 1050 bon
2007 1025 2298 1063 gouvernement

428 1094 460 1119 et
482 1089 500 1119 a
520 1086 551 1119 la
576 1086 692 1131 police
715 1086 758 1118 de
780 1085 889 1118 ladite
911 1084 997 1117 ville
1019 1084 1063 1117 de
1085 1084 1198 1125 Paris,
1222 1091 1257 1117 et
1277 1095 1370 1129 pour
1391 1084 1534 1117 sournir
1554 1091 1589 1117 et
1607 1084 1733 1129 garnir
1749 1096 1795 1117 ou
1815 1085 1904 1117 faire
1925 1085 2050 1130 garnir
2074 1084 2189 1130 ycelle
2210 1084 2296 1118 ville

427 1153 711 1186 souffisamment
733 1152 776 1184 de
798 1152 919 1185 vivres
941 1154 959 1184 a
980 1151 1055 1196 pris
1077 1157 1286 1196 competent
1306 1157 1341 1184 et
1365 1150 1611 1184 raisonnable.
1635 1152 1679 1184 Et
1707 1158 1810 1184 entre
1835 1158 1957 1184 autres
1978 1151 2124 1193 choses,
2150 1163 2195 1184 en
2221 1158 2297 1185 tant

427 1231 496 1264 que
518 1219 703 1263 regardoit
730 1218 763 1251 le
788 1219 849 1251 fait
870 1218 914 1250 de
940 1217 972 1250 la
993 1217 1246 1251 marchandise
1273 1217 1318 1250 de
1338 1217 1490 1259 busche,
1513 1218 1635 1251 furent
1664 1221 1813 1263 passees
1833 1225 1869 1251 et
1894 1218 2148 1251 commandeez
2168 1218 2295 1251 lettres

425 1286 527 1318 oudit
547 1284 686 1318 conseil
707 1285 882 1327 adrecans
900 1296 967 1317 aux
987 1296 1079 1330 gens
1097 1284 1162 1317 des
1179 1291 1358 1329 comptes,
1375 1296 1443 1317 aux
1463 1296 1649 1329 generaux
1665 1285 1816 1318 commis
1834 1296 1897 1318 sur
1912 1284 1947 1317 15
1968 1285 2031 1317 fait
2051 1285 2116 1318 des
2133 1284 2294 1318 finances

425 1352 468 1384 de
490 1364 529 1384 55
559 1363 742 1396 royaume,
770 1364 838 1384 aux
866 1351 1034 1384 maistres
1056 1351 1121 1384 des
1142 1363 1251 1384 eaues
1274 1358 1308 1384 et
1334 1351 1468 1384 sorests
1494 1351 1539 1384 de
1565 1351 1811 1397 Champaigne
1838 1358 1873 1384 et
1900 1351 1944 1384 de
1966 1351 2049 1384 Brie
2075 1363 2120 1384 ou
2149 1353 2166 1384 a
2193 1350 2293 1384 leurs

422 1419 639 1459 lieutenans,
663 1430 755 1463 pour
780 1418 917 1451 vendre
946 1430 991 1450 ou
1019 1418 1108 1451 faire
1134 1418 1271 1451 vendre
1298 1430 1362 1463 par
1386 1425 1469 1451 10115
1497 1418 1550 1451 155
1578 1418 1742 1451 verdiers
1764 1418 1925 1463 appellez
1947 1430 2037 1451 ceux
2057 1417 2145 1463 qu'il
2165 1429 2293 1463 appar-

422 1485 561 1526 tendra,
585 1493 640 1517 111c
664 1497 796 1530 arpens
824 1485 869 1517 de
897 1484 979 1518 bois
1006 1485 1050 1517 de
1071 1484 1258 1530 chauss‘age
1285 1487 1303 1518 a
1322 1497 1434 1530 coper
1455 1492 1489 1518 et
1513 1484 1635 1518 abatre
1657 1488 1696 1518 es
1721 1485 1856 1518 sorests
1884 1484 1931 1517 du
1959 1496 2036 1529 roy,
2065 1484 2109 1517 de
2138 1484 2290 1526 Bondis,

421 1554 526 1597 Laye,
550 1553 679 1585 Sonart
700 1559 734 1584 et
755 1552 994 1592 Pommerois,
1013 1558 1047 1584 et
1068 1558 1212 1584 austres
1234 1552 1316 1597 plus
1338 1551 1556 1597 prochaines
1576 1553 1710 1585 sorests
1732 1551 1776 1584 de
1797 1552 1912 1593 Paris7
1931 1563 1970 1584 se
1990 1551 2149 1596 besoing
2168 1551 2288 1592 estoit,

421 1631 511 1664 pour
532 1619 585 1651 155
608 1619 764 1663 prendre
782 1623 821 1651 05
842 1618 939 1651 lieux
961 1618 1043 1663 plus
1065 1619 1278 1663 proussstans
1302 1626 1337 1652 51
1362 1619 1480 1652 11101115
1502 1618 1775 1664 dommagables
1795 1618 1883 1651 hors
1904 1618 1958 1651 155
1978 1617 2120 1651 haultes
2141 1618 2289 1659 forests,

418 1698 509 1731 pour
528 1685 664 1730 ycelles
689 1692 816 1718 ventes
843 1686 887 1718 de
910 1685 958 1718 tel
987 1685 1138 1718 nombre
1165 1686 1333 1730 d’arpens
1359 1697 1429 1730 que
1451 1685 1665 1718 sembleroit
1685 1685 1880 1730 expedient
1905 1684 2048 1718 baillier
2072 1691 2105 1717 51
2132 1684 2291 1718 delivrer

418 1764 481 1797 par
501 1752 658 1785 marchio
680 1753 792 1785 forme
814 1755 832 1785 a
853 1752 1042 1785 marchans
1064 1752 1261 1793 solvables,
1289 1752 1449 1785 chascun
1476 1759 1605 1797 arpent
1632 1763 1725 1797 pour
1746 1752 1779 1784 le
1800 1752 1876 1797 pris
1902 1758 1937 1784 51
1964 1763 2101 1784 somme
2131 1751 2174 1784 de
2203 1750 2290 1796 huyt

416 1819 527 1852 livres
556 1819 721 1852 1011111015
750 1826 784 1852 51
811 1831 854 1852 au
881 1819 1053 1852 dessoulz
1069 1820 1226 1864 jusques
1250 1822 1268 1852 a
1294 1819 1349 1852 six
1369 1819 1482 1852 livres
1503 1819 1669 1852 tournois
1690 1831 1775 1852 sans
1795 1825 1896 1852 autre
1918 1818 2101 1859 enchiere‚
2125 1817 2288 1863 lesquelz

418 1886 606 1919 marchans
629 1893 754 1919 5510111
776 1893 882 1919 151111Ζ
904 1886 947 1918 (15
968 1886 1057 1918 faire
1073 1886 1242 1931 widenge
1260 1886 1304 1918 de
1325 1886 1422 1918 l'une
1444 1886 1557 1931 partie
1579 1885 1742 1919 desdites
1762 1892 1890 1919 ventes
1907 1885 2047 1918 dedens
2067 1884 2100 1917 la
2121 1884 2288 1918 Chande-

415 1953 495 1986 leur
519 1960 553 1985 ct
578 1953 622 1985 dc
648 1953 772 1985 l’autre
795 1953 909 1997 partie
937 1953 1078 1986 dedens
1107 1954 1268 1998 Pasques
1295 1965 1340 1986 ou
1369 1952 1636 1986 Penthecouste
1657 1952 1831 1998 prochain
1855 1958 1987 1985 venant
2073 1951 2287 1996 [Sequuntur

408 2019 519 2063 plura
536 2019 697 2052 conclusa
713 2018 754 2052 dc
773 2018 890 2053 eodem
912 2024 1015 2064 negot
1021 2020 1082 2059 io.]

506 2117 582 2140 Arch.
603 2120 656 2140 nat.
679 2116 774 2145 Paris.y
797 2117 843 2139 ΧΗ·
863 2117 933 2144 1480,
955 2117 999 2140 sol.
1021 2116 1087 2139 158⁶.
1103 2129 1134 2133 —
1149 2116 1270 2140 Dccemb.
1295 2117 1317 2146 1,
1340 2116 1414 2139 curia
1433 2116 1602 2148 parlamenti,
1617 2116 1650 2139 ad
1666 2116 1856 2139 consulendum
1877 2116 2107 2147 assistendumque
2125 2114 2285 2146 praepositis

412 2161 551 2191 ambobus,
567 2161 702 2192 praedicta
722 2161 863 2189 curaturis,
885 2169 954 2192 mag.
977 2161 1007 2184 G.
1028 2161 1059 2183 de
1077 2161 1180 2192 Celsoy,
1197 2161 1226 2185 G.
1243 2161 1274 2184 de
1295 2161 1369 2190 Bteze,
1386 2161 1416 2184 11,
1434 2161 1526 2192 Lecoq,
1547 2161 1570 2185 J.
1588 2160 1692 2190 Brillot,
1712 2161 1742 2183 Η.
1762 2161 1793 2184 de
1812 2160 1922 2184 Morueil
1942 2159 2074 2183 commisit
2097 2163 2122 2183 et
2148 2159 2286 2191 deputavit

411 2206 507 2235 (ibid.).
524 2206 563 2229 Cf.
578 2206 687 2229 TUETm·
705 2206 730 2228 in
745 2206 870 2230 Journal
884 2205 952 2229 d'un
970 2206 1123 2235 bouryeois,
1137 2214 1162 2236 p.
1180 2205 1233 2233 119,
1251 2208 1304 2228 not.
1319 2206 1342 2229 2.
1357 2219 1388 2223 —
1400 2205 1460 2229 Dec.
1475 2206 1505 2228 10
1520 2205 1695 2228 cancellarius
1711 2205 1837 2228 Franciae
1852 2205 1878 2228 in
1896 2205 2091 2236 parlamentum
2110 2207 2186 2227 vocnt
2200 2207 2283 2227 recto-

411 2258 466 2273 rem
482 2250 664 2281 notubilesque
682 2250 752 2273 viros
769 2250 955 2273 Universitutis
969 2258 1028 2273 511111
1042 2250 1179 2281 magistris
1194 2253 1376 2281 requestarum
1390 2253 1626 2281 computorumque
1639 2249 1761 2281 aliisque,
1778 2253 1806 2272 111
1818 2250 1931 2273 venditis
1947 2249 2106 2280 obligatisve
2121 2248 2198 2272 terris
2214 2248 2284 2280 regis

414 2295 442 2317 10
453 2296 498 2317 000
513 2294 596 2317 libras
612 2294 747 2318 inveniant
763 2294 848 2324 (ibid.‚
866 2295 910 2317 sol.
929 2295 992 2323 160).

413 2440 471 2475 21
483 2440 556 2476 19.
581 2449 714 2483 Magistri
729 2452 858 2483 regentes
875 2448 1029 2483 facultatis
1047 2448 1206 2474 medicinae
1225 2457 1271 2474 an.
1287 2449 1455 2475 1418-1419.
1473 2448 1613 2474 Absentes
1628 2451 1748 2484 propter
1760 2447 1974 2473 ambassiatam
1994 2448 2023 2472 in
2044 2447 2125 2472 curia
2141 2447 2280 2481 Romana,

502 2498 542 2523 vel
557 2498 706 2523 occasione
722 2498 867 2532 bellorum,
882 2501 946 2530 etc„
964 2501 1095 2532 regentes
1110 2501 1288 2533 reputantur,
1307 2497 1461 2523 dummodo
1477 2497 1513 2523 de
1528 2497 1679 2523 ordinaria
1697 2497 1725 2522 in
1741 2497 1840 2522 ordine
1855 2505 1907 2522 suo
1922 2497 2077 2532 disputent.

1617 2586 1689 2616 1478,
1705 2586 1821 2612 oecemb.
1837 2587 1862 2614 6,
1878 2586 1994 2612 Parisiis.

499 2675 604 2706 Anno
626 2675 770 2706 Domini
802 2676 851 2707 ΜΟ
863 2675 1000 2708 CCCC⁰
1024 2681 1151 2707 octavo
1178 2675 1332 2716 decimo,
1356 2681 1455 2707 sexta
1477 2673 1702 2715 Decembris,
1728 2674 1795 2706 suit
1821 2673 1971 2706 facultas
1992 2673 2172 2705 medicine
2193 2684 2280 2705 con-

413 2747 559 2784 gregata
590 2747 672 2785 post
703 2741 848 2773 missam
877 2741 1057 2774 facultatis
1094 2741 1137 2774 ad
1168 2741 1365 2775 videndum
1401 2753 1445 2774 an
1478 2741 1644 2786 magistri
1681 2740 1891 2786 proclamati
1923 2751 1987 2785 per
2016 2739 2200 2772 bedellum
2235 2739 2279 2772 ad

413 2806 606 2850 legendum
630 2807 811 2840 ordinarie
834 2807 1011 2841 deberent
1037 2820 1164 2841 omnes
1193 2808 1352 2853 reputari
1385 2814 1569 2854 regentes,
1597 2808 1680 2853 quia
1710 2807 1836 2853 plures
1868 2813 1971 2840 erant
2001 2805 2173 2839 absentes
2202 2812 2276 2839 tum

414 2879 562 2917 propter
578 2872 806 2906 ambaciatam
826 2874 862 2906 in
878 2875 976 2907 curia
994 2876 1165 2916 Romana,
1185 2882 1257 2907 tum
1280 2882 1429 2920 propter
1445 2875 1587 2920 aliquos
1605 2875 1861 2914 incarceratos,
1881 2880 1918 2906 ut
1938 2879 2022 2918 puta
2039 2872 2083 2905 de
2102 2873 2276 2918 magistro

536 2931 575 2953 45.
