2502 3418
377 324 441 357 262
956 335 1273 356 CHARTULARIUM
1309 334 1499 356 UNIVERS.
1539 335 1666 356 [unis.
2151 321 2251 357 [1413

376 408 441 431 Cum
451 409 579 431 Martinus
588 409 666 432 Pore'e
681 409 725 433 fol.
736 409 793 432 '180¹‘
807 410 893 432 solum
902 409 1030 432 Jacobum
1042 409 1160 432 Textoris
1170 409 1237 432 inter
1249 411 1344 432 fratres
1356 409 1469 432 Minores
1484 409 1601 432 Concilio
1617 408 1812 432 Constantiensi
1829 411 1981 439 praesentes
1991 395 2120 431 nomine«
2133 408 2226 431 Jacobi
2238 416 2250 431 ι

377 453 478 478 afferat.
495 454 559 476 illud
576 453 674 476 dictum
690 457 730 477 est
741 454 833 476 Jacobi
849 454 978 482 Textoris,
995 454 1116 485 quamvis
1135 454 1221 477 solum
1237 462 1279 477 un.
1297 454 1355 476 1422
1372 453 1494 484 magistri
1509 453 1581 477 sueti.

471 525 493 549 1.
518 526 571 548 Hae
586 525 789 556 propositiones,
807 525 964 556 praesertim
986 526 1083 556 prima,
1100 534 1114 548 a
1133 526 1193 548 Joh.
1217 525 1333 549 Gersone
1353 525 1460 547 minime
1476 525 1559 555 probe
1576 533 1605 547 ex
1625 525 1744 548 oratione
1763 524 1893 547 Johannis
1913 523 1991 547 Parvi
2012 527 2144 547 extractae
2166 527 2251 548 erant.

379 569 556 593 Nihilominus
571 570 769 593 fundumentum
785 570 963 601 praebuerunt
978 578 1026 601 pro
1043 570 1208 593 discussione
1226 570 1251 592 in
1265 569 1381 592 Concilio
1395 569 1456 592 fidei
1473 568 1559 592 Paris.
1573 577 1587 591 a
1600 569 1728 592 Novemb.
1745 570 1774 591 30
1786 576 1871 599 usque
1886 568 1919 591 ad
1937 576 1980 592 an.
1997 568 2067 597 1414,
2080 568 2140 591 Jan.
2156 570 2179 592 5.
2193 568 2251 592 Vid.

378 622 422 637 eas
436 614 505 637 infra
520 618 548 637 n⁰
564 614 637 642 199ος
654 618 715 637 sunt
730 614 799 637 enim
812 614 927 639 eaedem.
942 627 973 632 —
988 613 1010 638 2.
1028 615 1063 637 De
1080 622 1131 645 qua
1146 622 1227 644 supra
1243 618 1272 636 n⁰
1287 614 1356 637 1849.

383 765 522 802 1989.
552 773 725 799 Universitas
740 773 896 798 Johannem
914 774 1063 798 Get-sonem
1078 775 1195 807 propter
1210 771 1368 797 orationem
1389 774 1503 804 gratum
1525 770 1629 803 halam·
1649 771 1782 796 nationes
1803 772 1944 796 Franciae
1967 775 1994 796 et
2012 770 2204 797 Alemanniae
2225 775 2252 797 et

466 822 596 856 facultas
614 822 774 848 medicinae
793 821 962 855 facultatem
983 820 1145 855 theologiae
1164 829 1216 855 pet·
1235 823 1371 845 rectorem
1393 820 1551 855 requirunt,
1571 823 1601 845 ut
1617 820 1657 845 ad
1678 820 1942 846 condemnationem
1959 819 2110 846 haeresum
2127 820 2156 846 in
2171 820 2251 846 dicta

465 872 594 897 oratione
606 875 747 896 tactarum
765 870 909 903 intendat,-
924 869 1053 904 facultas
1069 869 1230 903 theologiae
1246 868 1343 894 omnia
1358 868 1438 894 dicta
1455 869 1483 894 in
1500 868 1630 894 oratione
1649 869 1782 894 Gersonis
1798 869 1951 905 approbat.

1572 941 1643 970 1413,
1661 940 1791 973 Septemb.
1809 941 1833 970 6,
1851 941 1965 967 Parisiis.

468 1015 507 1045 ln
530 1014 673 1045 nomine
697 1012 839 1044 Domini
861 1024 977 1044 amen.
1000 1013 1068 1043 Per
1083 1022 1236 1056 presens
1258 1010 1443 1055 publicum
1466 1011 1747 1043 instrumentum
1765 1011 1904 1044 cunctis
1926 1018 2043 1056 pateat
2063 1011 2252 1044 evidenter

379 1087 414 1113 et
443 1081 485 1113 sit
518 1087 659 1119 notum,
689 1079 786 1123 quod
819 1091 912 1111 anno
949 1078 1112 1122 ejusdem
1152 1077 1296 1109 Domini
1327 1077 1522 1110 millesimo
1553 1078 1915 1123 quadringentesimo
1949 1079 2089 1111 decimo
2122 1079 2249 1120 tercio,

378 1148 514 1180 mensis
537 1146 759 1190 Septembris
781 1146 838 1178 (110
861 1152 971 1185 sexta,
995 1145 1192 1177 indictione
1214 1151 1326 1186 sexta,
1349 1144 1579 1189 pontificatus
1606 1145 1825 1178 sanctissimi
1854 1145 1890 1177 in
1912 1145 2057 1179 Christo
2079 1145 2191 1190 patris
2211 1157 2250 1178 ac

379 1214 514 1247 domini
543 1213 669 1253 nostrl,
694 1213 830 1245 domini
857 1211 1032 1244 Johannis
1062 1211 1182 1244 divina
1215 1211 1449 1256 providencia
1483 1224 1573 1256 pape
1602 1212 1765 1244 vicesimi
1799 1212 1900 1244 tercii
1928 1224 2022 1245 anno
2051 1218 2190 1257 quarto,
2214 1212 2251 1244 in

378 1281 484 1313 domo
502 1280 757 1324 religiosorum
777 1279 894 1312 Sancti
917 1278 1092 1311 Bernardi
1115 1278 1150 1310 in
1167 1278 1459 1323 congregacione
1482 1278 1644 1323 generali
1667 1279 1702 1310 in
1724 1278 1804 1311 loco
1822 1285 1997 1312 consueto
2019 1285 2168 1323 propter
2183 1278 2251 1312 hoc

378 1347 584 1392 specialiter
604 1353 835 1391 congregata,
859 1358 901 1378 ex
923 1345 1192 1378 deliberacione
1213 1345 1418 1378 facultatum
1443 1345 1534 1378 alme
1557 1346 1812 1379 Universitatis
1840 1346 2069 1384 Parisiensis,
2092 1346 2159 1378 fuit
2184 1345 2252 1378 ibi-

378 1415 457 1447 dem
481 1414 691 1447 conclusum
714 1425 779 1458 per
799 1413 1011 1458 magistrum
1033 1412 1231 1445 Johannem
1255 1412 1299 1444 de
1322 1412 1566 1445 Monteleonis
1588 1419 1672 1445 tunc
1694 1419 1884 1453 rectorem,
1908 1413 2006 1457 quod
2027 1413 2063 1444 in
2085 1419 2121 1445 et
2141 1424 2252 1457 super

378 1481 627 1526 propositione
648 1481 737 1513 saeta
758 1480 794 1512 in
816 1479 952 1524 palacio
975 1479 1076 1524 regio
1098 1479 1134 1511 in
1156 1479 1236 1511 loco
1258 1478 1320 1511 illo
1343 1479 1403 1523 qui
1426 1479 1683 1524 Conciergeria
1705 1479 1848 1520 dicitur,
1872 1479 2002 1512 subtus
2023 1479 2191 1524 galerius,
2214 1480 2251 1512 in

377 1554 573 1592 conspectu
592 1547 728 1580 domini
750 1547 865 1579 nostri
887 1547 986 1591 regis
1004 1546 1164 1587 Francie,
1184 1546 1322 1578 domini
1338 1546 1553 1590 Acquitanie
1571 1547 1650 1591 ejus
1672 1546 1919 1591 primogeniti,
1938 1546 2250 1591 plurimorumque

377 1615 604 1648 dominorum
629 1615 759 1646 ducum
778 1620 813 1646 et
828 1614 998 1646 comitum
1017 1613 1060 1645 de
1078 1613 1180 1658 regio
1198 1613 1376 1658 sanguine
1394 1612 1659 1658 nobiliumque,
1677 1613 1765 1646 cleri
1787 1620 1822 1646 et
1837 1613 1961 1658 populi
1979 1613 2133 1646 civitatis
2153 1613 2251 1646 Pari-

379 1682 512 1714 siensis
534 1694 598 1726 per
618 1680 862 1714 venerabilem
885 1687 917 1713 et
939 1692 1069 1725 magne
1090 1679 1290 1712 litterature
1312 1680 1428 1713 virum
1450 1680 1664 1725 magistrum
1690 1680 1888 1713 Johannem
1912 1680 1956 1712 de
1983 1680 2190 1721 Gersonno,
2214 1680 2251 1712 in

379 1761 477 1782 sacra
495 1748 676 1793 theologia
700 1748 943 1793 professorem
962 1754 997 1780 et
1013 1747 1167 1780 ecclesie
1189 1747 1407 1779 Parisiensis
1424 1747 1692 1788 cancellarium,
1712 1747 1769 1779 die
1787 1753 1910 1791 quarta
1928 1747 2091 1791 ejusdem
2113 1747 2251 1780 mensis

378 1815 601 1861 Septembris
623 1815 785 1859 ejusdem
807 1815 903 1855 anni,
928 1814 1024 1859 quod
1053 1815 1131 1858 ipsa
1152 1814 1399 1847 Universitas¹
1423 1813 1531 1846 habet
1558 1814 1676 1859 ipsum
1699 1821 1853 1859 gratum,
1877 1820 2004 1855 ratum,
2028 1826 2251 1847 recomman-

377 1883 496 1916 datum
519 1889 554 1915 ct
578 1883 781 1921 advoatum,
806 1888 913 1925 prout
939 1888 972 1913 01
1003 1881 1172 1913 concludi
1203 1880 1371 1913 debebat.
1404 1882 1448 1913 Et
1479 1881 1515 1913 in
1546 1881 1623 1925 ipsa
1652 1881 1942 1926 congregacione
1971 1893 2082 1925 super
2109 1880 2189 1922 hoc,
2213 1887 2253 1914 ut

377 1950 510 1983 dictum
533 1956 599 1990 est,
623 1949 829 1993 specialiter
849 1947 1040 1989 celebrata,
1065 1960 1129 1992 per
1150 1948 1322 1980 naciones
1351 1948 1500 1980 Francie
1523 1954 1558 1980 et
1577 1947 1741 1980 Almanie
1770 1948 1838 1980 suit
1866 1948 1961 1980 idem
1990 1954 2108 1980 rector
2129 1948 2250 1992 requi-

377 2018 481 2057 situs,
505 2028 571 2049 nec
593 2016 713 2048 minus
734 2028 799 2060 per
818 2015 1019 2048 facultatem
1043 2015 1236 2055 medicine,
1260 2015 1355 2059 quod
1388 2027 1499 2060 super
1524 2015 1706 2060 requestis
1728 2027 1794 2059 per
1818 2015 1937 2059 ipsum
1959 2015 2144 2047 dominum
2166 2027 2250 2048 can-

376 2084 560 2117 cellarium
584 2083 698 2123 factis,
721 2083 758 2114 in
780 2083 856 2126 ipsa
878 2082 1001 2114 eadem
1024 2082 1316 2126 congregacione
1339 2094 1404 2114 sue
1425 2082 1529 2114 matri
1545 2082 1780 2115 Universitati
1801 2081 1977 2126 prelibate
1993 2082 2250 2128 1110113,Γοᾳυί-

376 2157 517 2183 reretur
542 2149 690 2182 facultas
718 2149 902 2194 theologie
932 2149 1206 2189 instantissime,
1230 2155 1269 2180 ut
1288 2149 1331 2181 ad
1353 2149 1634 2193 extirpacionem
1655 2148 1825 2181 heresum
1847 2148 1998 2181 maxime
2020 2154 2189 2181 laetarum
2212 2149 2249 2181 in

376 2217 549 2263 prelibata
571 2208 828 2261 proposicione
849 2216 1062 2256 attenderet,
1082 2222 1189 2259 prout
1209 2215 1352 2248 easdem
1376 2222 1562 2248 notaverat
1582 2216 1678 2248 idem
1696 2216 1865 2248 dominus
1887 2215 2124 2248 cancellarius
2145 2216 2248 2248 extir-

378 2285 529 2329 pandas3
553 2285 704 2328 insuper
724 2290 759 2316 et
779 2295 822 2315 ex
843 2282 1065 2315 habundanti
1087 2282 1285 2326 requisitus
1313 2294 1376 2326 per
1396 2283 1600 2315 facultatem
1622 2282 1818 2327 theologie,
1843 2289 1881 2315 ut
1905 2283 2021 2327 ipsius
2043 2282 2249 2315 conclusio-

377 2363 457 2384 nem
480 2352 516 2383 in
538 2351 683 2395 scriptis
704 2350 943 2395 redigerem2,
966 2361 1030 2394 per
1051 2349 1165 2394 ipsam
1187 2348 1389 2381 facultatem
1419 2350 1455 2381 in
1484 2349 1631 2382 modum
1662 2350 1723 2394 qui
1754 2349 1919 2394 sequitur
1939 2349 2007 2382 fuit
2035 2348 2247 2381 conclusum

377 2430 487 2462 super
507 2417 763 2462 proposicione
788 2417 877 2449 facta
908 2428 973 2460 per
993 2416 1178 2448 dominum
1201 2415 1454 2448 cancellarium
1487 2417 1594 2448 Beate
1625 2416 1736 2449 Marie
1768 2416 1984 2448 Parisiensis
2012 2428 2131 2448 coram
2160 2427 2247 2461 rege

377 2485 536 2517 Parisius
558 2485 594 2517 in
615 2484 695 2517 loco
718 2484 888 2528 superius
910 2489 1120 2528 expressato
1144 2494 1151 2515 ε

465 2551 650 2584 Deliberat
669 2550 843 2595 prelibata
864 2550 1013 2582 facultas
1035 2550 1154 2582 omnia
1176 2550 1268 2582 dicta
1290 2549 1326 2581 in
1348 2549 1441 2582 dicta
1469 2550 1725 2594 proposieione
1748 2561 1829 2582 esse
1851 2555 1971 2582 sancta
1997 2555 2032 2581 et
2059 2548 2244 2589 catholica,

377 2625 412 2650 et
432 2618 525 2650 illam
549 2618 841 2663 proposicionem
863 2623 970 2649 totam
993 2616 1121 2650 advoat
1141 2623 1176 2648 et
1196 2616 1288 2649 dicta
1310 2617 1346 2648 in
1368 2616 1456 2660 ipsa,
1480 2617 1635 2661 facitque
1658 2628 1696 2649 se
1719 2623 1854 2661 partem
1876 2627 2017 2648 exnunc
2038 2621 2073 2647 et
2093 2615 2129 2647 in
2154 2616 2248 2648 sutu-

379 2697 455 2717 rum
474 2692 595 2717 contra
618 2696 855 2729 quoscunque
877 2684 1011 2716 dictum
1034 2683 1220 2716 dominum
1241 2683 1492 2716 cancellarium
1516 2683 1709 2715 molestare
1726 2683 1904 2724 volentes,
1923 2682 2058 2715 directe
2074 2681 2131 2715 vel
2152 2682 2247 2715 indi-

378 2759 486 2792 recte,
510 2752 699 2784 occasione
721 2752 814 2784 dicte
836 2751 1105 2796 proposicionis
1126 2750 1183 2783 vel
1204 2750 1407 2795 aliquorum
1430 2750 1607 2782 dictorum
1630 2750 1666 2782 in
1694 2750 1784 2794 ipsa,
1807 2750 1843 2782 in
1866 2760 2082 2794 quocunque
2105 2749 2245 2793 judicio

378 2819 433 2851 vel
456 2825 551 2850 extra
573 2830 638 2862 pro
660 2818 754 2850 dicto
772 2818 919 2850 domino
936 2817 1151 2850 cancellario
1173 2817 1216 2849 ad
1237 2817 1355 2862 ipsum
1377 2817 1550 2849 tuendum
1573 2823 1607 2849 et
1627 2816 1893 2862 protegendum
1914 2822 2092 2860 tamquam
2113 2815 2245 2848 factum

379 2885 577 2930 proprium.
