2502 3418
387 333 452 365 334
957 341 1285 364 cnanrurmuum
1323 340 1513 362 umvaas.
1552 340 1680 361 rmus.
2157 327 2257 364 [1418

476 418 542 443 Dec.
572 419 613 451 25,
641 417 721 453 apud
744 426 836 451 regem
863 417 970 443 veniam
988 425 1042 452 pro
1067 415 1254 442 Remensihus
1275 415 1465 451 impetrarunt
1489 418 1516 440 et
1536 414 1728 441 obtinuerunt.
1751 415 1862 449 Escript
1881 423 1918 442 en
1933 417 2031 442 nostre
2045 415 2257 449 congregacion

475 467 609 500 generale
623 465 748 493 celebree
763 465 779 492 a
796 466 873 492 Paris
885 464 900 492 a
917 466 998 492 Saint
1012 465 1139 492 Maturin
1157 465 1183 492 le
1194 463 1333 498 septieme
1344 464 1414 497 jour
1428 464 1464 490 de
1476 463 1592 490 Janvier
1611 463 1689 498 1417.
1706 473 1719 487 «
1730 464 1797 490 Tres
1814 464 1909 491 chiers
1928 466 1957 491 et
1972 464 2045 491 bons
2059 464 2142 491 amis.
2158 464 2257 491 Nostre

475 517 548 542 estat
564 525 589 542 n.

1596 558 1670 588 7478,
1687 558 1804 584 danum-ii
1819 558 1842 587 7,
1855 558 1970 584 Parisiis.

480 648 605 672 Journal
617 648 734 678 ye'ne'ral
748 649 781 671 de
795 647 991 672 z'Instruction
1003 647 1138 677 publique
1151 646 1242 675 (1855),
1260 654 1286 676 p.
1303 646 1358 669 679.
1373 658 1404 663 -
1419 645 1567 675 Jouammv,
1583 649 1613 667 n⁰
1628 645 1698 668 1140.

481 732 505 757 1.
523 733 570 756 An.
594 732 655 755 1416
676 732 728 755 dux
743 731 914 762 Burgundiae
929 731 1020 762 plures
1039 730 1169 759 civitates,
1186 730 1254 752 inter
1274 737 1339 760 quas
1361 729 1453 752 urbem
1468 729 1632 758 Remensem,
1649 728 1745 752 litteris
1764 728 1918 760 putentibus
1933 736 1981 760 per
1991 728 2096 752 nuntios
2117 728 2179 752 hinc
2197 728 2258 752 indo

387 777 482 801 delatis
503 777 554 800 sibi
568 776 710 805 alliciebat,
728 776 846 799 scribens
862 778 953 798 contra
975 774 1151 806 nequissimos
1174 774 1375 804 gubernatores,
1391 776 1417 796 et
1436 772 1588 796 civitatibus
1604 773 1762 804 promittens
1777 772 1971 796 immunitatem
1990 773 2024 796 ab
2038 773 2110 796 omni
2124 773 2258 798 exactione

388 822 498 853 gabelae
517 825 542 844 et
557 821 764 852 impositionum,
781 824 828 844 etc.
845 819 906 843 Rez.
922 821 955 843 de
971 819 1169 849 Saint-Denys.
1187 819 1229 846 VI,
1244 819 1282 847 74,
1299 818 1336 840 78.
1354 818 1476 846 ΜΑκιοτ,
1493 817 1565 842 Hist.
1587 818 1620 842 de
1636 817 1665 842 Ζιι
1677 817 1750 846 ville,
1767 817 1823 842 cite'
1834 821 1859 842 et
1880 817 2034 842 Universite'
2046 819 2080 842 de
2092 817 2196 847 Reims,
2215 817 2270 847 lv..

388 875 415 897 p.
432 866 486 889 164.

390 997 533 1034 2092.
555 1005 698 1031 Johannes
714 1004 860 1038 Adimare,
876 1003 996 1030 Pontius
1012 1003 1156 1036 Simoneti,
1173 1002 1319 1028 Johannes
1333 1002 1434 1037 Suioti,
1451 1001 1614 1028 Anthonius
1630 1002 1666 1028 de
1681 1003 1786 1036 Lauco,
1801 1001 1925 1028 Iacobus
1938 1003 2076 1038 Bospara,
2092 1001 2258 1028 Dominicus

477 1055 513 1081 de
533 1054 670 1087 Clzaillon,
688 1053 864 1080 Eustachius
880 1052 1002 1087 Minillo,
1023 1051 1190 1078 Guillelmus
1205 1052 1316 1086 Ειιννίε,
1338 1051 1506 1077 Guillelmus
1522 1050 1587 1077 Bloc
1603 1054 1631 1077 et
1646 1050 1776 1077 Mathias
1791 1050 1892 1076 Jacobi
1907 1050 1943 1076 de
1956 1050 2158 1078 Moneloedam·
2176 1059 2192 1076 ‹
2205 1059 2258 1086 pro

475 1108 559 1140 parte
571 1103 662 1129 studii
672 1103 830 1128 Parisiens.
844 1102 884 1128 ad
895 1101 990 1128 sedem
1007 1101 1197 1137 apostolicam
1209 1100 1349 1126 destinati
1360 1109 1375 1127 »
1386 1103 1488 1135 petunt
1503 1104 1533 1126 ut
1545 1100 1676 1126 omnibus
1690 1103 1718 1126 et
1730 1099 1854 1134 singulis
1865 1099 2087 1136 praerogativis,
2097 1099 2258 1136 privilegiis

477 1156 504 1178 et
519 1161 534 1178 ‹
549 1151 776 1178 antelationibus
790 1160 805 1177 »
822 1151 909 1177 etiam
924 1154 1055 1187 respecta
1069 1150 1158 1176 datae
1176 1150 1218 1175 uti
1233 1153 1261 1175 et
1274 1149 1403 1184 gaudere
1420 1149 1534 1185 possint
1556 1153 1583 1175 et
1603 1149 1728 1175 debeant
1746 1158 1808 1174 cum
1830 1148 1978 1183 magistris
1999 1149 2028 1174 in
2047 1147 2140 1175 rotulo
2160 1148 2258 1175 dictae

482 1201 680 1227 Universitatis
702 1200 841 1226 contentis
861 1203 888 1226 et
907 1199 1033 1225 Parisiis
1055 1199 1248 1225 residentibus
1268 1202 1320 1224 aut
1344 1207 1415 1234 quos
1431 1198 1606 1224 Universitas
1626 1201 1796 1234 praesentes
1817 1201 1942 1234 reputat.
1964 1198 2074 1226 Datum
2089 1197 2258 1225 Constantia

477 1251 524 1284 viij
546 1251 602 1276 kal.
621 1250 780 1279 Februarii,
796 1258 844 1276 an.
864 1254 900 1275 1⁰.
919 1259 933 1274 (ι
947 1249 1024 1275 Cum
1039 1248 1198 1275 sanctitatis
1213 1250 1305 1275 vestre
1322 1257 1348 1274 ».

1519 1297 1588 1326 1418,
1599 1297 1719 1323 danum-1¹1¹
1730 1297 1778 1326 25,
1795 1297 1970 1324 Constantino.

483 1348 544 1379 neg.
562 1348 656 1379 Suppl.
673 1348 749 1371 Mart.
767 1347 795 1376 V,
813 1351 840 1370 11ο
854 1347 908 1375 1011,
927 1346 972 1370 sol.
988 1346 1055 1369 290b.

481 1432 505 1457 1.
521 1432 571 1460 Qui
589 1432 637 1456 suit
651 1432 771 1455 hedenus
787 1434 841 1455 nat.
855 1431 959 1463 Angiic.

388 1569 532 1607 2093.
555 1578 675 1604 Botulus
685 1578 798 1614 primus
811 1586 862 1603 seu
869 1576 1043 1613 principalis
1060 1575 1259 1602 Universitatis
1275 1575 1370 1601 Paris.
1388 1574 1428 1601 ad
1442 1575 1600 1601 Martinam
1618 1574 1753 1601 Vmissus
1769 1583 1787 1600 a
1799 1582 1883 1612 papa
1894 1574 1947 1600 sub
1963 1582 1978 1600 ‹
1993 1574 2018 1600 ἰν
2032 1573 2089 1600 kal.
2107 1572 2261 1600 Februarii

475 1636 551 1653 anno
565 1627 657 1663 primo
674 1636 689 1653 ›
704 1627 846 1661 signatur.

1513 1674 1583 1702 1418.
1600 1673 1717 1699 danuvii
1730 1674 1776 1703 28,
1795 1673 1972 1705 Constantine,

482 1766 565 1796 Saepe
580 1765 607 1788 in
622 1764 742 1796 epistolis
758 1763 863 1787 Martini
880 1764 900 1786 V
913 1766 938 1786 et
952 1763 1061 1794 Eugenii
1078 1763 1110 1786 [V
1125 1762 1203 1793 hujus
1220 1762 1282 1785 sacti
1296 1761 1394 1785 mentio
1409 1761 1446 1786 fit.
1464 1762 1502 1785 Ab
1517 1761 1566 1784 hoe
1581 1761 1668 1785 rotulo
1683 1760 1891 1792 distinguendus
1907 1763 1946 1784 est
1961 1760 2064 1783 rotulus
2080 1759 2168 1783 minu!
2183 1758 2260 1791 prin-

388 1810 482 1841 cipalis
498 1818 540 1833 nn.
557 1810 627 1837 1419,
643 1812 669 1832 et
683 1809 716 1831 ab
731 1808 780 1831 hoc
796 1808 899 1831 rotulus
916 1808 1070 1831 «secundus
1086 1806 1243 1839 principalis
1257 1815 1269 1829 1)
1286 1814 1327 1830 nn.
1345 1807 1415 1829 1424.

391 1976 535 2014 2094,
558 1984 713 2011 Licentiati
726 1984 754 2010 in
768 1984 913 2019 facultate
926 1983 1112 2010 decretorum.

1634 2024 1705 2054 1418.
1721 2023 1916 2050 dannan-febr.
1933 2023 1974 2050 10.

480 2117 665 2161 Inceptum
688 2115 755 2148 suit
775 2127 924 2148 examen
946 2114 1092 2148 licentie
1109 2126 1203 2147 anno
1223 2114 1368 2147 Domini
1384 2112 1580 2147 millesimo
1597 2112 1759 2146 CCCC¹¹¹⁰
1770 2113 1889 2145 XV110
1906 2112 1943 2144 in
1959 2122 2084 2144 mense
2099 2109 2261 2144 Januarii

391 2191 426 2217 et
445 2183 613 2228 sequitur
633 2182 722 2215 ordo
744 2176 1029 2215 bac'halariorum
1055 2181 1298 2215 admissorum
1323 2180 1368 2214 ad
1394 2180 1577 2213 licentiam
1604 2180 1685 2224 ipso
1707 2191 1813 2219 311110,
1836 2178 2014 2212 existente
2034 2177 2172 2212 decano
2193 2178 2260 2211 Ra-

391 2249 527 2295 dulpho
550 2249 747 2291 Rousselli‚
765 2256 800 2282 et
819 2249 887 2282 fuit
906 2249 996 2282 ordo
1016 2249 1224 2294 assignatus
1241 2249 1279 2282 3²
1294 2247 1352 2280 die
1377 2246 1575 2280 Februarii.
1598 2247 1642 2279 Et
1662 2246 1778 2290 primo

479 2359 659 2385 Guillermus
674 2359 782 2389 Jacobi,
1105 2356 1160 2385 sub
1175 2356 1298 2383 domino
1333 2355 1438 2381 abbate
1453 2354 1480 2380 S.
1498 2354 1575 2380 Petri
1587 2352 1783 2382 Carnotensis‚
1801 2352 1900 2386 Steph.
1919 2352 2040 2378 Baillivi.
2091 2345 2094 2350 ⁵

480 2408 634 2441 Dyonisius
649 2408 810 2437 Gastinelli,
1335 2404 1439 2430 abbate
1453 2403 1489 2430 de
1502 2403 1604 2432 Cruce.
1618 2403 1645 2429 le
1661 2403 1754 2429 Roux.

480 2457 642 2483 Alexander
656 2457 692 2483 de
705 2456 868 2485 Lawedre¹,
1337 2453 1496 2487 Reginaldo
1511 2453 1614 2479 Crassi.

480 2506 495 2531 J
498 2506 628 2532 ohannes
642 2506 764 2534 Richon.
1337 2502 1497 2537 Reginaldo
1512 2501 1613 2528 Crassi.

480 2555 608 2581 Andreas
622 2555 658 2580 de
673 2555 783 2583 Uxello.
1337 2552 1441 2578 abbate
1453 2551 1489 2578 de
1505 2551 1605 2577 Cruce.

481 2603 628 2628 Johannes
644 2603 761 2631 Basseti.
1338 2600 1494 2634 Radulpho
1509 2599 1659 2626 Rousselli.

1338 2647 1479 2674 Warnero
1494 2648 1609 2681 Barrey.

1338 2696 1448 2723 Herveo
1461 2696 1635 2722 Pouchardi.

1338 2746 1441 2772 abbate
1455 2746 1491 2772 de
1504 2745 1604 2772 Cruce.

1339 2794 1488 2821 Leonardo
1500 2794 1536 2820 de
1548 2795 1680 2821 Passano.

1338 2844 1474 2871 Johanne
1487 2843 1618 2870 Guerini.

1338 2895 1442 2921 abbate
1458 2893 1484 2920 S.
1505 2893 1640 2927 Crispini,
1656 2891 1818 2919 Servavilla.

480 2652 638 2677 Warnerus
653 2652 821 2680 Brekewelt.

482 2700 646 2734 Stephanus
658 2701 694 2727 de
706 2701 858 2734 Montyon,

483 2749 647 2782 Stephanus
661 2750 687 2775 le
700 2749 770 2783 Gay.

482 2798 579 2823 Frater
594 2798 741 2824 Johannes
755 2798 791 2824 de
806 2798 949 2827 Nantolio,

484 2846 604 2872 Michael
618 2847 654 2873 de
669 2847 820 2880 CresneyO.

485 2895 582 2921 Frater
597 2896 770 2929 Radulphus
784 2896 907 2922 Huberti
