2502 3418
384 332 448 365 440
962 343 1285 366 CHARTULARHJM
1317 342 1506 365 usivizns.
1544 342 1674 364 PAms.
2152 326 2252 368 [1425

383 417 475 449 infra
500 416 596 462 quod
617 416 715 450 licite
737 418 880 462 possint
905 430 1025 451 earum
1051 430 1246 464 procurare
1267 417 1531 450 confectionem
1559 429 1632 450 non
1656 414 1887 449 obstantibus
1911 414 2045 448 vestris
2066 413 2251 459 prioribus

385 483 691 517 ordinationibus.

472 551 640 583 Preterea
661 558 893 596 augmentum
918 552 1034 585 nostri
1059 552 1171 585 studii
1194 552 1302 597 pleno
1327 551 1512 584 desiderio
1534 551 1576 584 ad
1604 550 1863 583 exaltacionem
1884 549 1970 582 fidei
1991 555 2027 582 et
2050 548 2250 594 apostolice

382 617 484 650 sedis
511 611 686 650 honorem
717 630 780 662 pro
808 625 931 651 nostra
959 619 1167 664 integritate
1190 625 1345 652 vestram
1373 624 1555 663 coguntur
1580 629 1685 650 orare
1712 616 1951 656 sanctitatem,
1974 623 2020 657 et,
2039 627 2091 667 ne
2106 616 2250 662 dissid-ii

381 685 460 729 ejus
491 696 598 717 causa
627 684 832 729 prebeatur,
861 685 992 718 devoto
1021 686 1150 719 affectu
1183 685 1371 718 humiliter
1400 684 1552 730 precari.
1578 685 1637 717 Sat
1667 684 1765 729 passi
1794 695 1934 724 sumus,
1967 695 2077 728 supra
2103 683 2248 716 modum

381 751 512 796 sparsi,
537 758 572 783 et
592 751 689 796 quod
710 751 878 784 dolenter
894 752 1100 793 referiinus,
1124 765 1140 785 a
1162 753 1277 785 veteri
1295 752 1412 797 gloria
1433 758 1570 792 nostra,
1592 763 1673 796 ymo
1694 757 1827 791 vestra,
1849 750 2041 783 imminuti.
2065 750 2249 795 Reliquias

381 824 524 851 nostras
550 818 593 850 ad
622 819 815 850 Romanam
842 818 976 851 curiam
1009 819 1177 852 evocacio
1203 831 1454 864 novorumque
1481 818 1684 851 studiorum
1713 818 1849 851 creatio
1882 824 2058 863 temptant
2085 817 2249 851 funditus

380 892 556 918 evertere.
580 886 714 929 Nempe
739 885 937 918 infirmitati
960 898 1050 919 nova
1072 886 1228 931 placent,
1253 886 1296 919 ad
1325 886 1484 919 recentia
1510 885 1680 919 ardenter
1702 885 1873 919 curritur.
1904 885 1982 918 Hiis
2005 884 2143 919 morbis
2167 878 2248 918 subss

379 952 512 992 venite,
536 958 636 996 pater
652 958 789 992 sancte,
811 952 930 984 dando
952 952 1059 986 nobis
1077 965 1141 998 pro
1159 953 1329 986 omnibus
1347 953 1468 986 causis
1483 953 1673 998 signanter
1689 952 2138 997 beneficialibusjudicem
2157 953 2247 986 iufra

381 1031 504 1051 muros
524 1018 762 1059 parisienses,
782 1019 914 1051 nedum
938 1031 1002 1064 pro
1026 1020 1138 1064 prima
1160 1021 1350 1061 instancia,
1369 1020 1434 1053 sed
1455 1032 1520 1065 pro
1542 1019 1726 1062 omnibus,
1745 1020 2050 1065 quemadmodum
2073 1026 2112 1052 ut
2132 1019 2247 1053 relatu

378 1085 572 1118 didicimus
590 1097 684 1118 novo
707 1085 857 1118 Dolensi
880 1086 1021 1119 studio³
1040 1087 1291 1120 concessistis.
1315 1088 1441 1132 Neque
1462 1099 1559 1120 mare
1580 1087 1648 1120 hoc
1671 1087 1871 1132 spatiosum
1895 1087 2113 1120 Parisiensis
2135 1087 2248 1120 studii

379 1164 554 1186 novorum
577 1152 780 1185 studiorum
808 1153 1027 1186 fundacione
1054 1154 1208 1187 ulterius
1236 1154 1272 1187 in
1300 1154 1451 1195 rivulos,
1478 1154 1549 1187 cito
1577 1155 1744 1188 fortassis
1768 1155 1981 1195 siccaturos,
2005 1154 2097 1187 ultra
2123 1154 2248 1199 partiri

378 1220 517 1253 sinatis.
540 1221 583 1252 Et
603 1231 683 1252 cum
705 1219 873 1253 nationes
889 1221 1052 1265 gentium
1074 1221 1234 1254 viderint
1254 1221 1418 1255 instituta
1438 1228 1558 1255 vestra
1580 1222 1710 1263 teneri,
1733 1233 1853 1267 neque
1874 1221 1947 1255 ulla
1967 1234 2089 1267 prece,
2112 1221 2248 1267 impor-

378 1287 529 1319 tunitate
549 1293 607 1319 aut
631 1286 715 1319 dolo
739 1286 842 1332 leges
863 1294 1003 1321 vestras
1025 1295 1060 1321 et
1080 1288 1223 1321 decreta
1246 1289 1451 1334 quempiam
1478 1301 1588 1334 posse
1613 1288 1843 1334 abrumpere,
1866 1290 1977 1323 vestri
1998 1289 2042 1322 ad
2063 1289 2248 1335 exemplar

376 1360 653 1398 componentur,
677 1353 824 1387 stabunt
845 1366 970 1387 eorum
991 1355 1126 1397 federa,
1147 1356 1326 1401 promissa
1348 1356 1555 1398 solventur3
1569 1357 1642 1402 jam
1660 1356 1820 1390 manebit
1835 1357 1916 1390 data
1937 1356 2061 1390 dextra
2077 1356 2242 1397 condam,

377 1427 412 1453 et
439 1420 581 1453 reddito
616 1420 710 1453 inter
744 1432 811 1454 nos
841 1421 987 1466 gaudio,
1020 1434 1142 1455 meror
1175 1422 1302 1463 abibit,
1333 1435 1372 1456 ac
1403 1435 1532 1456 serena
1567 1430 1686 1457 mente
1716 1427 1862 1465 vestr[e]
1895 1423 2047 1469 provide
2073 1423 2244 1468 equitatis

378 1487 547 1532 preconia
569 1487 708 1520 cunctis
728 1488 869 1533 aperire
890 1488 1106 1522 valebimus.
1131 1490 1164 1523 S.
1188 1491 1230 1523 V.
1254 1497 1449 1524 conservet
1466 1490 1644 1524 Dominus
1664 1490 1798 1524 Jhesus
1826 1491 1870 1524 ad
1892 1491 2057 1536 regimen
2088 1490 2244 1524 ecclesie

375 1566 440 1587 sue
461 1561 596 1587 sancte.
619 1555 800 1599 Scriptum
823 1555 984 1589 Parisius
1005 1557 1042 1589 in
1063 1563 1187 1590 nostra
1210 1558 1504 1603 congregacione
1525 1558 1688 1603 generali
1713 1558 1808 1603 apud
1832 1558 2001 1591 Sanctum
2024 1557 2250 1592 Maturinumv

377 1621 589 1654 solemniter
614 1621 796 1655 celebrata
825 1622 883 1655 die
910 1624 1007 1668 xxvja
1028 1625 1166 1657 mensis
1189 1624 1377 1658 Februarii
1399 1637 1493 1658 anno
1515 1625 1661 1659 Domini
1682 1625 1878 1658 millesimo
1901 1626 2058 1659 CCCC¹¹²⁰
2077 1626 2243 1659 XXIIll⁰.

469 1720 587 1743 Minuta
602 1720 718 1743 chartac.
733 1720 759 1743 in
775 1720 853 1744 Arch.
867 1724 922 1744 nat.
935 1721 1030 1751 Paris„
1046 1722 1070 1745 M
1083 1723 1135 1752 65⁸,
1153 1727 1181 1745 πυ
1197 1725 1219 1746 5.

469 1804 493 1829 1.
509 1805 587 1833 Luc..
607 1812 671 1831 xxu,
692 1806 730 1828 32.
748 1819 774 1823 —
791 1805 814 1830 2.
832 1806 851 1829 Ι.
868 1814 891 1829 e.
908 1805 933 1828 in
945 1806 1032 1829 rotulo
1048 1806 1134 1830 minus
1150 1806 1304 1838 principali,
1321 1815 1404 1839 supra
1416 1812 1445 1831 n⁰
1460 1808 1530 1831 2138.
1545 1808 1595 1831 Sed
1611 1808 1698 1831 minus
1714 1808 1871 1840 principalis
1887 1812 1912 1831 et
1923 1807 2080 1839 principalis
2094 1808 2181 1832 solum
2195 1816 2245 1840 pro

376 1858 426 1872 uno
440 1850 527 1873 rotulo
542 1849 717 1873 habebantur.
730 1864 756 1868 —-
774 1850 799 1876 3.
812 1851 860 1874 An.
876 1851 945 1880 1422,
961 1851 1088 1875 Novemb.
1102 1852 1141 1880 ⁴21,
1156 1855 1250 1876 erecto.
1268 1852 1412 1884 privilegiu
1427 1853 1543 1882 diversa,
1557 1853 1626 1876 inter
1640 1853 1692 1876 alia
1707 1852 1880 1885 privilegium
1894 1861 1977 1884 supra
1989 1853 2102 1876 relatum
2117 1852 2143 1876 in
2157 1853 2244 1877 rotulo

374 1902 420 1917 seu
435 1894 523 1925 potius
539 1894 565 1917 in
583 1894 708 1918 Articulis
723 1895 907 1918 communibus
926 1896 958 1919 ad
975 1896 1091 1919 rotulum
1105 1897 1231 1926 (nondum
1247 1897 1335 1927 editis)
1352 1897 1518 1921 Universitas
1532 1898 1636 1921 Dolens.
1651 1898 1807 1930 postulavit,
1824 1901 1849 1921 et
1863 1906 1878 1921 a
1895 1897 2008 1921 Martino
2019 1898 2039 1921 V
2053 1897 2142 1922 omnia
2159 1897 2245 1930 privi-

376 1939 447 1970 legia
462 1942 522 1963 ante
538 1939 659 1963 Schisma
673 1940 898 1964 Universitatibus
915 1949 1039 1964 concessa
1055 1941 1154 1972 recepit
1170 1942 1275 1973 (Suppl.
1292 1943 1369 1965 Mart.
1383 1942 1410 1970 V,
1429 1947 1457 1966 n⁰
1473 1943 1534 1974 157).

377 2115 520 2152 2251.
545 2125 666 2150 Martini
686 2125 757 2151 Vad
775 2126 907 2152 Carolum
929 2128 981 2153 Vll
997 2136 1090 2162 regem
1111 2128 1251 2153 Franciae
1268 2127 1392 2163 litterae,
1407 2128 1519 2164 {quibus
1539 2137 1601 2154 eum
1622 2127 1757 2154 admonet
1771 2137 1802 2154 se
1817 2137 1872 2154 non
1892 2127 1983 2154 teneri
1996 2128 2171 2163 juramento,
2189 2135 2245 2163 quo

463 2183 494 2199 se
507 2174 676 2209 obligaverit
691 2175 841 2201 ohservare
857 2176 1088 2203 constitutionem
1105 2186 1153 2203 an.
1168 2178 1246 2213 1418,
1265 2178 1375 2212 Martii,
1391 2177 1426 2204 de
1440 2177 1594 2204 collatione
1610 2177 1818 2212 beneficiorum.

1658 2267 1732 2297 7425,
1748 2267 1808 2293 Maii
1822 2267 1841 2297 1,
1857 2267 1958 2293 nomae.

465 2353 654 2393 Martinus,
679 2360 746 2386 etc.
770 2354 970 2387 Carissimo
993 2354 1029 2387 in
1051 2354 1197 2388 Christo
1219 2355 1354 2388 Karolo
1376 2356 1455 2400 regi
1478 2357 1695 2388 Francorum
1719 2355 1853 2388 illustri
1875 2355 2042 2395 salutem,
2065 2361 2132 2387 etc.
2149 2355 2246 2387 Dum.

377 2418 621 2452 sinceritatem
643 2426 676 2452 et
707 2420 971 2465 plenitudinem
994 2428 1054 2454 tue
1081 2422 1287 2455 devotionis
1309 2429 1342 2455 et
1364 2422 1459 2468 fidey
1484 2434 1553 2467 qua
1579 2434 1646 2455 nos
1669 2429 1700 2455 et
1728 2422 1852 2455 sedem
1877 2421 2110 2467 apostolicam
2133 2421 2243 2454 devo-

378 2485 516 2517 tissime
538 2486 718 2519 revereris
740 2487 937 2532 diligenter
957 2489 1191 2530 attendimus,
1215 2496 1249 2522 et
1270 2496 1418 2534 paterna
1439 2490 1733 2523 consideratione
1755 2501 1950 2534 pensamus
1971 2494 2105 2534 quanto
2122 2489 2243 2521 favore

379 2558 436 2583 tue
462 2551 582 2585 filialis
604 2565 688 2598 erga
713 2566 779 2586 nos
802 2561 837 2587 et
861 2554 1051 2588 ecclesiam
1074 2556 1278 2589 affectionis
1300 2563 1333 2589 et
1360 2557 1633 2602 promptissime
1654 2556 1851 2590 voluntatis
1876 2556 2007 2601 vigilas
2032 2562 2067 2588 et
2087 2555 2246 2589 attendis

377 2619 420 2650 ad
447 2620 731 2653 conservandam
754 2621 790 2653 in
812 2633 926 2666 regno
949 2629 1009 2654 tuo
1033 2623 1244 2668 dignitatem
1266 2624 1361 2656 dicte
1387 2624 1487 2657 sedis
1509 2630 1544 2657 et
1565 2623 1848 2657 ecclesiasticam
1870 2623 2089 2664 libertatem,
2113 2622 2243 2655 merito

378 2685 583 2718 inducimur
604 2687 646 2719 ad
664 2699 703 2719 ea
726 2700 790 2732 per
811 2700 880 2732 que
902 2697 1114 2723 conservata
1136 2691 1301 2735 ejusdem
1324 2691 1423 2724 sedis
1446 2691 1658 2724 auctoritate
1678 2691 1916 2736 consequaris
1937 2690 2161 2723 conscientie
2183 2695 2243 2723 tue

379 2763 512 2795 pacem.
537 2753 627 2785 Sane
650 2766 715 2798 pro
738 2761 836 2799 parte
859 2762 917 2788 tue
939 2757 1147 2790 serenitatis
1171 2770 1286 2803 nuper
1307 2757 1414 2791 nobis
1436 2757 1619 2799 ex[h]ibita
1643 2758 1767 2803 petitio
1789 2757 2011 2798 continebat,
2038 2756 2136 2802 quod
2161 2768 2240 2790 cum

379 2817 513 2850 dudum
544 2831 605 2863 per
630 2820 725 2852 clare
750 2822 923 2854 memorie
952 2823 1125 2856 Karolum
1153 2836 1275 2869 regem
1306 2826 1524 2857 Francorum
1553 2824 1756 2870 genitorem
1785 2831 1884 2859 tuum
1911 2824 1955 2856 de
1982 2822 2242 2856 nonnullorum

380 2883 596 2927 prelatorum
626 2893 660 2918 et
690 2899 880 2931 procerum
912 2889 956 2921 de
992 2902 1127 2935 genere
1154 2891 1257 2936 regio
1286 2898 1321 2924 et
1349 2891 1502 2924 aliorum
1537 2892 1623 2924 dicti
1656 2892 1755 2937 regis
1783 2890 1938 2924 consilio
1965 2891 2057 2923 facte
2084 2889 2243 2923 fuissent
