2502 3418
260 316 355 353 1395]
602 330 647 350 ΑΒ
682 330 787 351 ANNO
825 330 1111 352 MCCCLxxxxw
1148 332 1276 360 USQUE
1311 335 1358 355 An
1393 334 1529 355 ANNUM
1564 335 1769 357 mccccmi.
2094 329 2112 361 7

261 455 400 492 1719.
424 465 594 490 Benedictus
610 466 683 490 XIII
693 465 816 490 Johanni
832 465 947 490 Gersoni
963 466 1167 492 cancellariam
1183 467 1278 493 Paris.
1296 471 1429 493 reservat.

1457 559 1529 588 7395.
1544 559 1633 591 Aprilis
1649 560 1685 589 13,
1701 560 1830 586 Ανεηίοηθ.

343 653 482 686 Dilecto
508 653 582 686 filio
603 654 758 687 Johanni
786 655 829 687 de
851 656 1019 688 Gersono
1046 656 1182 688 decano
1209 655 1364 688 ecclesie
1392 656 1510 688 Sancti
1536 656 1726 688 Donatiani
1757 658 1958 702 Brugensis
1979 659 2113 691 Torna-

253 720 374 753 censis
396 720 568 762 diocesis,
595 721 767 766 magistro
794 722 830 754 in
855 722 1050 767 theologia,
1077 722 1227 755 salutem
1250 729 1283 754 et
1311 722 1544 767 apostolicam
1572 722 1875 756 benedictionem.
1899 725 2109 757 Litterarum

253 787 458 820 scientia....
476 788 564 821 Cum
582 788 702 833 itaque
719 801 835 833 nuper
850 789 893 821 de
911 801 1065 834 persona
1083 789 1205 822 dilecti
1222 789 1285 821 filii
1303 789 1398 822 Petri
1416 789 1519 822 electi
1537 790 1723 822 Aniciens.
1741 790 1894 823 ecclesie
1912 792 2111 824 Anici-ens}

253 860 336 886 tunc
359 854 497 887 vacanti
518 855 730 888 auctoritate
750 856 947 900 apostolica
970 856 1179 888 duxerimus
1208 856 1486 901 providendum,
1517 856 1738 901 preficiendo
1765 857 1883 901 ipsum
1911 858 2026 890 eidem
2055 872 2112 891 ec-

251 921 363 954 clesie
392 921 429 954 in
454 922 665 967 episcopum
692 929 725 955 et
754 929 948 967 pastorem,
972 930 1007 955 et
1032 930 1223 968 propterea
1244 923 1457 956 cancellaria
1479 923 1633 956 ecclesie
1660 924 1870 966 Parisiens.,
1888 937 1991 969 quam
2016 926 2110 958 idem

251 989 379 1021 Petrus
401 995 563 1034 tempore
588 989 810 1034 provisionis
838 989 1046 1034 hujusmodi
1075 989 1261 1022 obtinebat
1288 997 1395 1035 prout
1420 990 1558 1023 obtinet
1586 1003 1649 1035 per
1670 1003 1800 1024 munus
1826 993 2111 1025 consecrationis

250 1055 366 1087 eidem
389 1056 494 1088 Petro
516 1056 797 1101 impendendum
820 1069 945 1090 vacare
965 1063 1145 1102 speretur,
1164 1069 1230 1089 nos
1247 1057 1412 1090 volentes
1434 1057 1497 1089 tibi
1519 1058 1778 1102 premissorum
1803 1058 2010 1091 meritorum
2034 1066 2111 1092 tuo-

250 1133 327 1154 rum
358 1122 489 1154 intuitu
519 1122 668 1167 gratiam
699 1123 815 1156 saeere
843 1123 1050 1168 specialem,
1077 1123 1325 1156 cancellariam
1357 1124 1568 1168 predictam,
1590 1136 1668 1156 cum
1699 1124 1757 1156 illa
1787 1131 1823 1157 ut
1850 1125 2030 1169 prefertur
2052 1133 2107 1159 aut

249 1200 313 1233 per
333 1188 472 1234 lapsum
497 1190 671 1235 temporis
693 1190 737 1223 de
758 1191 1018 1223 consecrandis
1040 1191 1224 1235 episcopis
1245 1203 1261 1223 a
1283 1190 1484 1223 canonibus
1506 1191 1648 1223 diffiniti
1669 1191 1726 1223 vel
1748 1191 1834 1224 alias
1852 1192 1980 1236 quovis
2003 1194 2109 1226 modo

248 1262 369 1301 preter
385 1268 489 1301 quam
512 1269 576 1301 per
595 1257 712 1301 ipsius
733 1258 829 1290 Petri
849 1257 955 1290 electi
977 1257 1114 1290 obitum
1131 1269 1257 1291 vacare
1279 1258 1521 1302 contingeret,
1539 1258 1793 1290 conferendam
1817 1258 1880 1291 tibi
1899 1271 1979 1291 cum
1998 1261 2109 1292 omni-

245 1322 314 1355 bus
332 1323 479 1367 juribus
500 1330 536 1356 et
556 1324 786 1368 pertinentiis
808 1325 898 1365 suis,
921 1325 1025 1357 etiam
1048 1325 1078 1357 si
1105 1325 1338 1369 dispositioni
1364 1324 1563 1369 apostolice
1587 1325 1793 1369 specialiter
1809 1325 1866 1358 vel
1889 1327 2109 1370 generaliter

246 1397 427 1423 reservata
449 1391 590 1432 existat,
619 1398 716 1424 motu
746 1392 894 1436 proprio
920 1404 993 1424 non
1020 1392 1063 1424 ad
1095 1398 1187 1424 tuam
1210 1391 1267 1424 vel
1293 1391 1442 1424 alterius
1471 1404 1535 1436 pro
1563 1398 1595 1424 te
1625 1392 1731 1424 nobis
1762 1404 1872 1437 super
1892 1392 1958 1425 hoc
1990 1393 2108 1426 oblate

246 1457 432 1502 petitionis
461 1458 679 1499 instantiam,
712 1459 777 1491 sed
812 1459 856 1491 de
892 1465 1013 1491 nostra
1049 1470 1145 1491 mera
1175 1458 1389 1491 liberalitate
1420 1458 1605 1491 donationi
1636 1459 1834 1503 apostolice
1865 1471 2106 1501 reservamus,

245 1524 446 1557 districtius
467 1525 674 1558 inhibentes
691 1525 889 1558 venerabili
910 1526 1009 1558 fratri
1031 1532 1156 1558 nostro
1175 1526 1347 1570 episcopo
1365 1532 1400 1558 et
1416 1525 1558 1558 dilectis
1580 1525 1664 1557 filiis
1681 1526 1838 1570 capitulo
1856 1527 2048 1561 Parisiens.
2068 1540 2106 1560 ac

244 1591 297 1624 illi
318 1591 375 1625 vel
403 1591 475 1625 illis
503 1592 546 1624 ad
568 1604 673 1637 quem
697 1592 754 1626 vel
782 1593 825 1625 ad
857 1605 947 1637 quos
978 1593 1142 1637 ejusdem
1174 1592 1387 1625 cancellarie
1418 1592 1575 1633 collatio,
1600 1593 1772 1637 provisio,
1796 1594 2015 1638 presentatio
2042 1606 2106 1627 seu

244 1659 371 1703 quevis
392 1659 458 1692 alia
480 1659 672 1704 dispositio
694 1660 850 1704 pertinet
870 1661 1111 1692 communiter
1127 1660 1183 1693 vel
1204 1660 1361 1700 divisim,
1380 1672 1424 1691 ne
1446 1660 1490 1692 de
1507 1660 1600 1692 dicta
1621 1659 1832 1692 cancellaria
1849 1667 1971 1693 contra
1992 1673 2108 1694 reser-

243 1726 423 1759 vationem
445 1734 602 1760 nostram
632 1727 842 1772 hujusmodi
871 1728 1066 1772 disponere
1088 1727 1345 1772 quoquomodo
1374 1734 1638 1772 presumant....
1668 1729 1741 1760 Nos
1770 1728 1877 1768 enim,
1907 1728 1937 1761 si
1965 1729 2104 1761 cancel-

242 1793 328 1826 laria
349 1793 427 1838 ipsa
448 1794 606 1838 dignitas
622 1794 679 1827 vel
701 1801 918 1839 personatus
935 1795 1075 1835 existat,
1094 1801 1153 1827 aut
1174 1806 1294 1827 curam
1315 1793 1443 1827 habeat
1465 1794 1677 1835 animarum,
1698 1801 1811 1826 tecum
1835 1801 1873 1827 ut
1894 1795 2102 1828 decanatum

242 1860 396 1893 ecclesie
418 1861 537 1894 Sancti
558 1862 748 1894 Donatiani
770 1863 964 1907 Brugens.,
989 1862 1049 1906 qui
1071 1862 1228 1906 dignitas
1250 1861 1286 1893 in
1307 1861 1431 1894 eadem
1454 1861 1607 1893 ecclesia
1628 1862 1760 1902 existit,
1783 1874 1821 1894 ac
1843 1862 2101 1906 parrochialem

241 1927 430 1960 ecclesiam
448 1928 492 1961 de
507 1928 702 1973 Campellis
720 1929 756 1961 in
772 1929 885 1970 Bria2,
899 1930 1120 1962 Tornacens.
1139 1935 1173 1961 et
1190 1929 1385 1961 Parisiens.
1401 1928 1553 1969 dioces„
1567 1940 1659 1972 quos
1675 1928 1847 1961 canonice
1864 1928 2019 1969 obtines,
2034 1942 2102 1962 una

241 2007 319 2027 cum
342 1995 434 2028 dicta
455 1995 681 2037 cancellaria,
700 1996 840 2029 etiamsi
861 1997 903 2029 ad
926 2008 1001 2029 eam
1019 2003 1054 2029 et
1075 1996 1208 2028 dictum
1227 1996 1435 2028 decanatum
1454 1995 1685 2028 consueverit
1706 1995 1787 2040 quis
1808 2007 1871 2040 per
1888 1996 2099 2028 electionem

240 2062 375 2094 assumi
397 2074 435 2095 ac
453 2062 569 2095 eidem
588 2063 774 2096 decanatui
796 2075 879 2096 cura
902 2063 1086 2096 immineat
1107 2063 1318 2104 animarum,
1340 2062 1508 2102 retinere,
1526 2062 1708 2107 generalis
1726 2062 1879 2095 Concilii
1897 2069 1930 2095 et
1951 2063 2101 2107 quibus-

240 2141 393 2173 cumque
417 2129 496 2162 aliis
522 2130 845 2163 constitutionibus
866 2130 1077 2175 apostolicis
1099 2136 1134 2162 et
1156 2130 1298 2162 statutis
1399 2129 1590 2162 contrariis
1612 2141 1835 2173 nequaquam
1858 2128 2098 2171 obstantibus,

240 2195 354 2228 libere
384 2203 418 2229 et
447 2196 544 2229 licite
564 2197 697 2238 valeas,
724 2204 821 2230 motu
851 2197 960 2230 simili
990 2197 1034 2230 de
1061 2197 1242 2229 uberioris
1269 2197 1364 2229 dono
1394 2196 1508 2241 gratie
1535 2196 1801 2240 dispensamus,
1829 2196 1974 2240 proviso
2003 2197 2099 2240 quod

240 2262 448 2304 decanatus,
471 2263 683 2296 cancellaria
705 2271 739 2297 et
764 2264 999 2309 parrochialis
1022 2264 1175 2297 ecclesia
1196 2264 1357 2308 predicte
1379 2263 1512 2295 debitis
1534 2275 1606 2295 non
1626 2262 1838 2294 fraudentur
1858 2262 2044 2307 obsequiis
2066 2270 2100 2295 et

239 2330 436 2362 animarum
464 2342 547 2363 cura
578 2331 613 2362 in
646 2331 860 2375 parrochiali
891 2331 1043 2363 ecclesia
1075 2338 1109 2363 et
1138 2331 1312 2363 decanatu
1345 2342 1383 2362 ac
1413 2329 1624 2362 cancellaria
1659 2329 1842 2373 predictiS,
1870 2329 1899 2361 si
1928 2341 1995 2373 qua
2025 2329 2097 2362 illis

239 2397 415 2439 imminet,
435 2397 642 2430 nullatenus
664 2398 882 2443 negligatur.
905 2398 1083 2431 Volumus
1109 2404 1240 2438 autem,
1264 2397 1361 2442 quod
1383 2397 1473 2429 infra
1495 2408 1603 2428 unum
1626 2408 1757 2428 annum
1779 2407 1796 2427 a
1819 2402 1979 2439 tempore
1999 2408 2097 2429 asse—

239 2464 396 2497 cutionis
425 2464 635 2509 hujusmodi
665 2466 945 2510 computandum
974 2465 1235 2505 cancellariam,
1269 2464 1299 2496 si
1329 2464 1487 2508 dignitas
1516 2462 1573 2495 vel
1606 2468 1821 2507 personatus
1851 2468 1888 2494 ut
1918 2463 2097 2506 prefertur

239 2531 367 2564 existat
387 2543 425 2564 ac
447 2532 479 2564 ei
501 2544 584 2564 cura
606 2532 787 2565 immineat
809 2533 1019 2568 animarum,
1039 2539 1097 2565 aut
1118 2532 1327 2564 decanatum
1346 2530 1402 2563 vel
1424 2529 1680 2575 parrochialem
1705 2528 1891 2560 ecclesiam
1915 2529 2096 2573 predictos

239 2610 302 2643 pro
324 2598 393 2631 alio
421 2598 599 2631 beneficio
621 2611 699 2631 cum
729 2599 808 2632 aliis
836 2599 1130 2644 compatibilibus
1158 2605 1375 2643 permutare,
1403 2596 1562 2641 alioquin
1590 2596 1814 2636 decanatum,
1836 2595 2092 2639 parrochialem

238 2665 425 2698 ecclesiam
447 2665 504 2697 vel
530 2665 776 2698 cancellariam
806 2666 1028 2710 hujusmodi,
1055 2677 1159 2709 quem
1182 2665 1239 2697 vel
1260 2677 1363 2709 quam
1386 2670 1515 2696 extunc
1536 2673 1660 2694 vacare
1682 2661 1924 2702 decernimus,
1948 2663 2093 2694 omnino

237 2731 418 2764 dimittere
438 2732 628 2764 tenearis³.
656 2732 753 2765 Nulli
779 2745 879 2777 ergo,
902 2738 964 2766 etc.
996 2734 1121 2764 Datum
1148 2731 1327 2764 Avinione
1355 2731 1402 2762 id.
1426 2729 1574 2773 Aprilis,
1599 2727 1825 2772 pontificatus
1856 2728 1970 2760 nostri
2000 2741 2092 2761 anno

237 2798 364 2843 primo.

329 2905 392 2936 fleg.
408 2905 489 2928 Aven.
505 2905 600 2929 Bened.
616 2907 684 2935 xm,
697 2907 748 2929 vol.
766 2907 807 2935 VI,
822 2906 866 2929 sol.
883 2907 921 2930 89.
938 2920 967 2924 -
983 2905 1049 2928 Ibid.
1071 2913 1075 2928 2
1097 2914 1107 2927 «
1124 2906 1151 2927 In
1167 2905 1256 2927 eodem
1276 2904 1362 2934 modo,
1381 2902 1482 2925 dilectis
1499 2901 1559 2924 filiis
1577 2900 1664 2923 abbati
1690 2899 1840 2922 monasterii
1856 2900 1948 2923 Sancte
1964 2902 2092 2924 Gcnovesc
