2502 3418
396 354 460 385 404
972 362 1289 384 CHARTULAMUM
1327 361 1516 383 umvssns.
1555 361 1684 383 rAnls.
2160 346 2258 383 [1422

397 437 531 469 domini
556 437 721 478 rectoris,
745 444 781 469 ut
802 437 943 469 scilicet
966 437 1146 482 gaudeant
1168 442 1343 481 perpetuo
1365 435 1442 468 suis
1463 434 1665 475 beneficiis,
1687 433 1866 467 fructibus
1892 445 2030 471 eorum,
2055 433 2259 466 redditibus

397 510 432 536 et
460 504 687 548 patrimoniis
715 503 862 548 pacifice
893 510 928 536 et
957 504 1096 548 quiete,
1136 510 1170 535 et.
1199 502 1373 535 habeatur
1402 501 1496 534 dicta
1523 501 1641 534 littera
1674 501 1752 533 sine
1785 500 2022 544 expressione
2057 500 2257 540 nominum,

397 577 529 603 attenta
553 571 727 616 temporis
748 571 900 611 malicia,
924 577 1072 615 propter
1094 582 1198 614 quain
1221 569 1323 601 multi
1350 568 1510 600 scolares
1536 567 1708 601 absentes
1736 579 1832 600 nunc
1859 579 1922 599 sua
1949 567 2094 599 nomina
2116 567 2258 600 deserre

399 650 470 670 non
504 638 684 677 valerent;
715 644 749 670 et
778 637 901 670 multis
931 637 1088 676 motivis,
1122 636 1349 669 declarandis
1381 647 1446 680 per
1474 634 1590 667 dictos
1618 634 1778 667 nuntios.
1809 635 1910 674 Item,
1943 640 1976 666 et
2009 634 2106 679 quod
2139 635 2260 679 provi-

399 705 524 737 deatur
549 711 618 737 tam
651 704 818 749 collegiis
852 716 955 748 quam
987 703 1188 748 suppositis
1220 702 1476 735 Universitatis
1508 700 1734 733 beneficiatis
1765 701 1801 733 in
1830 701 1926 733 dicto
1962 700 2129 739 ducatu¹;
2162 701 2258 745 quod

398 784 470 804 non
491 772 644 816 perdant
663 771 803 803 fructus
820 771 880 815 qui
903 770 972 802 sibi
995 770 1227 802 debebantur
1247 770 1283 801 in
1305 768 1525 801 instantibus
1546 768 1650 800 sestis
1670 759 1856 800 beatorum
1880 767 2068 800 Michaelis
2090 774 2125 800 et
2145 768 2259 800 Remi-

398 839 460 883 gii.

485 907 518 937 2⁰
540 906 644 948 Quod
662 905 849 949 supposita
867 904 961 936 dicte
982 903 1236 937 Universitatis
1258 903 1460 935 eximantur
1480 902 1523 935 ab
1541 902 1717 940 excubiis,
1739 902 1929 935 nocturnis
1950 902 2085 947 pariter
2105 914 2143 935 ac
2164 902 2259 935 diur-

398 973 466 1013 nis,
490 979 524 1004 et
544 985 560 1004 a
582 971 745 1004 custodia
771 978 972 1015 portarum,
995 970 1083 1003 alias
1108 970 1234 1002 saltem
1257 970 1317 1002 fiat
1342 968 1503 1014 provisio
1525 970 1707 1014 pendente
1729 976 1910 1014 tempore3
1933 976 1969 1002 et
1993 969 2090 1014 quod
2113 981 2258 1014 recupe-

397 1046 495 1071 retur
515 1039 632 1071 littera
654 1050 718 1083 per
738 1038 821 1070 illos
844 1038 888 1070 de
909 1038 1007 1070 curia
1029 1037 1243 1082 parlamenti
1264 1037 1443 1077 detenta2,
1467 1043 1501 1069 et
1522 1036 1727 1069 declaretur
1752 1036 1845 1069 bene
1868 1036 1998 1069 modus
2021 1036 2256 1070 detentionis.

482 1107 516 1138 3⁰
538 1106 642 1148 Quod
669 1111 946 1137 conservatores
976 1104 1119 1137 valeant
1149 1115 1247 1137 suam
1270 1103 1566 1147 jurisdictionem
1594 1103 1737 1148 exequi,
1761 1110 1827 1136 tam
1855 1104 1892 1136 in
1913 1103 2041 1136 ducatu
2065 1104 2258 1137 Normanie

393 1185 496 1217 quam
519 1173 555 1204 in
572 1172 652 1205 aliis
674 1172 764 1204 locis
785 1178 985 1216 conqueste
1002 1172 1102 1216 regis
1123 1171 1268 1216 Anglie,
1287 1177 1423 1203 attento
1441 1171 1538 1215 quod
1560 1170 1751 1216 privilegia
1774 1170 2029 1204 Universitatis
2050 1182 2114 1216 pro
2132 1171 2258 1216 majori

394 1246 492 1284 parte
519 1246 603 1272 sunt
624 1239 774 1284 papalia,
803 1245 838 1271 et
867 1250 1040 1271 concessa
1066 1251 1082 1271 a
1110 1238 1261 1271 summis
1284 1237 1531 1282 pontificibus,
1555 1238 1688 1283 quibus
1710 1237 1862 1283 quilibet
1888 1237 2088 1271 catholicus
2114 1244 2259 1271 tenetur

393 1306 576 1339 obedire³.

479 1375 514 1406 4⁰
539 1374 645 1416 Quod
666 1374 952 1418 permutationes
973 1374 1076 1413 facte,
1102 1380 1168 1405 tam
1191 1373 1352 1405 incuria
1380 1374 1536 1405 Romana
1563 1385 1667 1417 quam
1695 1379 1807 1410 extra,
1830 1385 1847 1405 a
1869 1379 2032 1417 tempore
2054 1372 2256 1405 descensus

391 1441 528 1473 domini
564 1441 726 1486 regentis
756 1441 791 1473 in
822 1441 1093 1481 Normanniam,
1126 1452 1229 1472 suum
1261 1439 1422 1484 plenum,
1455 1446 1524 1472 tam
1551 1440 1588 1472 in
1618 1440 1836 1472 Normannia
1864 1451 1967 1484 quam
2000 1439 2060 1480 [in]
2092 1438 2256 1484 partibus

389 1508 673 1549 circumvicinis,
698 1520 737 1540 ae
759 1508 865 1540 etiam
887 1508 923 1540 in
946 1514 1020 1540 toto
1043 1519 1157 1551 regno
1181 1507 1343 1547 Francie,
1368 1507 1569 1540 sortiantur
1590 1507 1772 1543 effectum,
1795 1506 2088 1552 quibuscumque
2110 1506 2147 1539 in
2170 1518 2257 1539 con-

390 1575 499 1607 trario
520 1575 624 1607 sactis
645 1587 718 1607 non
740 1574 983 1608 obstantibus.

478 1673 610 1713 Primo,
630 1672 893 1717 presentabunt
914 1672 1053 1705 litteras
1076 1672 1345 1712 Universitatis,
1369 1678 1451 1713 etc.,
1475 1673 1613 1717 prefato
1631 1672 1779 1705 domino
1796 1672 1879 1704 duci
1901 1672 2128 1717 Burgundie,
2147 1683 2258 1717 expo-

390 1740 510 1772 nendo
527 1740 749 1772 credentiam
772 1751 886 1780 suam,
905 1746 937 1772 et
960 1739 1176 1784 suppliciter
1197 1740 1316 1784 ipsum
1340 1739 1551 1781 exortando,
1574 1746 1753 1784 quatenus
1775 1739 2057 1773 Universitatem
2074 1739 2111 1772 in
2132 1739 2256 1784 petitis

389 1807 561 1852 dignetur
581 1807 715 1840 habere
738 1807 1023 1848 recommissam,
1046 1814 1081 1840 ct
1102 1807 1331 1840 intercedere
1352 1807 1448 1852 apud
1470 1807 1657 1840 dominum
1684 1814 1870 1852 regentem
1894 1819 1959 1852 pro
1987 1806 2099 1840 celeri
2120 1813 2152 1840 et
2176 1806 2256 1840 utili

390 1886 514 1907 corum
537 1875 780 1919 expeditione.

478 1943 579 1983 Item,
615 1942 658 1974 ad
688 1942 783 1974 idem
815 1941 1090 1986 presentabunt,
1120 1948 1202 1982 etc„
1235 1942 1546 1975 reverendissimo
1577 1942 1613 1974 in
1644 1941 1791 1975 Christo
1824 1941 1915 1986 patri
1958 1941 2104 1974 domino
2140 1940 2256 1974 archi-

389 2009 561 2054 episcopo
586 2009 871 2049 Calitiiarieiisi³,
895 2009 1132 2053 singulariter
1160 2021 1271 2054 super
1296 2009 1384 2042 alias
1408 2009 1608 2054 propositis
1634 2021 1752 2042 coram
1780 2020 1823 2042 eo
1849 2020 1913 2054 per
1935 2008 2121 2041 dominum
2143 2014 2255 2041 recto-

391 2088 463 2108 rem
487 2083 521 2108 et
542 2076 745 2120 deputatos,
765 2076 859 2108 sicut
879 2075 1089 2121 benigniter
1105 2088 1144 2109 sc
1166 2076 1309 2109 obtulit.

478 2144 580 2184 Item,
608 2143 870 2188 presentabunt
899 2143 1038 2176 litteras
1068 2143 1216 2176 domino
1246 2143 1401 2176 Johanni
1430 2144 1474 2176 de
1501 2145 1607 2185 Saux,
1634 2144 1783 2176 domino
1809 2143 1853 2176 de
1880 2143 2090 2184 Curtivron,
2117 2142 2255 2175 domini

391 2210 504 2243 nostri
526 2210 625 2255 regis
646 2222 685 2243 ac
708 2210 844 2242 domini
866 2210 969 2243 (lucis
991 2211 1205 2255 Burgundio
1223 2211 1434 2244 consiliario
1456 2211 1644 2259 precipuo.

479 2279 580 2319 ltem,
609 2278 755 2310 domino
784 2277 996 2318 Philiberto,
1026 2278 1091 2310 Dei
1114 2278 1228 2322 gratia
1259 2279 1432 2323 episcopo
1458 2278 1728 2311 Ambianensi⁵.
1758 2279 1847 2311 Item
1874 2277 2076 2311 reverendo
2102 2277 2194 2322 patri
2221 2282 2256 2310 et

391 2344 537 2376 domino
556 2345 730 2389 episcopo
753 2344 998 2377 Belva‹·ensi‘'.
1018 2346 1105 2377 Item
1130 2346 1304 2390 magistro
1320 2345 1476 2378 Johanni
1498 2345 1624 2386 Dole⁷,
1646 2344 1857 2378 consiliario
1880 2345 1991 2389 regis.

478 2413 579 2453 Item,
602 2412 821 2456 presentatis
842 2412 916 2444 illis
942 2411 1074 2444 litteris
1099 2419 1131 2445 et
1158 2413 1247 2445 sacta
1271 2412 1537 2458 supplicatione
1559 2412 1730 2445 omnibus
1757 2412 1931 2458 predictis
1958 2411 2130 2452 dominis,
2157 2411 2254 2457 quod

389 2478 502 2511 velint
518 2479 697 2511 interesse
718 2479 754 2511 in
775 2479 1047 2523 presentatione
1069 2479 1269 2512 litterarum
1293 2480 1619 2524 prcsentandarum
1636 2492 1679 2513 ex
1700 2487 1799 2525 parte
1817 2479 2073 2513 Universitatis
2094 2485 2254 2511 metuen-

389 2546 539 2578 dissime
562 2546 721 2587 domino,
745 2546 891 2578 domino
914 2547 1068 2590 regenti,
1091 2547 1191 2579 adire
1218 2548 1439 2591 majestatem
1470 2547 1605 2592 regiam
1628 2547 1745 2592 ipsius
1774 2547 1912 2579 domini
1938 2546 2102 2591 regentis
2123 2552 2159 2578 et
2183 2545 2254 2578 sibi

389 2620 598 2657 presentare
619 2613 758 2645 litteras
780 2613 1036 2646 Universitatis
1053 2626 1132 2646 cum
1151 2614 1378 2658 expositione
1396 2614 1595 2654 credentie,
1618 2626 1683 2658 per
1699 2614 1846 2647 modum
1863 2614 1924 2658 qui
1946 2613 2112 2658 sequitur
2134 2624 2141 2645 :

478 2680 610 2721 Primo,
629 2680 924 2713 recommendare
944 2680 1093 2713 multum
1110 2681 1296 2714 humiliter
1314 2681 1594 2714 Universitatem
1613 2681 1761 2714 domino
1778 2681 1942 2726 regenti,
1961 2680 2031 2713 sibi
2049 2680 2252 2725 regratiari,

390 2747 485 2790 quod
507 2747 641 2791 placuit
661 2759 725 2779 sue
747 2748 924 2791 majestati
946 2748 1140 2792 providere
1162 2748 1285 2781 multis
1307 2748 1509 2793 suppositis
1526 2749 1692 2792 ejusdem
1710 2748 1754 2781 de
1770 2748 1974 2788 beneficiis,
1992 2754 2027 2780 et
2042 2747 2251 2788 ostendere,

390 2813 486 2858 quod
506 2814 564 2846 vix
586 2814 717 2858 poterit
738 2815 922 2859 provideri
944 2815 1095 2855 eisdem,
1119 2815 1189 2847 nisi
1212 2828 1276 2860 per
1297 2816 1447 2860 gratiam
1470 2827 1534 2848 sue
1555 2816 1755 2860 majestatis
1777 2822 1811 2848 et
1832 2814 2016 2861 regencie.

482 2921 594 2944 Minuta
609 2921 724 2944 chartac.
741 2922 766 2944 in
784 2921 859 2946 Arch.
876 2922 997 2945 Univers.
1015 2922 1108 2949 Paris..
1130 2923 1156 2946 th
1164 2928 1199 2946 ‘³c.
1219 2923 1238 2951 1,
1258 2924 1307 2947 ΑΑ.
1329 2923 1346 2947 l.
1361 2937 1392 2941 —
1409 2923 1557 2954 Jovmum,
1573 2927 1603 2946 n⁰
1618 2923 1687 2952 1166,
1703 2923 1737 2946 ad
1752 2931 1794 2947 un.
1811 2923 1880 2947 1420.
1899 2922 1998 2947 Partim
2014 2923 2090 2953 Bm„y
2106 2922 2136 2952 V,
2151 2930 2178 2954 p.
2197 2922 2252 2952 361,
