2502 3418
244 308 339 344 1403]
588 323 633 342 AB
669 323 773 343 ,xNNo
808 322 1094 344 MCCCLxxxxu'
1130 324 1259 350 usqua
1296 325 1342 344 Αιι
1378 325 1512 345 ANNt'M
1550 326 1752 347 MCCCCLH.
2036 320 2095 350 121

329 396 457 421 Johanni
472 396 595 425 Andree.
612 397 678 423 cler.
696 397 891 423 Cameracens.
909 397 995 425 dioc..
1013 397 1072 423 bac.
1091 397 1120 422 in
1137 399 1203 424 art..
1220 399 1284 423 actu
1302 399 1378 423 stud.
1397 399 1427 423 in
1440 399 1567 431 predicta
1584 400 1635 425 sac.

330 445 459 471 Michaeli
475 445 564 474 Wale.
579 446 645 471 cler.
662 445 859 471 Cameracens.
876 446 961 475 dioc,
979 446 1039 472 bac.
1055 447 1085 471 in
1101 448 1167 475 art.,
1184 448 1250 471 actu
1267 447 1343 472 stud.
1362 447 1389 472 in
1407 448 1507 473 cadem
1524 448 1574 473 sac.

327 494 454 520 Johanni
469 494 504 520 de
517 495 733 523 Molendinaria.
750 495 843 528 presb.
862 495 1015 521 Morinens.
1031 495 1116 524 dioc„
1132 495 1192 521 bac.
1210 495 1239 521 in
1256 498 1308 521 art.
1328 496 1412 521 Paris.

327 543 439 569 Nicolao
454 544 525 572 Bels.
542 544 635 577 presb.
653 544 807 569 Morinens.
824 544 910 573 dioc,
927 544 987 570 bac.
1005 544 1035 569 in
1050 546 1103 570 art.
1123 545 1207 570 Paris.

327 593 454 618 Johanni
469 592 602 622 Courtin,
618 593 685 619 cler.
700 593 853 618 Morinens.
870 593 955 621 dioc..
973 593 1032 619 bac.
1050 593 1080 618 in
1096 595 1163 620 art..
1180 593 1299 618 nullum
1314 594 1490 619 heneficium
1506 595 1659 621 obtinenti⁴

327 642 454 668 Johanni
469 641 592 671 Carette,
609 642 674 668 cler.
692 642 884 668 At-trebatens.
901 642 987 671 dioc.,
1004 642 1064 668 bac.
1080 642 1111 667 in
1123 644 1190 671 art„
1207 643 1284 668 stud.
1305 643 1387 668 Paris.
1406 643 1436 668 in
1452 644 1504 669 sac.
1520 644 1595 670 decr.

328 691 434 717 Victori
449 691 651 724 Rugghenoet,
668 691 734 717 cler.
752 691 905 717 Morinens.
923 691 1008 719 dioc..
1025 691 1085 717 bac.
1102 691 1133 717 in
1148 693 1215 721 art.,
1230 693 1296 717 actu
1312 692 1388 717 stud.
1406 692 1436 718 in
1450 693 1577 726 predicta
1591 694 1641 718 sac.

327 740 440 766 Nicolao
456 740 567 770 Filleul,
582 740 649 766 cler.
664 740 850 766 Ambianens.
868 740 953 769 dioc.,
971 740 1032 766 bac.
1049 740 1079 766 iu
1095 742 1161 769 art.,
1178 741 1254 766 stud.
1274 741 1357 766 Paris.
1374 741 1405 766 in
1420 742 1549 774 predicta
1565 742 1616 767 sac.

325 789 452 815 Johanni
465 789 501 815 de
516 789 692 818 Monstrelet.
709 789 775 815 cler.
793 789 979 815 Ambianens.
997 789 1082 818 dioc.‚
1099 789 1159 815 bac.
1178 790 1207 815 in
1223 791 1289 818 art..
1306 790 1382 816 stud.
1399 790 1483 816 Paris.
1501 791 1531 816 in
1547 791 1675 824 predicta
1690 792 1741 817 sac.

326 838 454 864 Johanni
469 838 624 871 MegnoriQ
641 839 708 864 cler.
726 838 912 864 Ambianens.
930 838 1016 868 dioc..
1033 839 1094 864 bac.
1112 839 1142 864 in
1157 840 1223 868 art.,
1241 839 1317 864 stud.
1336 839 1421 865 Paris.
1437 839 1467 865 in
1481 840 1609 873 predicta
1622 841 1674 866 sac.
1692 843 1745 866 art.
1903 842 1957 875 [38]

329 927 564 960 Sanctissimo
597 927 634 959 in
665 926 810 960 Christo
841 927 933 971 patri
965 939 1003 959 ac
1033 926 1180 959 domino
1210 927 1356 959 domino
1388 927 1586 960 Benedicto
1617 936 1846 962 sacrosancte
1878 931 2035 963 Romane
2062 944 2100 964 ac

241 986 458 1027 universalis
488 994 643 1026 ecclesie
674 1005 815 1026 summo
846 993 1007 1038 pontifici
1037 993 1185 1026 humilis
1214 1000 1248 1026 ct
1278 994 1406 1027 devota
1434 994 1505 1027 filia
1532 1002 1651 1027 vestra
1682 996 1783 1029 nacio
1810 998 2098 1030 Normannorum

239 1061 276 1093 in
296 1061 387 1093 alma
404 1061 646 1094 Universitate
668 1061 865 1093 Parisiensi
887 1072 926 1093 se
947 1061 1059 1105 ipsam
1083 1061 1125 1093 ad
1146 1061 1277 1105 pedum
1297 1061 1420 1093 oscula
1441 1061 1641 1094 beatorum.
1660 1062 1953 1096 Clementissime
1975 1066 2101 1097 saneti-

241 1128 300 1160 tati
319 1134 440 1161 vestre
467 1127 668 1160 humillime
697 1127 889 1172 supplicat,
912 1134 1090 1172 quatenus
1118 1127 1234 1160 eidem
1264 1128 1413 1173 gratiam
1444 1129 1617 1161 facientes
1646 1130 1839 1174 specialem
1867 1131 1902 1163 in
1932 1133 2100 1176 personis

238 1206 386 1228 suorum
414 1194 673 1227 bacalariorum
700 1195 736 1227 in
763 1194 901 1227 artibus
929 1194 1081 1227 inferius
1110 1194 1399 1239 subscriptorum
1423 1195 1558 1227 eisdem
1590 1195 1804 1230 bachalariis
1826 1197 1869 1230 de
1898 1197 2100 1239 beneficiis,

237 1261 378 1303 officiis,
398 1261 653 1307 personatibus
669 1261 727 1295 vel
743 1262 830 1294 alias
843 1263 943 1306 juxta
960 1273 1084 1294 eorum
1103 1261 1389 1306 supplicationes
1406 1262 1653 1307 infrascriptas
1672 1263 1872 1308 dignemini
1894 1266 2099 1309 providere,

237 1329 595 1374 supplicationesque
625 1329 817 1374 generales
854 1329 1103 1373 infrascriptas
1131 1329 1303 1361 exaudire
1331 1341 1411 1361 cum
1443 1330 1573 1362 effectu
1605 1337 1639 1362 et
1671 1331 1816 1375 signare
1848 1344 1952 1364 manu
1982 1339 2098 1366 vestra

238 1395 446 1429 beatissima
469 1396 526 1429 vel
552 1396 629 1429 viva
653 1408 740 1429 voce
767 1395 970 1428 concedere
989 1396 1082 1429 sicut
1096 1396 1239 1439 petitur
1260 1402 1294 1428 et
1321 1408 1399 1428 cum
1422 1396 1502 1428 aliis
1530 1397 1751 1441 specialibus
1773 1398 2100 1442 supplicationibus

239 1463 401 1508 expediri
423 1463 591 1496 mandare
613 1470 648 1495 et
667 1463 805 1496 litteras
826 1462 1044 1507 apostolicas
1065 1474 1175 1507 super
1197 1462 1249 1495 cis
1272 1462 1348 1494 sieri
1370 1475 1450 1495 cum
1473 1463 1647 1496 clausulis
1668 1464 1711 1496 ad
1734 1465 1958 1509 propositum
1977 1478 2102 1499 neces-

239 1530 358 1568 sariis,
381 1537 418 1562 ut
439 1531 474 1562 in
496 1531 609 1563 sorma
630 1537 665 1563 et
685 1530 847 1563 articulis
868 1530 904 1562 in
925 1530 1040 1574 capite
1062 1529 1170 1562 rotuli
1193 1530 1362 1574 superius
1386 1530 1526 1574 positis.

506 1655 715 1676 SEQUUNTUR
745 1655 1035 1676 SUPPLIGATIONES
1063 1655 1334 1675 BACALARIORUM
1364 1655 1527 1675 NATIONIS
1556 1655 1838 1677 NORMANNORUM.

327 1754 363 1779 Et
379 1754 475 1787 primo
489 1754 615 1780 noberto
630 1754 758 1788 Agnetis,
770 1754 836 1780 cler.
851 1754 896 1780 lic.
914 1754 944 1779 in
960 1755 1013 1779 art.
1032 1753 1200 1779 Abrincens.
1217 1753 1291 1778 dioc.

328 1803 401 1829 Item
415 1803 588 1836 Leodegario
603 1803 644 1829 du
660 1803 803 1832 Mouchel.
820 1804 886 1829 cler.
904 1803 1131 1836 Rothomagens.
1148 1802 1234 1831 dioc..
1252 1802 1312 1828 bac.
1330 1802 1360 1827 in
1376 1804 1429 1828 art.

326 1852 451 1878 Roberto
466 1852 502 1878 de
517 1853 663 1882 Fontanis,
681 1853 747 1878 cler.
761 1853 905 1886 Bajocens.
922 1852 1008 1880 dioc..
1026 1852 1086 1877 bac.
1104 1851 1134 1877 in
1151 1853 1203 1877 art.

327 1901 410 1927 Petro
423 1901 569 1931 Marescot,
587 1902 653 1927 cler.
668 1901 880 1927 Constantiens.
897 1901 983 1930 dioc„
1000 1901 1061 1926 bac.
1079 1901 1110 1926 in
1125 1902 1178 1926 art..

326 1950 454 1976 Johanni
469 1951 504 1976 dc
520 1951 661 1980 IIamello,
679 1951 745 1977 cler.
761 1951 987 1984 Rothomagens.
1005 1950 1090 1979 dioc.,
1106 1950 1166 1975 bac.
1184 1950 1214 1975 in
1229 1952 1283 1975 art.

326 2000 440 2026 Nicolao
455 2000 581 2028 Charles.
599 2000 665 2026 cler.
683 2001 907 2032 Rothornagens.
925 2000 1012 2029 dioc.‚
1028 2000 1088 2025 bac.
1107 1999 1136 2024 in
1152 2001 1205 2024 art.

327 2049 454 2075 Johanni
471 2050 610 2082 Pellegay.
624 2050 718 2082 presb.
734 2050 878 2082 Bajocens.
896 2049 981 2077 dioc..
999 2049 1058 2074 bac.
1078 2049 1107 2073 in
1123 2050 1188 2076 art..
1204 2048 1280 2073 stud.
1299 2049 1383 2074 Paris.
1401 2049 1429 2074 in
1445 2049 1520 2074 decr.
1538 2050 1568 2074 in
1584 2050 1710 2075 secundo
1723 2058 1801 2076 anno
1817 2059 1866 2077 suc
1881 2051 2048 2077 audiciouis.

328 2098 486 2124 Guillelmo
501 2098 535 2124 de
549 2099 637 2128 Yalle.
655 2098 721 2124 cler.
739 2099 964 2131 Rothomagens.
980 2098 1066 2126 dioc..
1084 2098 1143 2123 bac.
1160 2098 1190 2123 in
1205 2099 1258 2123 art.
1276 2098 1306 2123 in
1321 2098 1413 2123 fornia
1430 2098 1473 2124 tic.

327 2148 440 2173 Matheo
455 2148 579 2181 Nepotis,
595 2148 662 2174 cler.
681 2147 845 2173 Lexovicns.
863 2147 947 2174 dioc.¹
966 2147 1027 2172 hac.
1044 2147 1075 2172 in
1090 2148 1144 2172 art.

324 2196 438 2222 Nicolao
450 2197 486 2223 de
502 2197 587 2225 Mota,
602 2197 668 2223 cler.
683 2197 911 2229 Rothomagens.
928 2196 1014 2225 dioc,
1033 2196 1092 2222 bac.
1108 2196 1139 2221 in
1154 2197 1206 2221 art.

327 2245 484 2271 Guillelmo
499 2246 618 2275 BoesseL
634 2246 727 2279 presb.
745 2246 970 2278 Rothomagcns.
986 2245 1073 2274 dioc„
1087 2245 1147 2270 bac.
1163 2245 1193 2270 in
1207 2246 1260 2270 art.

326 2294 488 2321 Alexandro
501 2295 588 2325 Afini,
607 2295 731 2328 Sagiens.
749 2295 843 2328 dyoc..
859 2295 919 2320 bac.
935 2295 965 2320 in
981 2296 1047 2323 art„
1064 2294 1140 2319 stud.
1159 2294 1188 2319 in
1205 2295 1256 2320 sac.
1276 2295 1364 2320 theol.

327 2344 454 2369 Johanni
470 2344 593 2377 Orenge,
608 2344 673 2370 cler.
692 2344 836 2377 Bajoeens.
855 2344 941 2373 dioc,
959 2343 1018 2369 bac.
1036 2344 1066 2368 in
1082 2345 1135 2368 art.

327 2393 451 2419 Roherto
467 2393 624 2426 Aviengue,
640 2393 732 2426 presb.
749 2393 893 2426 Bajocens.
911 2393 997 2421 dioc..
1015 2393 1076 2418 bac.
1094 2393 1123 2417 in
1139 2394 1205 2421 art.v
1223 2392 1298 2417 stud.
1317 2393 1345 2417 in
1362 2393 1437 2418 decr.
1456 2393 1485 2417 in
1500 2394 1605 2425 quarto
1621 2401 1698 2418 anno
1713 2401 1763 2418 sue
1778 2394 1947 2420 audicionis.

327 2443 441 2468 Matheo
454 2442 600 2475 Canipuli,
617 2442 697 2475 dyac.
716 2441 860 2475 Bajoceris.
878 2442 964 2471 dioc..
982 2442 1042 2467 bac.
1059 2442 1088 2466 in
1104 2443 1157 2467 art.

326 2492 439 2517 Andrec
454 2491 550 2519 Garet,
567 2491 634 2517 cler.
652 2491 878 2524 Rothomagens.
896 2491 982 2520 dioc„
1000 2491 1060 2516 bac.
1078 2491 1107 2516 in
1124 2492 1177 2516 art.
1195 2491 1225 2515 in
1242 2491 1335 2515 forma
1352 2490 1395 2515 lic.

326 2541 453 2566 Johanni
468 2540 503 2566 dc
519 2540 702 2569 Montatorio,
719 2540 785 2566 cler.
802 2540 964 2566 Lexoviens.
982 2540 1068 2568 dioc..
1085 2548 1145 2565 nac.
1161 2540 1191 2564 iu
1207 2541 1260 2564 art.

326 2589 453 2615 Johanni
469 2589 622 2618 Vincentii,
639 2589 706 2615 cler.
723 2590 947 2622 Rothomagens.
963 2589 1048 2618 dioe,
1067 2589 1126 2614 bac.
1146 2589 1174 2614 in
1191 2590 1244 2614 art.

326 2639 450 2664 Martino
465 2639 574 2667 Yvelin,
592 2639 737 2672 Bajocens.
755 2638 840 2667 dioc..
856 2638 917 2664 bac.
934 2638 965 2663 in
978 2640 1044 2667 art„
1062 2638 1128 2663 scol.
1146 2638 1229 2663 l’aris.
1248 2638 1278 2663 in
1295 2638 1345 2663 sac.
1362 2638 1437 2663 decr.

327 2688 484 2714 Guillelmo
500 2688 640 2720 lIugonis,
657 2688 724 2713 cler.
742 2687 953 2713 Constantiens.
971 2687 1056 2714 dioc..
1074 2687 1135 2712 bac.
1154 2687 1183 2712 in
1197 2688 1250 2711 art.

328 2737 482 2770 liudulpho
496 2737 685 2769 Scptcnnant.
700 2736 927 2769 Rothomagens⁴
945 2736 1030 2765 dioc„
1048 2736 1108 2761 bac.
1127 2736 1157 2761 in
1173 2737 1224 2761 art.

327 2786 416 2812 Natali
432 2786 467 2812 de
484 2786 583 2814 Ponte,
600 2786 666 2811 cler.
683 2786 827 2818 Bajoccns.
843 2785 916 2811 dioc.

327 2835 452 2860 Roberto
468 2835 621 2867 Regnanlt,
639 2834 731 2867 presb.
750 2835 975 2867 Rothomagens.
991 2835 1076 2863 dioc..
1095 2835 1154 2859 bac.
1171 2834 1200 2858 in
1216 2835 1282 2860 art..
1299 2834 1374 2858 stud.
1394 2834 1422 2858 in
1440 2834 1491 2858 l'ac.
1509 2833 1583 2859 decr.

328 2884 454 2909 Johanni
470 2884 608 2916 llugonis,
626 2883 752 2909 subdiac.
771 2884 895 2916 Sagicns.
912 2884 998 2912 dioc..
1016 2884 1076 2909 bac.
1094 2883 1123 2908 iu
1140 2884 1192 2908 art.

366 2936 427 2951 ’ΛΜ-
447 2933 542 2956 ίἸιανι,
566 2932 643 2955 ζ’]ιίυ.
662 2932 755 2956 Paris.
776 2932 816 2954 lv.
1949 2933 1977 2955 r10
