2502 3418
307 301 402 338 1438]
650 316 695 337 ΑΒ
730 316 836 338 ΑΝΝΟ
870 316 1323 346 ΜοοοιΧΧΧΧιν-υερυε
1360 319 1406 340 Ao
1442 319 1579 342 ANNUM
1615 321 1820 344 MCCCCLII.
2101 315 2165 347 605

392 390 523 416 Nicolaus
539 390 594 425 [de]
611 391 773 424 Montigny.

390 440 513 466 Jacobus
529 440 623 470 Barro,
1390 443 1443 468 sub
1462 443 1542 469 dom.
1564 444 1695 470 Eustacio
1712 445 1849 471 Mareade.

390 489 563 522 Arnulphus
576 489 704 518 Doriot2.
1455 507 1488 510 —-
1563 493 1724 519 Chuffardi.

391 538 562 572 Radulphus
575 538 694 564 Barnaci
711 538 756 572 [al.
775 537 948 572 Barnesse]³.

389 586 553 620 Stephanus
568 587 671 613 Colini.

390 635 556 669 Stephanus
569 636 715 662 Seminelli
730 635 774 671 [al.
793 636 941 671 Symerel],
1457 654 1492 658 —-
1568 640 1709 666 Eustacio.

388 684 519 711 Nicolaus
532 685 568 711 de
583 685 708 718 Capella,
1455 703 1489 707 -—
1568 690 1701 715 Martino.

388 734 563 760 Guillelmus
577 734 729 760 Toulouse.

387 783 536 809 Johannes
547 783 583 809 de
600 783 751 809 Levisoliis.

1644 835 1699 871 [12]

391 871 499 895 Memor.
517 874 565 895 fac.
582 872 688 900 decret„
706 872 726 901 Ι,
743 872 789 896 sol.
804 873 875 896 1861).

390 952 412 977 1.
430 952 569 984 Philippus
587 953 618 976 de
637 953 744 982 Vienna,
762 953 837 984 prior
854 954 988 984 prioratus
1005 955 1031 978 S.
1050 955 1166 978 Marcelli
1189 955 1219 979 O.
1238 956 1265 979 S.
1282 956 1309 979 B.
1330 956 1506 985 Cabilonens.,
1526 956 1676 988 episcopus,
1697 958 1819 981 defuncto
1841 958 1946 987 Cat-olo,
1966 959 1999 981 ab
2020 967 2062 982 an.
2092 960 2161 988 1434,

297 997 380 1028 April.
394 997 423 1020 12
437 998 509 1028 (ch.
526 998 584 1021 Lat.
596 998 696 1029 Eugen.
712 998 754 1027 IV,
768 1002 797 1020 n⁰
810 999 922 1026 328,s01.
938 999 1002 1030 216).
1018 1000 1056 1022 Ad
1072 1000 1135 1022 haec
1151 999 1204 1022 vid.
1221 1000 1292 1024 Gall.
1309 1001 1415 1029 Christ„
1433 1001 1473 1029 IV,
1490 1009 1517 1032 p.
1532 1002 1586 1025 628.
1598 1015 1628 1019 -—
1643 1001 1667 1026 2.
1684 1002 1760 1026 Bacc.
1776 1003 1846 1026 decr.
1867 1011 1908 1026 un.
1929 1003 1998 1032 1416,
2010 1004 2063 1026 Jul.
2082 1004 2119 1027 16.
2132 1018 2163 1021 -

297 1041 322 1067 3.
336 1042 412 1066 Bacc.
428 1042 499 1065 decr.
516 1043 640 1068 nn.1417.
657 1043 716 1066 Dec.
732 1043 756 1066 4.

296 1151 391 1187 252
401 1151 422 1187 1
432 1179 440 1188 .
469 1161 644 1186 Universieas
657 1161 752 1188 Paris.
771 1161 853 1196 eligit
866 1161 1097 1189 ambassiatores
1112 1162 1152 1188 ad
1167 1163 1321 1189 Concilium
1335 1164 1475 1190 ecclesiae
1494 1164 1663 1191 Gallicanae
1678 1165 1858 1191 Bituricense
1871 1166 2034 1192 mittendos.

1508 1245 1582 1273 1438,
1598 1244 1690 1277 Aprilis
1703 1245 1745 1273 23.
1762 1245 1875 1271 Parisiis.

383 1328 449 1360 Die
475 1328 559 1372 xxiij
581 1328 720 1373 Aprilis
746 1329 830 1361 anni
856 1330 1207 1364 MCCCCXXXVIII
1237 1339 1457 1377 congregata
1486 1333 1730 1366 Universitate
1751 1334 1846 1378 apud
1875 1334 1910 1367 S.
1940 1334 2158 1367 Maturinum

291 1406 403 1439 super
424 1394 602 1428 electione
635 1395 916 1429 ambasiatorum
939 1397 1238 1431 destinandorum
1271 1399 1460 1444 Biturigis,
1493 1400 1706 1433 conclusum
1730 1409 1786 1433 est
1806 1401 1903 1445 quod
1925 1401 1970 1434 de
2000 1401 2159 1446 singulis

291 1461 522 1495 facultatibus
545 1469 578 1495 et
606 1463 817 1496 nationibus
848 1476 943 1497 unus
964 1464 1182 1498 ambasiator
1208 1466 1413 1499 mitteretur
1434 1467 1606 1512 expensis
1628 1468 1809 1501 facultatis
1830 1475 1865 1501 et
1894 1468 2052 1501 nationis
2079 1469 2159 1502 mit-

292 1529 412 1562 tentis.
438 1531 480 1562 Et
500 1541 565 1574 pro
589 1530 757 1563 facultate
778 1530 889 1564 theol.
918 1531 1055 1565 electus
1081 1533 1148 1566 fuit
1176 1533 1335 1566 decanus
1356 1534 1535 1567 facultatis
1557 1535 1735 1579 ejusdem,
1754 1535 1833 1568 scil.
1857 1535 2095 1580 R[adulphus]
2113 1537 2157 1569 de

292 1597 411 1637 Porta,
434 1608 498 1641 pro
520 1597 585 1629 fac.
604 1597 835 1630 decretorum
856 1598 1041 1632 Johannes
1063 1599 1106 1632 de
1128 1600 1322 1642 corcellis,
1339 1613 1405 1645 pro
1426 1602 1491 1634 sac.
1511 1602 1691 1634 medicine
1709 1603 1887 1635 Henricus
1904 1603 2075 1642 Thibouu
2092 1616 2156 1648 pro

291 1663 436 1695 natione
458 1664 607 1696 Francie
636 1664 775 1698 electus
806 1666 875 1698 suit
896 1666 1019 1698 Simon
1044 1667 1088 1699 de
1111 1668 1297 1712 Bergerss,
1329 1679 1393 1712 pro
1419 1675 1490 1701 nat.
1515 1669 1678 1701 Picardie
1714 1669 1898 1702 Johannes
1932 1670 2094 1715 d'Auchy
2123 1678 2158 1703 et

289 1730 475 1763 Johannes
497 1731 541 1763 de
564 1733 732 1764 Haneron
753 1733 790 1764 in
820 1745 905 1765 casu
929 1745 1000 1778 quo
1031 1733 1111 1767 Joh.
1142 1734 1305 1779 d’Auehy
1333 1742 1533 1777 recusaret;
1566 1748 1630 1781 pro
1657 1743 1728 1769 nat.
1758 1737 1978 1769 Normannie
2017 1737 2155 1771 electus

288 1797 356 1830 suit
376 1799 504 1831 Petrus
527 1798 698 1831 Richerii.
720 1799 823 1832 Natio
840 1800 1028 1833 Alemanie
1050 1813 1123 1833 non
1145 1801 1221 1835 vult
1242 1801 1376 1834 habere
1398 1802 1696 1836 ambassiatorem
1719 1815 1784 1848 pro
1808 1816 1916 1846 nunc,
1941 1804 2022 1848 quia
2044 1817 2154 1849 pauca

288 1864 397 1897 habet
413 1866 614 1910 supposita.

380 1959 478 1983 Partis
492 1961 539 1984 des
550 1959 641 1990 pieces
653 1964 679 1984 et
695 1965 767 1985 actes
777 1961 830 1991 qui
842 1966 1011 1986 conc-eruent
1027 1962 1114 1987 l'estat
1128 1964 1161 1986 de
1176 1962 1353 1988 l‘Universite'
1364 1964 1398 1987 de
1411 1964 1507 1992 Paris,
1521 1972 1572 1987 rec.
1584 1964 1652 1994 VIII,
1666 1964 1732 1987 alias
1744 1965 1797 1993 VII,
1810 1973 1837 1996 p.
1851 1965 1890 1989 31.
1903 1979 1930 1983 —
1945 1966 2013 1989 Haec
2026 1966 2156 1990 sufficiant

286 2011 335 2034 pro
348 2003 397 2026 hoc
410 2004 553 2030 volumine.
570 2008 673 2028 caetera
686 2005 791 2037 require
803 2006 829 2028 in
840 2009 902 2029 tom.
918 2007 938 2029 V
952 2007 1080 2031 chartul.

380 2049 474 2072 Notum
490 2052 537 2077 est,
554 2049 580 2072 in
598 2050 644 2073 illo
662 2050 777 2073 Concilio
794 2050 876 2074 fuisse
893 2051 1019 2074 sancitam
1036 2052 1254 2082 Praymaticam
1267 2053 1449 2083 sanctionem,
1463 2062 1478 2076 a
1493 2061 1554 2084 rege
1567 2053 1631 2076 Julii
1647 2054 1842 2085 7pub1icatam,
1856 2054 1881 2077 in
1896 2063 1946 2086 qua
1957 2055 1988 2078 de
2000 2055 2155 2079 auctoritate

287 2093 473 2122 conciliorum,
490 2094 522 2117 de
539 2094 725 2118 beneficiorum
743 2095 892 2126 collatione,
913 2096 944 2119 de
965 2096 1145 2125 electionibus,
1163 2087 1530 2128 appellationibusfannatis,
1550 2106 1660 2129 regnum
1683 2099 1808 2122 Franciae
1829 2095 2006 2130 tangentibus,
2026 2100 2155 2131 agebatur

286 2137 349 2166 (vid.
363 2138 441 2161 Arch.
457 2142 521 2165 nat..
536 2140 582 2162 X¹¹¹
595 2140 665 2168 8605,
681 2140 726 2164 sol.
742 2141 839 2169 57-68):
855 2141 979 2165 Ordonn.
993 2143 1039 2166 des
1054 2142 1119 2171 reis,
1137 2142 1204 2169 XIII,
1218 2150 1245 2173 p.
1262 2143 1305 2165 267
1326 2144 1404 2174 sqq.).
1420 2144 1503 2174 Saepe
1521 2143 1677 2172 affirmatur,
1695 2143 1899 2167 Univcrsitatein
1915 2144 1999 2168 Paris.
2015 2145 2153 2168 obnoxiam

286 2182 376 2206 fuisse.
393 2183 565 2207 Concedimus
582 2184 629 2207 hoc
645 2188 771 2216 quantum
783 2186 815 2208 ad
826 2185 955 2208 theoriam
967 2186 997 2209 de
1008 2186 1164 2209 auctoritate
1175 2187 1360 2210 Conciliorum.
1373 2188 1505 2215 Quantum
1517 2196 1578 2210 vcro
1590 2189 1622 2210 ad
1634 2188 1813 2211 subtrahenda
1826 2189 1950 2212 beneficia
1961 2198 2019 2213 cum
2031 2190 2153 2213 omnibus

285 2227 392 2250 annexis
408 2236 423 2251 a
444 2237 545 2252 summo
566 2229 698 2260 pontifice,
720 2230 884 2253 Universitas
905 2230 938 2253 ab
956 2239 998 2254 an.
1020 2231 1079 2253 'l‘112
1101 2232 1143 2260 (cs.
1164 2231 1198 2254 nig
1217 2232 1287 2260 1953,
1307 2232 1374 2261 ww»)
1396 2240 1444 2263 pro
1467 2232 1560 2263 majori
1581 2236 1656 2263 parte
1676 2233 1841 2256 collationem
1862 2233 2048 2257 beneficiorum
2068 2243 2153 2266 papae

285 2272 454 2307 adjudicavit,
471 2282 513 2296 an.
527 2275 586 2297 1‘118
598 2277 689 2297 contra
701 2275 824 2298 Cal-olum
836 2275 999 2306 delphinum,
1011 2284 1053 2299 nn.
1067 2276 1126 2299 1419
1137 2279 1227 2299 contra
1240 2277 1433 2299 Parlamentum
1443 2277 1623 2308 propugnavit
1637 2278 1699 2306 (vid.
1712 2282 1749 2300 11⁰⁸
1761 2279 1829 2307 209⁶,
1844 2279 1914 2307 2098,
1925 2287 1951 2309 p.
1966 2280 2020 2306 358,
2034 2284 2062 2302 η’)
2072 2280 2152 2307 2128).

285 2317 395 2340 Carolus
411 2318 465 2346 VH,
482 2318 526 2349 qui
542 2327 584 2341 an.
598 2319 658 2342 1418
671 2319 822 2350 delphinus,
839 2328 942 2351 semper
957 2320 1089 2351 opinionis
1104 2321 1162 2349 suit,
1178 2321 1344 2344 collationem
1361 2322 1394 2344 ad
1409 2322 1547 2344 ecclesiam
1563 2322 1726 2345 Gallicanam
1742 2322 1882 2353 pertinere,
1896 2326 1921 2346 et
1936 2332 1978 2347 an.
1994 2324 2054 2346 1426
2067 2324 2151 2346 solum

285 2361 407 2384 utilitatis
423 2370 502 2385 causa
518 2363 630 2386 Martino
646 2364 666 2386 V
681 2364 821 2387 obsecutus
835 2367 883 2387 est.
897 2365 991 2387 Potens
1007 2366 1091 2388 sactus
1106 2369 1178 2388 tanto
1194 2365 1318 2388 libentius
1333 2366 1476 2389 secundum
1489 2366 1627 2397 judicium,
1640 2367 1708 2397 quod
1722 2367 1784 2389 olim
1798 2370 1826 2390 ut
1837 2367 1977 2398 delphinus
1991 2368 2151 2399 proferebat,

284 2406 346 2437 egit,
363 2415 422 2429 cuin
443 2407 527 2438 major
541 2416 604 2439 pars
624 2409 804 2439 praelatorum
822 2409 947 2432 Franciae
966 2409 989 2432 ei
1011 2409 1238 2439 obsecundaverit‚
1260 2413 1285 2433 et
1302 2410 1467 2434 Universitas
1488 2414 1550 2433 tunc
1568 2411 1674 2434 minime
1694 2411 1762 2434 sicut
1779 2420 1822 2435 an.
1842 2412 1902 2435 1418
1918 2412 1988 2435 viam
2004 2413 2151 2441 incesserit,

284 2451 345 2474 licet
360 2454 460 2482 postea,
475 2455 504 2475 ut
521 2460 550 2475 ex
563 2454 701 2477 Aue-tario
717 2454 740 2476 lI
754 2454 906 2484 videndum,
921 2462 1025 2486 semper
1040 2458 1130 2478 contra
1142 2455 1351 2485 praqmazicam
1363 2456 1539 2480 sanctionem
1554 2464 1581 2479 se
1597 2456 1779 2480 declaraverit.

283 2605 427 2643 2522.
451 2616 588 2642 [facultas
610 2617 788 2644 decretorum
801 2618 958 2644 Iohannem
977 2618 1127 2653 Cltuffarcli
1149 2623 1176 2644 et
1193 2619 1382 2645 Eustachium
1399 2619 1546 2654 Mareade,
1563 2619 1674 2653 legatos
1690 2619 1730 2645 ad
1746 2628 1837 2654 regem
1853 2621 1965 2655 missos,
1982 2625 2150 2657 praesentes

372 2669 499 2701 reputat.

1525 2715 1603 2743 7438,
1620 2714 1680 2739 Maii
1694 2715 1732 2743 15,
1751 2715 1865 2741 Parisiis.

372 2800 475 2833 Jovis
498 2807 579 2845 post
601 2801 752 2834 Cantate
767 2802 850 2834 anni
872 2802 1056 2834 millesimi
1074 2803 1260 2836 XXXVIII
1284 2802 1454 2834 dominus
1474 2802 1658 2835 Johannes
1680 2801 1866 2835 Chuss'ardi
1882 2809 1917 2835 et
1933 2804 2149 2837 Eustachius

284 2867 450 2899 Mareade
473 2867 561 2900 alias
579 2867 685 2901 electi
708 2881 772 2913 per
792 2869 996 2902 facultatem
1019 2869 1063 2902 ad
1085 2870 1241 2902 eundum
1267 2869 1415 2910 Bituris,
1442 2869 1485 2902 ad
1511 2869 1714 2902 mandatum
1738 2869 1875 2902 domini
1897 2871 2011 2904 nostri
2035 2872 2146 2917 regis,
