2502 3418
259 330 355 367 1439]
602 344 647 364 AB
682 344 786 365 ANNO
823 340 1109 365 mecerxxxxw
1145 340 1274 368 USQUE
1310 340 1357 362 AD
1392 340 1529 361 ANNUM
1564 341 1768 362 mcccctii.
2057 332 2118 363 611

347 418 449 458 Item,
472 424 507 450 et
527 417 588 450 ubi
623 417 676 450 eis
701 418 964 450 concederetur
993 415 1136 460 publica
1166 414 1367 454 audiencia,
1396 414 1580 446 habebunt
1615 415 1810 447 ostendere
1846 415 2118 447 neccessitatem

258 483 355 528 pacis
376 484 628 529 componende
650 484 685 516 in
706 484 773 517 hoc
798 495 913 528 regno
934 481 1252 521 christianissimo,
1276 481 1490 513 detestando
1513 487 1548 513 et
1568 481 1789 525 apperiendo
1812 481 1900 513 mala
1923 494 1992 525 que
2014 482 2120 514 adve-

258 557 391 583 nerunt
410 557 444 583 et
464 551 610 584 assidue
633 557 836 595 emergunt,
859 550 1050 582 occasione
1072 548 1362 581 continuacionis
1383 560 1596 592 guerrarum
1625 548 1661 579 in
1692 560 1806 592 regno
1837 548 1962 579 eodem
1989 560 1995 580 :
2024 555 2058 580 ct
2079 560 2120 580 cx

256 617 424 659 adverso,
446 618 709 651 manifestando
731 617 824 651 bona
845 618 963 650 sutura
981 628 1046 661 per
1066 615 1250 661 generalis
1270 615 1368 659 pacis
1389 615 1632 659 adeptionem,
1665 614 1844 647 laudando
1871 621 1906 647 et
1932 615 2119 647 exaltando

255 684 372 728 ipsius
393 684 491 729 pacis
512 691 548 717 et
567 685 772 718 desiderate
794 684 941 717 unionis
957 684 1125 723 fructum,
1149 682 1380 715 serenitatem
1399 689 1434 715 et
1454 682 1625 727 quietem,
1649 681 1865 714 declarando
1883 682 1979 725 quod
1996 682 2120 714 felices

255 758 362 784 erunt
381 758 464 796 post
484 758 578 784 tanta
603 764 815 796 guerrarum
838 751 1061 792 discrimina,
1084 750 1146 795 qui
1171 750 1208 783 in
1234 749 1313 782 dies
1339 761 1426 782 suos
1448 761 1570 793 pacem
1597 749 1710 794 ipsam
1738 755 1909 793 poterunt
1932 749 2118 787 invenire;

255 818 388 862 quibus
413 820 461 862 (et
481 819 654 864 precipue
676 819 729 852 eis
750 819 812 864 qui
833 819 927 852 circa
948 818 1046 863 pacis
1067 817 1185 850 media
1215 816 1435 858 laborarunt)
1463 816 1658 861 plurimum
1681 823 1737 848 est
1757 823 1793 848 et
1822 816 1890 848 erit
1915 816 2120 861 regracian-

254 885 353 926 dum,
380 892 415 918 et
443 886 496 919 eis
523 886 692 919 universa
714 885 818 931 plebs
848 886 1036 926 afficietur,
1064 891 1186 930 preter
1215 884 1383 916 meritum
1414 890 1578 916 eternum
1606 883 1703 928 quod
1731 895 1749 915 a
1777 895 1918 915 summo
1940 882 2117 915 bonorum

254 951 474 985 retributore
495 959 779 997 consequentur.

344 1020 447 1061 Item,
471 1026 506 1052 et
532 1019 740 1065 specialiter
764 1020 898 1065 poterit
923 1026 958 1052 et
979 1019 1137 1059 ostendi,
1168 1024 1299 1063 quanta
1325 1030 1342 1050 a
1370 1023 1456 1050 xxxa
1486 1018 1604 1058 annis,
1637 1018 1828 1050 occasione
1865 1029 2011 1062 guerre,
2053 1017 2120 1049 hoc

253 1086 462 1119 miserabile
484 1099 636 1132 regnum
658 1086 813 1120 subierit
833 1087 1063 1127 detrimenta,
1082 1085 1223 1119 scilicet
1242 1085 1279 1117 in
1305 1085 1539 1118 desolacione
1560 1084 1796 1117 ecclesiarum
1819 1091 1853 1117 et
1874 1084 2120 1117 diminucione

253 1153 373 1186 cultus
394 1154 521 1196 divini,
543 1154 579 1186 in
601 1154 839 1199 opprobrium
870 1161 906 1186 et
925 1160 1171 1198 contemptum
1194 1152 1279 1185 fidei
1304 1152 1480 1185 catholice
1511 1158 1546 1185 et
1566 1151 1768 1184 orthodoxe
1799 1152 2003 1197 religionis.
2033 1152 2123 1184 Sunt

253 1220 349 1253 enim
371 1221 547 1253 immense
569 1221 724 1254 ecclesie
746 1233 852 1254 manu
881 1220 1058 1266 sacrilega
1079 1219 1289 1265 depredate,
1313 1219 1438 1252 orbate
1460 1219 1676 1264 presbiteris
1699 1226 1733 1251 et
1758 1219 1905 1264 populo,
1938 1219 2122 1252 destructe

254 1294 289 1320 et
322 1287 358 1320 in
393 1287 533 1320 ruinam
565 1287 837 1333 irreparabilem
875 1288 1052 1332 collapse3
1090 1299 1192 1320 sacre
1230 1286 1383 1331 reliquie
1414 1293 1449 1319 et
1478 1298 1560 1319 vasa
1591 1298 1691 1318 sacra
1719 1286 1877 1319 violenta
1911 1286 2121 1331 direpcione

253 1361 449 1399 asportata,
472 1367 553 1399 ymo
571 1355 689 1400 ipsum
712 1355 1025 1400 preciosissimum
1048 1354 1185 1388 Christi
1207 1365 1341 1398 corpus
1367 1365 1454 1398 sepe
1480 1353 1620 1385 infideli
1647 1354 1846 1386 temeritate
1878 1353 2123 1386 irreverenter

253 1428 453 1463 tractatum,
477 1428 513 1454 et
531 1422 652 1455 viliter
672 1422 771 1454 humi
789 1423 1004 1467 projectum,
1027 1422 1070 1454 ad
1091 1421 1394 1466 depredacionem
1418 1420 1511 1453 sacri
1532 1420 1628 1453 vasis
1646 1420 1689 1453 ad
1711 1421 1790 1465 ejus
1811 1420 2010 1453 custodiam
2029 1420 2121 1452 ordi-

253 1488 339 1521 nati.
357 1489 447 1521 Sunt
467 1489 619 1534 insuper
639 1488 833 1522 homicidia
854 1489 1056 1529 innumera,
1075 1489 1185 1521 eciam
1208 1488 1245 1520 in
1267 1488 1380 1521 sacris
1403 1494 1605 1532 perpetrata
1626 1487 1769 1529 edibus,
1794 1487 1925 1532 templa
1946 1499 2121 1520 succensa

253 1555 343 1600 igni,
371 1562 407 1588 et
426 1556 470 1588 ad
491 1568 531 1588 ea
553 1556 792 1601 reffugientes
818 1557 1047 1597 innocentes,
1074 1555 1236 1601 qualibet
1261 1562 1380 1600 spreta
1411 1555 1621 1596 emunitate,
1650 1554 1787 1599 absque
1818 1555 1988 1595 oss'ensa¹,
2017 1554 2122 1587 inhu-

254 1623 407 1655 maniter
437 1623 620 1665 trucidati,
654 1623 849 1665 combusti,
882 1630 941 1656 aut
975 1623 1076 1665 alias,
1110 1622 1247 1667 absque
1278 1622 1422 1667 pietate,
1459 1621 1580 1667 gladio
1611 1622 1851 1666 intere1n1)ti‘·'.
1879 1623 2004 1666 Neque
2036 1634 2122 1655 vero

253 1689 414 1722 describi
438 1697 590 1735 possent
610 1691 819 1735 tyrannides
841 1690 975 1735 quibus
996 1690 1248 1723 indifferenter
1269 1696 1335 1722 tam
1355 1689 1521 1734 religiosi
1541 1695 1599 1722 aut
1619 1689 1872 1731 ecclesiastici,
1893 1701 1996 1734 quam
2018 1701 2123 1722 secu-

252 1755 360 1799 lares,
374 1757 496 1802 impiis
509 1757 676 1790 manibus
689 1764 724 1790 et
736 1758 892 1791 diversis
906 1764 1182 1799 tormentorum,
1196 1757 1427 1802 questionum
1443 1763 1477 1789 et
1489 1768 1660 1801 penarum
1675 1756 1876 1801 generibus
1890 1763 1974 1789 sunt
1988 1757 2120 1798 afflicti,

252 1823 342 1856 adeo
361 1824 458 1869 quod
480 1824 592 1857 eciam
610 1824 779 1858 infideles
797 1832 832 1858 et
852 1825 982 1870 pagani
1003 1824 1178 1870 populum
1208 1824 1443 1856 christianum
1471 1830 1538 1856 tam
1563 1824 1702 1856 enormi
1724 1823 1937 1856 crudelitate
1971 1831 2122 1857 tractare

252 1897 480 1932 vererentur,
499 1891 529 1924 si
547 1891 685 1924 eisdem
704 1892 877 1925 tributum
900 1892 1128 1925 redderetur.
1147 1892 1287 1934 Quante
1306 1891 1457 1935 insuper
1473 1890 1645 1923 mulieres
1662 1890 1807 1932 violate,
1824 1891 1987 1935 virgines
2009 1891 2122 1924 desso-

253 1964 342 1999 rate,
363 1958 533 2003 conjugia
550 1959 680 2000 sedata,
703 1966 925 2004 pregnantes
946 1959 1122 1991 mulieres
1150 1959 1337 1999 suffocate,
1365 1964 1487 2003 partus
1511 1964 1546 1990 et
1567 1958 1707 2002 parvuli
1728 1957 1865 2002 absque
1888 1957 2066 2003 baptismo
2088 1965 2123 1991 et

253 2036 340 2069 sepe
362 2025 398 2057 in
420 2032 523 2058 utero
550 2026 673 2059 matris
699 2026 891 2071 periclitati
921 2027 1007 2066 sint,
1035 2026 1186 2071 exprimi
1209 2038 1281 2058 nou
1304 2032 1441 2070 posset.
1465 2026 1633 2058 Preterea
1655 2025 1883 2058 edificiorum
1912 2026 2119 2067 demolicio,

254 2099 288 2125 et
306 2092 408 2124 ruina
429 2093 606 2126 immensa
627 2100 754 2138 patens
777 2100 850 2135 est3
875 2100 910 2126 ct
934 2106 1007 2126 non
1029 2100 1082 2126 est
1104 2093 1165 2138 qui
1196 2100 1310 2125 terras
1338 2092 1395 2126 vel
1415 2104 1524 2137 agros
1554 2093 1682 2125 audeat
1708 2093 1886 2134 excolere,
1914 2105 2032 2138 neque
2060 2105 2123 2138 per

251 2159 329 2192 vias
350 2159 520 2192 incedere
541 2160 609 2193 5111)
630 2161 702 2194 vite
723 2160 905 2206 periculo;
929 2167 975 2200 et,
999 2160 1096 2205 quod
1121 2160 1219 2205 pium
1242 2167 1298 2193 est
1319 2160 1469 2199 referre,
1493 2160 1652 2192 omnium
1675 2160 1791 2192 oculis
1817 2160 1974 2192 innotuit
1994 2153 2118 2202 sames,

253 2226 434 2259 calamitas
451 2233 486 2259 et
507 2227 664 2269 miseria,
688 2228 822 2273 quibus
843 2228 1036 2261 mullitudo
1062 2240 1189 2272 magna
1211 2227 1336 2272 populi
1359 2234 1391 2259 et
1418 2227 1649 2271 parvulorum
1673 2226 1736 2259 hac
1758 2227 1949 2259 occasione
1978 2228 2117 2272 periit³.

253 2294 296 2326 Et
318 2300 353 2326 111
377 2293 485 2327 multa
514 2294 616 2328 brevi
641 2295 754 2328 verbo
778 2295 956 2336 dicantur,
990 2295 1026 2327 in
1057 2301 1190 2327 tantum
1214 2294 1304 2327 mala
1325 2301 1575 2335 excreverunt,
1605 2294 1702 2338 quod
1734 2293 1855 2335 n[ulla]
1886 2294 2057 2339 iniquitas
2087 2302 2121 2328 et

251 2360 417 2406 impietas
439 2373 550 2406 super
571 2362 770 2407 excogitari
786 2362 913 2396 valeat,

342 2429 443 2470 Item,
468 2435 503 2462 et
525 2429 764 2462 ostendantur
784 2429 874 2463 mala
902 2430 1075 2475 predicta,
1097 2430 1289 2462 occasione
1318 2441 1450 2473 guerre
1481 2435 1616 2470 exorta,
1647 2435 1715 2461 tam
1737 2441 1801 2473 per
1821 2430 1951 2462 sactum
1974 2434 2119 2475 [guerre

252 2499 370 2540 quam]
391 2507 456 2540 per
476 2507 649 2529 excessus
672 2503 706 2530 et
732 2497 1037 2542 indisciplinatam
1060 2497 1292 2529 insolentiam
1319 2502 1550 2534 armatorum,
1582 2495 1733 2528 obedire
1762 2496 1822 2528 diu
1852 2497 2118 2539 nesc[i0rum]'‘,

253 2562 314 2607 qui
341 2574 467 2595 omnes
497 2563 587 2596 adeo
614 2570 698 2596 sunt
732 2564 906 2597 malorum
939 2564 1082 2597 cumulo
1114 2563 1369 2597 universaliter
1391 2563 1516 2604 dediti,
1540 2569 1579 2595 ut
1600 2564 1673 2607 jam
1700 2563 1806 2595 fidem
1840 2563 2049 2597 catholicam
2087 2571 2121 2597 et

253 2641 395 2662 omnem
414 2630 480 2662 Dei
502 2630 667 2663 timorem
689 2637 749 2664 aut
765 2631 931 2664 noticiam
954 2644 972 2664 a
994 2643 1033 2664 se
1050 2631 1240 2664 videantur
1262 2630 1406 2675 penitus
1423 2629 1615 2674 abjecisse.

342 2698 445 2738 Item,
468 2704 503 2730 et
523 2697 674 2730 multum
696 2705 914 2743 agraventur
939 2699 976 2731 in
998 2698 1298 2731 inconveniencia
1317 2697 1438 2742 (proth
1460 2697 1575 2740 dolor)
1597 2698 1845 2742 contingentia
1871 2699 2119 2743 perdicionem

253 2764 449 2796 animarum
473 2776 543 2809 que
566 2765 757 2798 occasione
779 2766 913 2810 prefata
934 2765 1182 2799 verisimiliter
1202 2765 1401 2809 perierunt,
1430 2764 1460 2797 51
1486 2764 1607 2797 divina
1628 2765 1818 2798 miseracio
1841 2778 2027 2811 compassa
2049 2779 2121 2799 non

252 2831 363 2864 fuerit
385 2843 392 2863 ε
412 2843 523 2876 super
544 2832 677 2877 quibus
699 2833 734 2865 in
760 2833 934 2874 futurum,
956 2839 1131 2878 arguente
1158 2832 1279 2865 diviua
1295 2832 1454 2876 justicia,
1480 2832 1661 2864 racionem
1688 2839 1773 2865 sunt
1794 2833 1971 2866 reddituri
1997 2834 2050 2867 illi
2078 2835 2121 2867 ad

253 2910 345 2944 quos
362 2899 568 2943 providisse
591 2906 741 2944 spectat,
760 2900 790 2932 si
812 2900 973 2933 debitum
997 2899 1219 2945 provisionis
1238 2912 1309 2931 11011
1330 2899 1609 2944 adimpleverint
1629 2899 1798 2932 officium.
