2502 3418
389 330 454 362 416
961 340 1277 362 CHARTULAniUM
1311 339 1502 362 Uvanns.
1538 339 1667 361 PAnis.
2151 325 2250 362 [1423

390 415 554 448 nosdites
575 415 700 448 lettres
722 415 854 448 dessus
876 415 1067 460 escriptes.
1100 417 1143 448 Et
1172 427 1211 448 se
1242 415 1414 460 pardessa
1443 414 1468 455 il
1488 426 1581 447 vous
1611 408 1729 458 plaist'
1745 424 1838 446 nous
1859 413 2092 447 commander
2111 424 2250 446 aucune

390 481 499 514 chose
521 494 613 515 nous
634 482 666 515 la
687 482 930 527 acomplirons
952 489 1219 527 promptement
1239 482 1284 515 de
1305 489 1387 515 tous
1408 493 1475 514 nos
1496 481 1657 526 povoirs.
1676 482 1766 513 Tres
1784 480 1950 524 puissant
1970 481 2108 525 prince,
2127 486 2251 513 nostre

391 548 490 581 chier
513 556 548 582 et
573 549 753 594 singulier
773 549 959 594 seigneur,
982 549 1074 582 Dieu
1096 562 1159 594 par
1184 561 1222 582 sa
1243 550 1358 582 sainte
1379 560 1486 594 grace
1507 559 1598 581 vous
1626 547 1728 580 doint
1751 547 2015 580 acroissement
2034 547 2079 580 de
2100 558 2252 592 prospe-

391 615 458 648 rite
478 615 614 661 longue
636 623 671 649 et
690 620 797 661 apres
818 628 858 649 ce
878 616 1013 649 felicite
1035 628 1118 649 sans
1140 616 1201 649 fin.

484 714 601 738 Minuta
616 714 731 737 chartac.
745 714 771 737 in
787 715 864 738 Arch.
882 718 935 738 nut-
952 715 1046 743 Puris„
1062 715 1086 738 M
1097 714 1149 743 65¹⁷,
1165 719 1194 737 n⁰
1210 715 1239 737 53
1255 714 1327 743 (olim
1343 714 1371 736 Α,
1385 714 1408 736 3.
1424 714 1472 743 ee).
1482 726 1514 730 —
1526 713 1591 736 Cum
1606 712 1639 735 iis
1652 711 1773 743 epistolis
1789 711 1903 735 Thomas
1920 711 2040 735 Monachi
2053 711 2137 743 April.
2151 712 2181 735 15
2192 720 2204 735 α
2219 712 2253 735 ad

391 758 479 788 regale
491 758 631 781 consilium
646 758 781 782 Ambianis
801 759 988 782 celebrandum
1004 768 1015 782 »
1032 759 1130 782 missus
1146 762 1193 787 est,
1208 762 1234 782 et
1247 758 1347 789 recepit
1366 758 1411 781 100
1426 757 1475 780 sol.
1495 757 1579 788 paris.
1596 756 1674 786 (Bibl.
1689 759 1744 780 nat.
1759 756 1853 786 Paris„
1870 764 1919 780 ms.
1935 757 1984 780 lat.
1998 757 2068 786 5494,
2083 764 2110 788 p.
2128 757 2177 786 25).
2195 757 2255 780 Am-

391 802 478 825 hiauis
491 803 560 826 enim
576 803 627 826 dux
644 803 809 833 Bedsordiae,
829 804 881 826 dux
899 804 1077 835 Burgundiae,
1090 803 1223 827 Johannes
1242 803 1294 826 dux
1308 802 1460 826 Britanniae
1475 804 1501 825 et
1517 802 1614 825 Arthus
1630 809 1717 825 eomes
1737 801 1768 824 de
1789 801 1943 824 Richemont
1962 809 2014 824 una
2029 801 2144 824 inierunt
2160 801 2253 825 foedus

391 855 402 870 α
416 848 431 869 fi
446 847 572 870 debouter
582 848 619 870 les
635 856 742 879 guez-res
756 848 817 871 hors
831 849 862 871 de
877 857 905 871 ce
920 857 1053 880 royaume,
1070 852 1095 871 et
1106 848 1130 871 le
1146 851 1238 871 mettre
1253 856 1285 871 en
1300 847 1362 878 pnix
1377 850 1402 870 et
1412 846 1592 878 transquillite
1608 854 1630 870 ν.
1647 847 1760 876 (Chron.
1777 847 1809 870 de
1824 846 1994 876 Monscrelet,
2011 845 2053 876 lv,
2070 846 2134 876 147).

485 931 509 955 1.
526 931 580 954 Sub
596 940 607 954 «
623 931 736 954 inimicis
752 940 764 955 ³>
781 932 855 963 regni
870 932 995 955 Frunciae
1013 932 1055 955 hic
1070 935 1096 955 et
1114 935 1205 963 postea
1226 931 1357 963 imprimis
1378 931 1488 954 Carolus
1501 931 1548 954 vn
1562 930 1750 961 intelligendus
1766 933 1815 953 est.
1830 944 1860 947 —
1875 929 1900 955 2.
1916 930 1953 953 Ea
1967 930 2080 961 epistola
2096 930 2123 953 in
2138 930 2254 955 minuta

391 975 467 998 lineis
482 976 643 999 transversis
659 977 804 1000 cancellata
819 980 867 1000 est.
881 991 912 995 —
925 977 949 1001 3.
966 977 1116 1008 Sequuntur
1131 976 1325 1000 exhortationes
1341 976 1374 999 ad
1389 984 1482 1007 pacem
1497 975 1565 999 inter
1579 983 1669 1006 regem
1682 978 1708 998 et
1721 974 1856 1006 principes
1871 975 1984 998 duorum
1998 983 2150 1008 regnorum.

393 1133 536 1170 2210.
559 1140 732 1176 Alphonsus‚
750 1149 803 1166 rex
816 1141 992 1175 Aragoniae,
1010 1140 1151 1176 deplorat,
1169 1139 1245 1176 quod
1260 1140 1289 1165 in
1304 1140 1454 1176 provincia
1469 1138 1636 1173 Aragoniae
1653 1138 1783 1165 nonnulli
1794 1140 1903 1173 fratres
1924 1139 1990 1165 Ord.
2008 1139 2114 1166 Praed.
2135 1139 2254 1176 quinon

480 1191 570 1217 solum
598 1199 653 1216 non
672 1189 879 1225 compleverint,
904 1189 957 1215 sed
980 1198 1030 1215 nec
1054 1189 1247 1215 inchoaverint
1269 1198 1369 1215 cursus
1391 1197 1459 1214 suos
1479 1192 1506 1215 et
1522 1188 1639 1224 penitus
1663 1188 1768 1223 ignari.
1791 1189 1965 1214 auctoritate
1990 1188 2152 1215 litterarum
2174 1189 2254 1216 sedis

481 1239 660 1276 apostolicae
678 1238 719 1264 vel
736 1238 894 1273 legatorum
910 1238 949 1264 ad
965 1238 1087 1273 gradum
1103 1238 1264 1273 magisterii
1281 1238 1310 1264 in
1328 1237 1412 1264 theol.
1426 1238 1553 1274 promoti
1571 1238 1638 1264 sint.
1653 1237 1833 1273 Proindeque
1847 1238 1991 1264 Martinus
2012 1238 2156 1273 Vstatuit,
2179 1238 2255 1274 quod

481 1289 576 1315 nullus
592 1288 726 1324 deinceps
740 1297 776 1314 ex
792 1288 934 1322 fratribus
951 1287 1055 1314 ibidem
1067 1291 1276 1324 promoveatur,
1293 1287 1351 1313 nisi
1364 1287 1448 1323 prius
1462 1287 1504 1313 vel
1519 1287 1547 1312 in
1564 1288 1642 1313 Rom.
1661 1287 1754 1318 curia.
1771 1287 1817 1314 vel
1825 1287 1959 1322 Parisiis,
1977 1288 2134 1323 Bononiae,
2153 1288 2256 1314 Oxonii

483 1343 534 1364 aut
555 1338 771 1364 Salamanticae
790 1346 844 1373 per
863 1337 1085 1372 quadriennium
1110 1337 1283 1371 theologiam
1307 1336 1407 1371 legerit
1429 1336 1526 1372 ibique
1548 1346 1649 1362 cursus
1668 1346 1736 1362 suos
1760 1336 1940 1373 compleverit
1961 1341 1988 1363 et
2005 1341 2074 1374 post
2096 1338 2254 1372 rigorosum

482 1396 601 1414 examen
616 1387 759 1420 sufficiens
774 1386 941 1412 declaratus
956 1387 1055 1420 suerit.
1072 1387 1137 1413 Dat.
1154 1387 1245 1413 Rome
1259 1394 1305 1420 ap.
1324 1387 1350 1412 S.
1367 1387 1486 1412 Petrum
1501 1386 1546 1420 xvj
1560 1386 1617 1412 kal.
1632 1386 1647 1412 J
1651 1386 1724 1416 unii,
1740 1394 1819 1412 anno
1833 1388 1922 1413 sexto.
1941 1396 1955 1410 «
1970 1387 2049 1413 Inter
2064 1388 2170 1413 ceteros
2185 1396 2210 1413 ».

1651 1475 1725 1506 7423,
1741 1476 1800 1502 Maii
1815 1476 1853 1506 17,
1868 1477 1970 1502 Romae.

482 1566 545 1596 Reg.
562 1565 619 1588 Vat.
635 1566 713 1588 Mart.
727 1565 757 1595 V,
773 1569 802 1588 n⁰
816 1565 872 1594 354,
887 1565 932 1588 fol.
948 1564 1015 1588 26312.
1032 1565 1164 1594 Luteran„
1180 1573 1222 1587 an.
1239 1565 1262 1592 6,
1277 1564 1324 1588 lib.
1336 1565 1359 1593 1,
1371 1565 1416 1588 sol.
1434 1564 1500 1588 1791’.
1517 1565 1625 1593 Rmou,
1640 1564 1719 1589 Bull.
1735 1565 1801 1589 Ord.
1817 1565 1930 1594 Praed„
1947 1565 1980 1594 11,
1995 1573 2023 1597 p.
2036 1565 2091 1589 622.
2105 1578 2137 1583 —
2150 1565 2255 1589 Nihilo-

389 1610 476 1633 minus
491 1613 583 1641 postea
599 1612 727 1633 statutum
742 1609 768 1632 id
784 1609 914 1640 optimum
927 1618 978 1632 non
997 1609 1200 1638 observabatur,
1221 1612 1246 1632 et
1265 1617 1336 1640 papa
1356 1609 1530 1640 dispensavit,
1547 1618 1572 1632 v.
1589 1618 1615 1641 g.
1629 1617 1672 1633 an.
1689 1610 1749 1633 1427
1765 1610 1936 1633 Laurentium
1958 1610 2084 1642 Scopolut
2100 1610 2254 1642 provinciae

389 1655 535 1685 Aragoniue
549 1655 653 1686 (Suppl.
670 1654 745 1678 Mart.
762 1655 792 1684 V,
809 1659 838 1677 n⁰
853 1655 905 1685 201,
920 1654 965 1678 sol.
980 1655 1045 1684 238).

392 1813 483 1849 221
496 1813 535 1849 1.
557 1821 700 1847 Joliannes
716 1821 879 1857 Daerling⁴‚
900 1831 975 1856 mag.
992 1822 1019 1847 in
1036 1826 1102 1856 art.‚
1119 1822 1285 1848 licentiatus
1301 1823 1330 1848 in
1346 1822 1442 1857 theol„
1459 1822 1655 1849 Aberdonens.
1672 1822 1775 1857 dioec„
1794 1824 2023 1858 consanguineus
2038 1824 2114 1858 regis
2130 1824 2254 1858 scotiae,

479 1872 528 1906 qui
543 1871 667 1897 Parisiis
686 1871 810 1897 lecturas
827 1872 855 1896 in
870 1871 968 1897 Biblia
987 1875 1013 1897 et
1032 1872 1204 1906 Sententias,
1221 1871 1407 1907 diversasque
1423 1872 1623 1908 responsiones
1638 1876 1726 1908 atque
1741 1881 1885 1899 sermones
1897 1881 1951 1909 pro
1967 1872 2086 1899 licentia
2100 1873 2256 1909 requisitos

481 1920 585 1946 ibidem
606 1920 724 1956 peregit,
748 1930 762 1946 ε(
785 1924 881 1946 tamen
900 1921 1089 1946 causantibus
1110 1921 1323 1947 turbationibus
1340 1922 1469 1958 partium
1491 1921 1607 1947 illarum
1627 1921 1738 1956 gradus
1760 1921 1874 1948 licentie
1897 1931 1953 1948 non
1973 1922 2089 1953 ibidem,
2105 1922 2158 1948 sed
2174 1926 2255 1959 post-

480 1969 591 1995 modum
607 1970 636 1995 in
650 1971 728 1995 Rom.
746 1970 827 1995 curia
845 1970 1004 2003 obtinuit»,
1023 1970 1170 2006 supplicat
1183 1971 1309 1997 Martino
1329 1972 1355 2006 V,
1372 1975 1403 1996 ut
1415 1971 1601 1997 nihilominus
1613 1971 1713 2006 gratia
1731 1971 1928 2007 exspectativa
1942 1971 2000 1997 sibi
2017 1975 2105 1998 antea
2120 1980 2256 1998 concessa

480 2019 540 2053 frui
553 2019 655 2055 possit.
673 2034 707 2038 —
722 2020 792 2045 Fiat.
810 2019 843 2045 O.
858 2035 892 2038 —
908 2020 971 2045 Dat.
989 2020 1080 2046 Rome
1094 2020 1173 2054 apud
1189 2020 1216 2046 S.
1231 2021 1352 2046 Mariam
1367 2021 1506 2054 Majorem
1521 2022 1627 2054 quarto
1643 2021 1699 2047 kal.
1716 2021 1797 2050 Julii,
1813 2029 1892 2048 anno
1904 2023 1992 2047 sexto.

1639 2111 1714 2141 7423,
1730 2111 1798 2137 dunis
1811 2112 1856 2140 28.
1869 2112 1970 2138 Romae.

484 2144 548 2175 Reg.
563 2144 657 2175 Suppl.
672 2144 748 2166 Mart.
765 2144 794 2173 V,
808 2147 836 2166 n⁰
849 2144 903 2173 162,
920 2144 965 2167 sol.
981 2145 1020 2168 610.

485 2228 510 2253 1.
526 2229 561 2252 De
576 2237 628 2260 quo
643 2229 669 2251 in
685 2230 804 2253 Auctor.
819 2229 851 2252 11.

395 2333 537 2370 2212.
560 2343 686 2377 Angelus
707 2343 742 2369 de
763 2343 853 2377 Senis,
880 2343 1008 2369 minister
1021 2344 1149 2378 general.
1175 2344 1242 2371 Ord.
1262 2346 1342 2380 Min.7
1364 2346 1490 2372 Martino
1517 2345 1675 2381 Vexponit,
1698 2345 1775 2381 quod
1795 2344 1925 2371 nonnulli
1939 2345 1986 2370 sui
2006 2344 2122 2371 Ordinis
2136 2346 2253 2380 fratres,
2274 2361 2277 2363 Δ

482 2392 531 2427 qui
544 2402 643 2418 cursus
656 2401 723 2418 suos
737 2392 765 2418 in
780 2392 886 2418 studiis
900 2392 1084 2427 generalibus
1098 2402 1153 2419 non
1169 2396 1352 2429 perfecerunt
1364 2398 1391 2421 et
1404 2395 1497 2421 minus
1511 2395 1615 2430 idonei,
1632 2395 1669 2420 ab
1686 2395 1748 2431 ipso
1760 2403 1868 2420 summo
1880 2394 2018 2430 pontifice
2032 2394 2109 2428 fictis
2124 2397 2153 2420 et
2167 2393 2256 2428 falsis

482 2441 713 2476 suggestionibus
730 2441 876 2467 licentiam
892 2442 1052 2477 recipiendi
1066 2442 1188 2476 gradum
1204 2444 1366 2478 magisterii
1380 2444 1542 2479 theologiae
1556 2444 1609 2470 sub
1627 2443 1747 2470 diversis
1765 2443 1850 2470 theol.
1867 2443 2032 2469 doctoribus
2048 2447 2075 2469 et
2092 2452 2153 2469 cum
2165 2443 2259 2479 privi-

482 2491 565 2525 legiis
579 2491 704 2516 Parisiis
720 2491 963 2525 magistratorum,
984 2491 1177 2519 obtinuerunt.
1197 2494 1262 2518 Cum
1280 2493 1310 2518 id
1328 2493 1356 2518 in
1374 2493 1499 2519 dedecus
1516 2493 1696 2529 apostolicae
1710 2492 1789 2519 sedis
1805 2497 1832 2519 et
1852 2492 1967 2518 Ordinis
1982 2492 2079 2527 cadat,
2101 2492 2139 2518 ab
2158 2491 2256 2519 eodem

479 2540 615 2575 pontifice
635 2540 806 2574 facultatem
822 2541 903 2576 petit,
924 2549 942 2565 a
964 2540 1077 2567 biennio
1091 2542 1165 2567 citra
1179 2542 1222 2567 sic
1238 2541 1402 2568 licentiatos
1418 2552 1479 2568 cum
1501 2552 1554 2568 sex
1568 2542 1716 2577 magistris
1735 2542 1850 2568 Ordinis
1872 2541 2060 2568 examinandi
2083 2541 2255 2575 insufficien-

483 2593 580 2623 tesque
593 2598 611 2614 a
630 2589 724 2623 gradu
740 2589 900 2623 magisterii
914 2590 1119 2625 suspendendi.
1134 2606 1164 2610 —
1177 2591 1246 2625 Fiat,
1266 2592 1288 2617 si
1304 2600 1363 2618 non
1379 2592 1511 2618 fecissent
1527 2600 1627 2618 cursus
1642 2599 1708 2618 suos
1723 2599 1774 2626 per
1788 2592 1879 2625 prius,
1893 2591 1974 2625 quod
1986 2591 2075 2625 possit
2089 2591 2256 2618 examinare

482 2640 509 2663 ct
525 2639 706 2671 suspendere.
725 2638 758 2664 Ο.
774 2654 809 2658 -
822 2639 886 2664 Dal.
903 2639 994 2665 Rome
1012 2639 1091 2673 apud
1105 2640 1131 2665 S.
1149 2640 1269 2666 Mariam
1284 2641 1423 2674 Majorem
1436 2642 1630 2667 sextodecimo
1644 2641 1702 2667 kal.
1719 2641 1854 2674 Augusti,
1870 2649 1949 2667 anno
1963 2642 2052 2667 sexto.

1648 2731 1724 2760 1423,
1739 2731 1801 2757 dum
1813 2731 1851 2760 17,
1867 2731 1968 2757 Romae.

490 2815 553 2845 Reg.
576 2815 669 2846 Suppl.
690 2816 765 2839 Mart.
788 2817 818 2846 V,
834 2821 863 2839 11⁰
886 2817 939 2846 162,
962 2817 1006 2840 sol.
1027 2818 1093 2841 265b.
1119 2832 1144 2835 —
1169 2819 1240 2842 Insita
1265 2823 1294 2841 n⁰
1318 2819 1378 2842 2335
1401 2819 1535 2842 afferimus
1557 2827 1638 2851 super
1657 2819 1705 2842 hoe
1727 2820 1830 2843 bullam
1854 2819 2028 2851 posteriorem
2050 2819 2084 2842 ud
2112 2827 2155 2842 un.
2183 2819 2254 2852 1429,

398 2858 517 2881 Decemb.
530 2859 551 2881 1.
563 2872 593 2876 —
603 2859 661 2882 Jam
675 2868 716 2883 un.
734 2860 793 2883 1418
809 2865 833 2884 et
849 2862 907 2885 1421
922 2861 948 2884 in
964 2862 1095 2893 Capitulis
1111 2863 1279 2894 generalibus
1296 2863 1360 2887 ord.
1373 2864 1434 2887 Min.
1447 2865 1578 2893 (Mantuae
1592 2864 1642 2887 sub
1654 2864 1766 2888 Antonio
1782 2865 1813 2888 de
1829 2864 1944 2894 Pei-reto,
1956 2863 2076 2888 Forilivii
2090 2863 2140 2887 sub
2155 2863 2255 2896 Angelo

399 2902 429 2925 de
444 2902 526 2931 Senis,
542 2903 670 2927 ministris
686 2905 863 2935 generalibus)
880 2910 979 2930 statuta
995 2907 1026 2930 de
1042 2907 1138 2930 studiis
1151 2908 1222 2931 edita
1233 2911 1294 2931 sunt
1309 2909 1458 2939 (Analecta
1473 2909 1625 2939 Francisc„
1644 2910 1676 2940 11,
1691 2918 1719 2941 p.
1736 2910 1789 2938 271,
1804 2910 1868 2939 276).
