2502 3418
379 312 445 345 228
961 323 1279 346 CHARTULARIUM
1315 324 1506 346 UNIVERS.
1544 324 1673 346 PARIS.
2154 313 2251 348 [1412

381 397 537 429 Romana
570 396 802 441 corrigantur
827 404 860 429 et
889 398 1130 430 emendentur
1162 398 1303 430 meliori
1334 398 1441 430 modo
1470 409 1540 442 quo
1568 397 1647 430 fieri
1678 397 1822 442 poterit,
1851 409 1934 442 ymo
1964 392 2104 430 summe
2134 399 2250 431 eidem

380 462 537 495 facultati
560 462 725 507 placebat
745 470 780 495 et
801 463 916 508 placet
937 463 1074 496 abusus
1092 471 1127 496 et
1144 465 1373 496 extorsiones
1390 463 1601 508 hujusmodi
1622 463 1757 507 corrigi
1778 470 1813 496 et
1829 464 2027 505 emendari,
2045 476 2118 497 non
2135 471 2251 497 tamen

380 540 444 573 per
465 529 768 562 substractionem
791 529 999 563 collationis
1028 530 1289 563 beneficiorum
1317 530 1434 562 eidem
1457 530 1605 562 domino
1627 536 1753 562 nostro
1775 541 1916 563 summo
1938 531 2100 575 pontifici
2121 532 2247 564 facien·

379 595 472 636 dam,
497 608 576 628 cum
600 596 737 629 abusus
758 603 793 628 et
814 597 1043 629 extorsiones
1066 597 1220 641 predicti
1241 597 1311 629 alio
1333 596 1441 629 modo
1462 596 1623 629 sanctius
1645 602 1680 628 et
1700 596 1831 629 melius
1857 597 1992 641 corrigi
2014 604 2049 630 et
2069 599 2252 631 emendari

379 662 533 702 valeant,
553 663 617 695 sed
635 663 795 707 predicta
817 663 968 695 facultas
985 663 1154 707 pluribus
1172 663 1215 695 de
1232 663 1366 704 causis,
1386 662 1589 695 rationibus
1606 669 1640 695 et
1661 663 1806 696 motivis
1827 663 1871 696 ad
1887 663 1955 697 hoc
1974 664 2077 697 ducta
2100 672 2135 698 et
2155 666 2254 698 incli-

379 735 472 763 nata.
497 735 530 761 et
558 729 748 773 potissime
770 741 812 761 cx
835 741 876 762 eo
899 729 995 773 quod
1025 730 1061 761 in
1083 729 1244 773 predicta
1271 729 1516 762 Universitate
1538 729 1735 762 Parisiensi
1758 730 1896 774 pluries
1916 731 2148 764 concorditer
2168 732 2253 765 deli-

378 794 540 828 beratum
564 796 740 836 extiterat,
765 796 862 840 quod
884 807 957 828 non
980 795 1196 840 expediebat
1216 807 1283 828 nec
1311 796 1526 828 intentionis
1557 796 1831 841 suppositorum
1860 797 1976 842 ipsius
1998 798 2254 831 Universitatis

377 862 492 894 fuerat
512 868 572 894 aut
592 869 667 894 erat
688 861 994 894 substractionem
1021 862 1228 894 collationis
1258 861 1521 894 beneficiorum
1543 863 1660 896 eidem
1689 863 1836 897 domino
1858 871 1984 898 nostro
2006 876 2147 898 summo
2169 878 2253 910 pon-

379 927 464 960 tifici
484 928 615 969 facere,
641 940 706 960 nce
728 928 796 960 hoc
819 928 1102 972 procurantibus
1116 928 1299 961 <adherere
1321 929 1580 973 quoquomodo
1604 941 1610 962 :
1633 937 1757 963 contra
1779 942 1906 964 omnes
1927 938 1962 964 et
1983 931 2150 977 singulos
2172 932 2254 965 sub—

376 995 608 1027 stractionem
640 995 837 1039 predictam
866 995 985 1027 facere
1011 995 1179 1027 volentes
1211 1002 1247 1028 et
1276 995 1414 1028 eisdem
1442 995 1661 1030 adherentes
1689 1009 1754 1042 per
1779 997 1895 1042 ipsius
1923 998 2102 1032 facultatis
2123 1000 2250 1032 artium

376 1068 645 1105 procuratorem
669 1067 704 1093 et
725 1061 905 1093 sindicum
929 1061 1167 1094 substitutum
1190 1062 1235 1094 ad
1255 1061 1322 1095 hoc
1344 1062 1522 1107 legittime
1539 1064 1775 1097 constitutum
1798 1072 2057 1109 provocaverat
2077 1072 2112 1098 et
2131 1066 2253 1111 appel*

376 1126 509 1159 laverat
534 1127 641 1159 modo
670 1134 705 1159 et
734 1128 847 1159 forma
877 1140 942 1172 per
963 1128 1084 1172 ipsum
1107 1135 1379 1172 procuratorem
1402 1135 1437 1162 et
1458 1130 1639 1163 sindicum
1661 1131 1696 1163 in
1719 1131 1920 1164 continenti
1940 1143 2060 1164 coram
2082 1132 2252 1166 omnibus

374 1193 507 1225 ibidem
530 1193 731 1226 astantibus
753 1194 1001 1238 exprimendis
1023 1201 1057 1227 et
1079 1194 1321 1228 declarandis.

462 1260 575 1302 Quem
599 1260 743 1304 quidem
778 1267 1051 1305 procuratorem
1080 1268 1116 1294 et
1146 1261 1327 1294 sindicum
1358 1262 1394 1295 in
1425 1262 1589 1307 predicto
1611 1263 1767 1296 concilio
1797 1271 2004 1309 presentem
2036 1277 2189 1311 surgere
2218 1274 2250 1299 et

374 1326 444 1358 sibi
466 1326 711 1359 incumbentia
729 1327 847 1359 facere
869 1334 904 1359 et
925 1327 1107 1372 explicare
1125 1340 1167 1361 ex
1189 1335 1289 1373 parte
1310 1329 1490 1363 facultatis
1511 1330 1674 1375 predicte
1689 1331 1803 1375 jussit
1823 1338 1859 1364 et
1878 1333 2052 1377 precepit.
2075 1333 2130 1365 Ad
2147 1334 2251 1377 cujus

374 1393 528 1425 mandati
551 1393 793 1437 expletionem
816 1393 912 1426 idem
934 1401 1149 1439 procurator
1166 1402 1201 1428 et
1218 1395 1383 1429 sindicus
1405 1396 1676 1442 obtemperans,
1695 1397 1973 1443 appellationem
1997 1399 2194 1443 predictam
2218 1406 2248 1433 et

370 1459 438 1492 alia
459 1459 566 1492 modo
588 1466 623 1492 et
642 1460 755 1492 forma
779 1461 815 1492 in
838 1461 993 1505 quodam
1015 1461 1272 1506 appellationis
1294 1463 1536 1496 instrumento
1560 1464 1706 1508 publico
1811 1465 1968 1510 perlegit
1988 1472 2023 1498 et
2050 1466 2212 1499 recitavit
2233 1479 2250 1499 a

374 1526 551 1570 principio
575 1538 690 1571 usque
712 1527 755 1559 ad
778 1527 899 1567 finem,
921 1527 1033 1560 nichil
1060 1528 1104 1561 de
1132 1529 1169 1561 in
1198 1541 1240 1562 eo
1267 1530 1449 1563 contentis
1471 1530 1710 1564 obmittendo.
1739 1532 1853 1576 Cujus
1882 1532 2116 1565 instrumenti
2148 1540 2252 1566 tenor

371 1593 415 1625 de
436 1592 549 1625 verbo
571 1593 613 1625 ad
636 1593 786 1626 verbum
810 1595 978 1639 sequitur
999 1595 1035 1627 in
1058 1595 1154 1628 hunc
1176 1596 1322 1629 modum
1343 1608 1349 1629 :

460 1661 500 1691 ln
522 1660 668 1692 nomine
700 1661 845 1693 Domini
874 1662 990 1694 nostri
1022 1662 1134 1695 Jhesu
1157 1663 1308 1704 Christi,
1334 1676 1452 1697 amen.
1478 1665 1655 1698 Noverint
1685 1666 1847 1699 universi
1878 1678 2032 1711 presens
2064 1666 2248 1712 publicum

371 1726 651 1759 instrumentum
675 1727 892 1772 inspecturi,
920 1729 1019 1773 quod
1047 1741 1141 1762 anno
1167 1730 1332 1774 ejusdem
1363 1731 1508 1764 Domini
1536 1731 1731 1765 millesimo
1754 1732 2116 1777 quadringentesimo
2138 1733 2251 1766 unde·

371 1792 464 1825 cimo
486 1805 586 1825 more
609 1793 810 1835 Gallicano,
836 1795 1037 1829 indictione
1058 1797 1196 1841 quinta,
1220 1797 1278 1830 die
1300 1797 1386 1831 lune
1408 1799 1531 1843 quinta
1552 1799 1691 1832 decima
1717 1800 1855 1833 mensis
1883 1799 2082 1841 Februarii,
2105 1800 2250 1845 pontifi-

370 1866 470 1892 catus
493 1860 714 1893 sanctissimi
745 1861 781 1893 in
804 1861 950 1894 Christo
980 1863 1092 1907 patris
1121 1870 1155 1896 et
1185 1864 1324 1897 domini
1354 1866 1485 1907 nostri,
1508 1865 1645 1898 domini
1672 1866 1848 1899 Johannis
1875 1866 1995 1900 divina
2022 1867 2249 1912 providentia

372 1938 460 1970 pape
481 1926 646 1959 vicesimi
668 1927 764 1960 tertii
787 1940 881 1961 auno
905 1930 1067 1962 secundo
1166 1931 1390 1965 venerabilis
1410 1932 1464 1965 vir
1483 1933 1658 1978 magister
1678 1934 1807 1966 Petrus
1833 1933 2015 1978 Guigonis
2037 1941 2250 1978 procurator

371 1999 406 2024 et
426 1993 591 2026 sindicus
621 1993 842 2027 substitutus
868 1996 1090 2030 venerabilis
1111 1998 1289 2031 facultatis
1310 1999 1439 2032 artium
1460 1999 1551 2032 alme
1573 2000 1697 2033 matris
1723 2007 1846 2033 nostre
1868 2000 2124 2033 Universitatis
2151 2001 2250 2034 Pari-

371 2059 506 2092 siensis
600 2061 809 2104 provocavit
832 2069 865 2094 et
889 2063 1098 2107 appellavit,
1115 2065 1301 2109 apostolos
1323 2066 1439 2111 petiit,
1461 2073 1683 2111 protestatus
1703 2067 1782 2108 fuit,
1802 2074 1837 2100 et
1856 2067 1923 2100 alia
1946 2067 2034 2100 dixit
2055 2074 2090 2100 et
2109 2068 2194 2100 fecit
2213 2068 2249 2100 in

371 2125 541 2159 omnibus
560 2133 595 2159 et
616 2139 680 2171 per
697 2128 817 2160 omnia
840 2136 949 2173 prout
969 2136 1005 2162 et
1025 2130 1128 2163 sicud
1150 2132 1187 2163 in
1209 2132 1337 2165 eodem
1359 2132 1446 2166 solio
1464 2134 1612 2178 papireo
1629 2134 1848 2167 continetur.
1872 2134 1987 2178 Cujus
2004 2134 2149 2178 quidem
2172 2134 2248 2166 solii

373 2193 509 2236 papirei
531 2200 637 2226 tenor
658 2194 702 2226 de
719 2194 832 2227 verbo
854 2196 897 2228 ad
918 2196 1070 2229 verbum
1092 2199 1256 2231 noscitur
1277 2211 1360 2232 esse
1381 2200 1462 2233 talis
1482 2212 1488 2233 z

463 2260 502 2291 In
524 2259 662 2293 Christi
685 2261 846 2294 nomine.
871 2262 959 2295 Cum
983 2263 1246 2308 appellacionis
1272 2267 1532 2311 refugium....⁴
1554 2269 1632 2313 Ego
1654 2268 1774 2312 itaque
1795 2269 1925 2300 Petrus
1946 2268 2143 2313 Guigonis,
2165 2279 2248 2312 pro-

371 2332 517 2358 curator
537 2333 571 2358 et
592 2327 757 2360 sindicus
784 2328 992 2372 specialiter
1013 2330 1057 2362 ad
1081 2331 1309 2376 infrascripta
1330 2333 1551 2367 substitutus
1577 2347 1594 2367 a
1622 2335 1794 2379 magistro
1815 2334 1980 2367 Johanne
2002 2336 2096 2367 Bout
2116 2346 2246 2379 procu-

372 2399 490 2424 ratore
513 2399 547 2425 et
568 2393 711 2426 sindico
734 2395 984 2440 principaliter
1007 2408 1087 2429 cum
1110 2404 1288 2442 potestate
1315 2399 1564 2434 substituendi
1585 2402 1784 2434 constituto
1812 2408 1847 2434 et
1871 2401 2037 2434 ordinato
2059 2412 2123 2446 per
2142 2412 2247 2433 vene-

374 2458 523 2491 rabilem
559 2460 764 2493 facultatem
798 2462 927 2494 artium
961 2463 1005 2495 de
1035 2463 1126 2496 alma
1157 2465 1402 2499 Universitate
1432 2468 1630 2501 Parisiensi
1665 2475 1776 2501 matre
1811 2475 1948 2509 nostra,
1986 2468 2179 2500 advertens
2213 2474 2246 2500 et

373 2526 612 2559 considerans
642 2527 739 2571 quod
769 2528 937 2561 nonnulli
965 2536 1034 2562 tam
1060 2530 1299 2564 ecclesiastici
1323 2544 1427 2577 quam
1456 2534 1641 2567 seculares
1666 2535 1734 2567 viri
1762 2535 1990 2568 diversorum
2015 2534 2244 2579 dignitatum,

373 2598 543 2633 statuum,
567 2593 804 2638 religionum,
826 2595 995 2628 ordinum
1019 2603 1054 2629 et
1073 2598 1345 2641 condicionum,
1369 2612 1440 2644 quo
1469 2601 1631 2634 nescitur
1654 2602 1725 2634 nisi
1751 2602 1843 2634 malo
1864 2602 1994 2646 spiritu
2021 2601 2118 2633 ducti
2144 2600 2246 2633 novi-

373 2665 463 2691 tatcs
486 2659 652 2692 insolitas
676 2667 710 2693 et
733 2673 807 2693 non
833 2661 948 2695 bonas
969 2663 1142 2709 indagine
1163 2666 1419 2711 superstitiosa
1440 2674 1637 2711 querentes
1660 2675 1694 2701 et
1715 2668 1923 2701 scandalum
1946 2668 1982 2700 in
2004 2667 2158 2700 ecclesia
2179 2668 2244 2700 Dei

374 2736 509 2768 ponere
532 2738 603 2758 non
625 2734 807 2768 verentes,
832 2729 989 2763 diversis
1012 2737 1047 2763 et
1067 2732 1260 2776 exquisitis
1281 2733 1350 2766 viis
1372 2745 1437 2766 seu
1458 2734 1581 2767 verius
1607 2735 1723 2767 deviis
1745 2742 1779 2768 et
1803 2734 2024 2768 anfractibus
2045 2734 2245 2766 moliuntur

374 2797 409 2822 et
429 2799 597 2835 querunt.
621 2794 726 2835 Quod
748 2796 1004 2829 sanctissimus
1030 2798 1066 2829 in
1083 2798 1239 2832 ‘Christo
1267 2806 1367 2844 pater
1388 2807 1423 2833 et
1446 2800 1680 2834 beatissimus
1708 2802 1879 2834 dominus
1906 2808 2044 2842 noster,
2073 2800 2243 2833 dominus

373 2857 556 2890 Johannes
579 2871 665 2903 papa
688 2861 884 2895 vicesimus
907 2864 1057 2905 tercius,
1080 2865 1136 2898 vel
1157 2865 1250 2899 alius
1273 2867 1334 2911 qui
1360 2879 1425 2912 pro
1453 2874 1614 2912 tempore
1642 2870 1825 2901 Romanus
1846 2868 2009 2913 pontifex
2030 2868 2188 2900 extiterit
2208 2868 2242 2900 in
