2502 3418
381 328 446 362 310
956 333 1277 358 CHARTULARIUM
1311 333 1501 356 uuivssns.
1537 332 1667 354 PARIS.
2148 315 2248 352 [1416

381 421 430 444 que
443 420 472 435 ce
484 411 545 442 jour
557 411 645 440 (Febr.
660 411 697 440 12)
713 410 745 434 ils
757 410 912 433 vuidassent
923 409 949 432 la
961 409 1032 437 ville,
1045 417 1091 432 sur
1105 408 1182 440 peine
1196 408 1227 431 de
1242 407 1338 439 perdi-e
1353 409 1461 437 corpset
1475 406 1549 429 biens
1561 415 1585 429 n.
1599 405 1639 429 Cf.
1655 407 1785 433 Auctar.‚
1798 404 1830 429 11.
1844 412 1870 434 p.
1883 403 1938 431 172,
1951 403 1990 431 47,
2002 405 2027 426 et
2041 410 2068 433 p.
2083 402 2137 430 173,
2153 404 2207 425 not.
2223 402 2246 429 3,

379 457 413 480 ad
428 465 470 479 an.
488 456 558 479 1414.
570 469 601 473 ——-
618 455 643 480 2.
659 455 716 478 Dux
735 454 906 485 Burgundiae
925 454 1014 477 eodem
1031 461 1099 476 anno
1115 452 1287 476 adhaerentes
1303 451 1417 475 Jobanni
1435 449 1547 474 Gai-soni
1565 449 1700 480 objurgat,
1715 448 1786 480 quod
1803 456 1813 471 ι
1831 447 1925 479 repelli
1940 448 2058 470 recerunt
2072 454 2087 469 a
2102 445 2209 470 civitate
2224 449 2250 469 et.

380 500 558 525 Universitnte
570 499 654 523 Paris.
672 499 843 523 notabiliores
860 498 930 522 viros
946 498 1085 529 utriusque
1099 500 1184 520 status
1200 500 1226 520 et
1238 496 1264 519 in
1278 495 1392 519 maximo
1408 502 1558 522 numerum,
1574 495 1601 517 et
1615 502 1646 516 ex
1657 493 1707 516 hoc
1718 493 1861 516 subsecuta
1875 495 1938 515 sunt
1952 490 2055 515 infinita
2070 491 2131 514 odia
2144 494 2169 514 et
2184 490 2250 514 scis-

381 549 461 573 mutu,
477 554 526 577 que
542 545 574 568 de
589 544 630 568 die
649 544 675 567 in
691 544 761 567 diem
780 546 961 575 aggravantur
981 545 1006 566 et
1021 541 1129 573 gravius
1148 549 1177 564 uc
1193 540 1301 572 gravius
1318 540 1413 563 vulnus
1429 539 1455 562 in
1471 547 1553 570 regno
1573 538 1704 561 incutiunt.
1717 547 1730 558 n
1744 537 1804 568 (ms.
1823 537 1869 560 lat.
1886 536 1970 566 1485²‚
1987 539 2048 568 post
2069 535 2114 559 fol.
2130 536 2175 559 337
2188 538 2249 558 ante

382 590 427 613 sol.
444 591 507 620 338).
526 590 562 613 Ad
573 589 637 612 haec
652 589 706 613 vid.
722 596 765 612 an.
780 588 850 611 1418.
866 601 897 605 —
907 587 931 611 3.
949 586 1085 610 Februarii
1097 586 1126 609 19
1140 584 1306 609 universitas
1319 584 1446 615 epistolas
1462 582 1571 614 recepit,
1586 590 1653 613 qnae
1668 581 1779 613 proinde
1792 584 1869 604 antea
1881 580 1997 612 scriptae
2008 583 2093 603 erant.

382 765 527 802 2057.
549 774 702 810 Papetarii
722 774 880 805 Trecenses,
900 771 1003 806 quibus
1019 770 1133 796 assistit
1153 769 1336 803 Universitas,
1355 772 1490 794 recusant
1504 767 1611 793 solvere
1627 766 1833 803 impositiones.

1561 854 1631 884 1416,
1645 854 1779 880 Februarii
1789 854 1832 884 24,
1849 854 1963 880 Parisiis.

472 949 589 981 Lundi
605 948 703 992 xxiiij
721 948 807 991 jour
824 946 868 978 de
886 945 1033 978 Fevrier
1049 944 1170 978 CCCC
1183 945 1261 977 XV.
1278 964 1323 968 —
1339 944 1450 976 Entre
1471 942 1526 975 les
1547 942 1731 987 papetiers
1751 942 1796 975 de
1817 941 1946 975 Troies
1963 948 1999 975 et
2014 941 2249 975 l’Universite

382 1017 427 1050 de
451 1016 564 1056 Paris,
586 1015 693 1047 d'une
716 1020 805 1059 part,
827 1020 862 1046 et
882 1013 994 1046 Guiot
1015 1013 1062 1044 Le
1091 1011 1189 1051 Pele,
1211 1010 1359 1043 maistre
1378 1011 1409 1043 J.
1433 1010 1477 1042 de
1497 1009 1656 1043 Villeres
1684 1016 1718 1042 et
1747 1008 1932 1054 plusieurs
1953 1015 2088 1051 autres,
2112 1009 2250 1042 d'autre

383 1089 471 1128 part.
495 1082 603 1114 Dient
622 1079 940 1117 lesffdemandeurs
963 1091 1033 1124 que
1058 1077 1294 1111 l'Universite
1316 1084 1349 1110 et
1378 1088 1438 1110 ses
1465 1088 1604 1122 suppos
1625 1083 1689 1109 ont
1718 1078 1736 1109 a
1762 1082 2023 1109 conservateur
2042 1076 2076 1109 le
2102 1083 2252 1121 prevost

382 1150 427 1183 de
448 1149 562 1189 Paris,
584 1148 685 1181 dient
704 1147 791 1192 qu'il
812 1147 886 1179 saut
906 1145 1089 1191 papetiers
1111 1144 1172 1190 qui
1194 1151 1277 1177 sont
1298 1144 1465 1177 ouvriers
1487 1143 1530 1177 de
1552 1143 1668 1176 mains
1693 1150 1728 1176 et
1756 1142 1960 1184 laboreurs‚
1983 1150 2019 1176 et
2043 1155 2112 1188 per
2134 1155 2252 1178 conse-

381 1228 485 1262 quens
501 1227 545 1248 ne
562 1215 711 1248 doivent
731 1213 833 1259 point
849 1212 1097 1258 d'imposilion
1120 1212 1151 1244 si
1172 1222 1312 1244 comme
1333 1223 1378 1243 ne
1400 1210 1454 1244 les
1475 1217 1609 1252 autres,
1629 1210 1691 1255 qui
1712 1210 1756 1243 de
1777 1209 1857 1243 leur
1873 1210 2053 1243 industrie
2070 1217 2105 1243 et
2124 1210 2252 1244 labeur

381 1284 426 1316 de
447 1284 527 1315 leur
547 1282 643 1315 main
667 1293 711 1314 ne
740 1280 862 1326 paient
891 1280 993 1325 point
1020 1278 1283 1324 d'imposition,
1305 1289 1445 1311 comme
1472 1278 1647 1323 peintres,
1670 1276 1848 1318 tailleurs,
1871 1278 2035 1311 orfevres
2065 1284 2099 1311 et
2129 1284 2252 1311 autres

382 1350 548 1383 ouvriers
576 1349 621 1381 de
648 1348 776 1381 mains.
805 1346 916 1380 Aussi
944 1352 1029 1379 sont
1053 1352 1198 1391 partout
1223 1344 1436 1390 privilegiez
1459 1356 1466 1377 z
1497 1356 1542 1377 en
1572 1344 1803 1385 Lombardie,
1825 1356 1892 1377 aux
1922 1356 2009 1389 pors
2037 1351 2069 1378 et
2100 1344 2251 1378 ailleurs

383 1416 578 1462 papetiers.
599 1414 710 1448 Aussi
732 1421 815 1447 sont
836 1413 1136 1459 percheininiers.
1160 1412 1196 1445 Si
1218 1418 1274 1445 est
1299 1411 1385 1444 bien
1406 1411 1529 1444 raison
1550 1423 1620 1456 que
1640 1410 1945 1444 semblablement
1973 1411 2027 1444 les
2055 1412 2251 1456 papetiers,

382 1484 470 1516 dont
490 1483 589 1516 vient
609 1488 715 1527 grant
736 1481 853 1514 utilite
874 1487 907 1513 et
929 1487 985 1513 est
1004 1479 1234 1512 neccessaire
1256 1491 1326 1524 que
1356 1478 1427 1511 l'en
1454 1479 1573 1511 sacent
1599 1484 1706 1523 grant
1733 1477 1905 1518 marchie‚
1928 1478 1972 1511 de
1996 1484 2069 1511 tant
2090 1490 2160 1523 que
2180 1478 2252 1512 l’en

382 1562 427 1583 en
449 1561 513 1583 use
535 1549 617 1594 plus
634 1554 929 1581 communeinent
947 1559 1017 1592 que
1035 1546 1174 1579 d'autre
1195 1531 1357 1579 matiere.
1381 1547 1423 1578 Et
1444 1545 1673 1578 neantmoins
1694 1545 1749 1578 les
1765 1544 1933 1578 sermiers
1950 1545 1994 1578 de
2015 1544 2252 1590 l'imposilion

382 1620 400 1650 a
420 1617 548 1649 Troies
572 1615 626 1648 les
646 1615 808 1648 vuellent
828 1614 988 1647 asservir
1009 1620 1045 1646 et
1072 1620 1135 1646 ont
1163 1613 1232 1646 miz
1259 1612 1374 1645 eomiz
1395 1615 1414 1645 ἐι
1440 1612 1541 1645 16ν6ῐ·
1562 1611 1815 1657 l'imposition,
1837 1611 2006 1644 combien
2031 1623 2101 1656 que
2128 1623 2192 1645 sur
2212 1623 2252 1645 ce

383 1683 531 1716 niestier
546 1682 617 1715 l⁷en
639 1682 694 1715 n'a
711 1682 814 1727 point
833 1683 1065 1714 accoustume
1086 1680 1131 1713 de
1152 1679 1282 1712 bailler
1298 1679 1331 1712 le
1348 1679 1410 1712 sait
1430 1679 1495 1712 des
1512 1679 1695 1724 papetiers
1711 1681 1730 1711 a
1745 1679 1872 1712 ferme.
1896 1679 2006 1712 Dient
2026 1691 2096 1723 que
2117 1690 2253 1724 pourco

383 1763 451 1796 que
474 1750 547 1783 l'un
569 1749 688 1782 d'eulx
708 1749 803 1782 avoit
825 1748 948 1781 baillie
969 1750 986 1781 a
1008 1760 1056 1781 un
1077 1754 1227 1792 sergent
1252 1759 1300 1779 un
1321 1746 1555 1779 inandement
1582 1746 1630 1779 du
1661 1752 1810 1791 prevost
1836 1746 1881 1779 de
1911 1746 2012 1779 Paris
2033 1752 2069 1778 et
2092 1745 2132 1779 fit
2156 1758 2254 1779 com-

382 1818 616 1851 mendenient
631 1819 649 1849 a
665 1816 836 1857 Villores,
854 1814 888 1848 le
910 1815 992 1848 trait
1008 1817 1025 1848 a
1042 1814 1194 1847 amende
1212 1814 1256 1847 de
1273 1814 1319 1859 xij
1338 1813 1417 1855 lib.,
1435 1812 1604 1846 combien
1622 1825 1692 1858 que
1713 1812 1877 1858 l'exploit
1892 1813 1988 1846 avoit
2003 1812 2067 1846 fait
2086 1824 2131 1845 en
2147 1818 2254 1846 usant

383 1964 422 1985 se
443 1951 533 1984 ledit
552 1951 614 1984 fait
635 1950 744 1983 estoit
763 1949 886 1983 baillie
908 1952 925 1982 ἐι
945 1950 1072 1990 ferme,
1091 1955 1126 1981 et
1145 1947 1376 1981 neantmoins
1398 1947 1528 1980 lesdits
1549 1947 1771 1980 defendeurs
1791 1946 1872 1980 leur
1888 1953 2036 1980 current
2056 1958 2133 1979 sus.
2157 1946 2193 1979 Si
2214 1957 2254 1979 se

383 2025 467 2052 sont
487 2018 688 2063 complains
709 2019 727 2050 ἐι
748 2017 997 2057 l'Universite,
1019 2016 1080 2061 qui
1102 2027 1165 2061 par
1185 2015 1322 2060 longue
1343 2014 1585 2047 deliberation
1605 2014 1694 2047 s'est
1715 2014 1911 2059 adjoincte‚
1933 2020 1968 2046 et
1992 2020 2056 2046 ont
2074 2013 2255 2058 impetr[a-

383 2086 469 2126 tion]
491 2085 595 2118 selon
617 2084 774 2129 laquelle
803 2090 1003 2129 proposent
1034 2095 1078 2116 en
1105 2082 1322 2116 conclusion
1343 2084 1362 2115 a
1381 2093 1507 2115 cesser
1528 2088 1563 2114 et
1583 2093 1763 2126 revoquer
1783 2080 1838 2114 les
1863 2080 2004 2126 explois
2032 2087 2067 2113 et
2093 2083 2200 2113 exces
2220 2086 2256 2113 et

381 2152 447 2185 fais
469 2151 700 2194 torconniers
725 2151 791 2184 fais
817 2150 1020 2183 contr'eulx
1047 2157 1081 2183 et
1114 2156 1214 2182 oster
1241 2148 1539 2194 empeschement
1568 2155 1602 2181 et
1634 2150 1652 2181 a
1679 2148 1831 2181 amende
1859 2148 1904 2180 de
1932 2147 1995 2180 mil
2024 2146 2088 2180 lib.
2111 2153 2147 2180 et
2174 2146 2256 2180 leur

382 2219 503 2252 soient
521 2219 601 2252 leur
621 2230 734 2264 gages
758 2217 894 2250 rendus
914 2229 958 2250 au
979 2217 1099 2249 moins
1121 2228 1184 2262 par
1204 2216 1406 2261 provision.

472 2288 519 2318 Le
541 2297 742 2331 procureur
763 2285 810 2317 du
833 2296 897 2329 roy
917 2296 984 2317 aux
1010 2283 1210 2328 generaulx
1231 2283 1319 2316 offre
1341 2284 1359 2316 a
1380 2295 1511 2328 pranre
1532 2282 1564 2315 la
1588 2281 1751 2327 garantie
1773 2281 1837 2314 des
1859 2281 2081 2314 defendeurs
2102 2287 2137 2314 et
2157 2280 2201 2314 de
2222 2280 2254 2313 la

382 2365 490 2386 cause
512 2359 547 2385 et
574 2365 638 2397 par
657 2352 760 2397 ainsy
781 2352 856 2384 doit
877 2352 979 2385 veoir
1000 2351 1053 2384 les
1076 2350 1217 2396 exploiz
1247 2362 1317 2396 que
1337 2362 1442 2383 verra
1469 2356 1504 2383 et
1531 2349 1623 2383 alias
1648 2355 1846 2382 revenront
1874 2348 1928 2382 les
1959 2349 2093 2394 parties
2114 2348 2193 2380 dire
2213 2359 2254 2380 ce

383 2432 453 2464 que
474 2420 658 2452 voudront
677 2421 695 2452 a
715 2419 804 2464 viije.

475 2517 552 2541 Arcb.
569 2521 622 2541 nat.
640 2517 736 2547 Paris.‚
753 2518 797 2540 X¹⁸
809 2517 880 2545 4791,
899 2516 944 2540 sol.
960 2515 1012 2540 431².

385 2697 527 2734 2058.
552 2708 727 2742 Imperatore
744 2706 925 2741 Sigismundo
942 2707 1043 2732 Martii
1059 2707 1072 2732 1
1091 2706 1221 2732 Parisios
1238 2706 1375 2740 ingresso,
1393 2705 1495 2731 Martii
1509 2707 1526 2732 5
1545 2704 1720 2730 Universitas
1735 2703 1831 2729 Paris.
1851 2701 2032 2728 audientiam
2045 2700 2165 2735 habuit‚·
2185 2709 2254 2726 ora-

471 2756 573 2781 tionem
586 2756 783 2791 pronuntiavit
800 2756 943 2782 Gerardus
961 2756 1094 2789 Macheti,
1116 2754 1369 2781 vicecancellarius
1382 2756 1505 2780 Nostrae
1521 2754 1676 2787 Dominae,¹
1695 2752 1796 2778 Martii
1812 2754 1828 2779 6
1846 2751 1926 2777 natio
1941 2750 2105 2785 Anglicana
2120 2749 2253 2775 admissa

473 2808 523 2837 est,
542 2808 569 2830 et
580 2805 731 2840 proposuit
748 2814 821 2839 mag.
837 2805 980 2831 lohannes
994 2805 1029 2830 de
1044 2805 1176 2830 Austria.

1581 2839 1653 2869 1476,
1669 2837 1759 2865 Martii
1769 2839 1793 2868 5,
1811 2839 1836 2867 6,
1851 2837 1965 2863 Parisiis.

477 2890 606 2917 Auctar.,
622 2889 653 2915 11.
670 2897 697 2919 p.
714 2889 768 2916 205,
784 2892 809 2912 et
825 2892 910 2912 notae.
