2502 3418
247 315 342 352 1436]
592 329 638 350 AB
675 329 779 351 ANNO
814 329 1100 351 MCCCLXXXle
1132 330 1264 358 usQuE
1300 331 1347 352 AD
1379 331 1516 353 ANNUM
1552 332 1756 355 nicaeeni.
2042 327 2103 360 577

333 404 407 429 Frat.
422 404 602 430 Guillermus
618 404 790 434 Scutiseriffl,
805 404 873 430 Ord.
890 405 970 430 Pred.
1277 406 1350 432 Frat.
1369 407 1516 433 Johannes
1532 407 1701 437 Morandiffl,
1719 408 1788 434 Ord.
1806 409 1900 435 Carm.

332 454 405 487 Mag.
422 454 570 480 Johannes
586 453 739 480 Postellit‘.
2014 456 2067 493 [16]

336 639 404 663 Bibl.
418 644 471 663 nat.
488 640 582 669 Paris.y
599 648 648 663 ms.
665 641 710 664 lat.
727 641 796 668 5494,
809 649 835 672 p.
852 641 894 663 177
911 648 950 671 sq.
963 641 1048 671 Supra
1062 641 1088 663 in
1103 625 1236 671 principio
1251 640 1417 671 exprimitur,
1430 641 1498 672 quod
1512 642 1638 672 quilibet,
1653 649 1704 664 non
1720 650 1809 664 omnes
1826 642 1854 665 15
1870 642 1958 672 simul⁷
1975 651 2022 673 pro
2040 645 2106 666 sacto

241 684 362 708 licentiae
377 685 479 708 solvere
492 685 591 708 debuit.
608 685 686 708 Libra
700 685 805 708 valebat
819 688 881 708 tunc
897 686 926 708 20
939 686 987 708 sol.
1003 699 1033 702 —
1046 685 1183 708 Licentiati
1197 685 1246 708 soli
1260 685 1405 708 afferuntur
1421 686 1498 708 etiam
1516 686 1540 708 in
1554 687 1610 708 ηιὸῑυ
1626 687 1706 716 565711,
1724 686 1767 709 sol.
1784 687 1833 710 18b.

334 769 357 794 1.
374 769 499 800 Magister
514 769 589 793 Febr.
606 770 634 792 13
649 778 691 793 an.
708 770 769 792 ’1436
785 771 843 799 (ms.
861 771 929 798 5494,
941 778 968 801 p.
984 770 1037 799 176)
1048 777 1053 801 ς
1066 770 1153 793 Martii
1167 771 1195 793 ‘23
1213 778 1223 793 «
1240 770 1387 801 disputavit
1403 770 1433 793 de
1449 773 1584 801 resumpta
1599 779 1609 792 »
1627 772 1663 801 (p.
1681 771 1743 800 178).
1757 784 1787 788 -—
1798 770 1821 795 2.
1839 771 1963 801 Magister
1979 779 2021 795 an.
2036 772 2105 801 1436y

242 816 255 837 8
271 814 358 837 Martii
375 816 410 845 (p.
428 815 491 844 176).
507 828 538 831 —-
550 813 574 839 3.
591 815 641 837 Seu
659 823 669 836 t(
686 814 758 837 Fluri
775 823 796 838 ».
818 814 943 845 Magister
963 814 1050 838 Martii
1071 815 1150 846 19(p.
1172 815 1235 844 178).
1251 828 1282 832 -
1296 815 1321 840 4.
1337 815 1464 845 Magister
1481 815 1564 846 April.
1581 815 1608 838 17
1628 815 1722 844 (ibid.).
1742 829 1772 833 —
1790 815 1814 840 5.
1834 816 1959 846 Magister
1978 816 2061 847 April.
2077 818 2106 839 23

241 858 335 888 (ibid.).
346 859 437 882 Postea
452 868 463 881 «
474 859 553 882 venet
565 867 575 881 »
587 862 615 882 ut
627 859 767 893 inquisitor
780 859 926 882 baereticae
935 859 1085 890 pravitatis,
1098 859 1190 882 ultimo
1203 860 1391 888 Carcassonae,
1405 860 1529 883 occurrit.
1541 860 1579 883 Cf.
1592 853 1828 890 Qcfi’riif-Emmm,
1841 861 1945 890 Script.
1957 861 1983 885 O.
1992 862 2104 889 Praed„

242 897 304 934 1,'p.
318 904 372 927 809.
387 916 418 920 —
434 903 458 928 6.
471 904 544 926 Seu«
561 903 592 926 de
607 903 732 927 Fontanis
748 912 771 927 1).
785 904 911 935 Magister
926 904 998 927 Junii
1014 904 1040 927 ‘21
1060 906 1118 934 (ms.
1129 905 1235 935 5494,p.
1252 905 1316 933 179).
1330 905 1377 927 An.
1392 905 1461 933 1439,
1478 905 1598 928 Decemb.
1611 906 1633 933 2,
1646 913 1705 927 cum
1720 908 1789 928 esset
1803 908 1960 936 procurator
1975 906 2106 936 generalis

241 948 348 972 Ordinis
371 948 397 971 in
419 948 491 971 curin
512 949 595 974 Rom..
619 950 703 971 sactus
724 951 763 971 est
782 948 865 971 abbas
882 949 907 972 S.
924 949 1023 972 Mariae
1035 949 1219 973 Maceriarum.
1236 949 1355 972 Cabilon.
1370 949 1452 972 dioec.
1467 949 1553 978 (Arch.
1570 950 1626 973 Vat.
1643 949 1741 980 Oblig..
1758 954 1786 972 n⁰
1803 951 1842 977 66,
1859 950 1904 973 sol.
1919 951 1969 979 49),
1986 958 2027 975 an.
2046 951 2107 973 1449

241 992 323 1015 abbas
340 992 511 1015 Cluraevnllis
526 993 609 1022 (Gall.
622 993 727 1019 christ„
745 993 785 1022 lv,
803 993 866 1022 810).
883 1006 911 1011 —
928 992 952 1017 7.
969 993 1094 1024 Magister
1110 1002 1151 1017 an.
1168 994 1238 1021 1437,
1254 993 1315 1016 Jun.
1331 994 1359 1016 20
1373 996 1408 1025 (p.
1426 994 1489 1023 183).
1503 1007 1533 1011 -
1551 994 1574 1018 8.
1592 994 1717 1024 Magister
1732 1002 1774 1018 an.
1791 995 1860 1021 1436,
1873 994 1945 1017 Junii
1961 996 1974 1017 5
1990 995 2025 1025 (p.
2042 995 2106 1024 179).

242 1051 269 1054 -
287 1037 311 1062 9,
331 1047 343 1058 «
364 1038 433 1069 Mag.
452 1037 612 1060 Bora-andus
631 1038 662 1060 de
677 1038 741 1061 Alua
756 1047 776 1063 ν,
795 1038 921 1068 magister
936 1038 998 1061 Jun.
1021 1039 1049 1061 25
1066 1038 1159 1068 (ibid.).
1174 1052 1204 1055 —
1219 1037 1259 1062 10.
1275 1038 1401 1069 Magister
1420 1047 1462 1061 an.
1482 1039 1551 1067 1437,
1565 1039 1685 1062 Jauuarii
1701 1039 1728 1061 21
1746 1040 1782 1070 (p.
1800 1039 1864 1068 184).
1880 1052 1911 1056 --
1926 1038 1966 1063 11.
1981 1039 2108 1070 Magister

241 1090 283 1105 an.
303 1082 360 1105 1441
379 1082 468 1112 (1442),
485 1082 560 1105 Febr.
578 1082 606 1105 12
626 1084 685 1112 (ms.
703 1083 749 1106 lat.
766 1083 847 1107 5657³.
865 1083 908 1106 sol.
927 1083 974 1112 19).
991 1096 1018 1100 -
1035 1083 1075 1107 12.
1091 1083 1216 1114 Magister
1232 1091 1274 1106 an.
1296 1084 1365 1111 1436,
1381 1084 1484 1112 Jun,1?
1502 1085 1558 1114 (ms.
1579 1084 1647 1112 5494,
1665 1092 1690 1114 p.
1706 1084 1769 1112 179).
1786 1084 1859 1106 Auno
1875 1084 1993 1115 sequenti
2007 1092 2066 1107 eum
2081 1084 2106 1107 in

241 1127 356 1150 Concilio
373 1126 454 1150 Basil.
472 1126 619 1150 invenimus
640 1127 725 1158 (Mon.
744 1127 849 1151 Concil.
865 1134 929 1158 qen.
945 1134 1016 1151 saec.
1034 1128 1096 1156 XV,
1111 1131 1129 1150 t.
1147 1128 1179 1155 11,
1197 1136 1224 1158 p.
1241 1129 1286 1151 900
1303 1136 1307 1150 1
1324 1136 1334 1150 «
1352 1128 1467 1151 Donatus
1482 1128 1512 1151 de.
1526 1128 1673 1151 Mediolano
1688 1130 1719 1157 »).
1737 1142 1763 1145 —
1780 1127 1820 1153 13.
1836 1128 1962 1159 Magister
1977 1137 2020 1152 an.
2037 1129 2106 1158 1437,

240 1172 301 1194 Jun.
320 1172 348 1194 27
369 1173 427 1201 (ms.
445 1173 514 1200 5494,
528 1180 555 1203 p.
572 1172 635 1201 183).
651 1185 681 1189 -—
700 1171 740 1196 14.
755 1171 881 1203 Magister
896 1180 937 1197 an,
955 1172 1024 1201 1436.
1041 1172 1133 1195 Octob.
1151 1173 1180 1195 ‘25
1200 1173 1234 1203 (p.
1250 1173 1313 1201 184).
1331 1186 1361 1190 —-
1376 1172 1418 1197 15.
1438 1172 1565 1204 Magister
1588 1173 1680 1196 Octob.
1697 1173 1726 1195 29
1746 1173 1840 1202 (ibid.).
1857 1187 1884 1190 —
1901 1173 1942 1198 16.
1958 1173 2004 1196 Hic
2019 1173 2107 1204 expri-

241 1216 321 1239 mitur
337 1224 448 1246 summa,
469 1225 547 1248 quain
562 1215 658 1241 o'mnes
672 1216 760 1241 simul
776 1217 893 1240 facultati
910 1217 1066 1245 debuerunt,
1080 1217 1191 1248 quilibet
1207 1218 1235 1240 32
1251 1218 1310 1246 sol„
1327 1225 1416 1240 omnes
1434 1217 1482 1248 (15)
1499 1217 1577 1240 simul
1594 1219 1638 1240 480
1654 1218 1702 1240 sol.
1716 1228 1747 1238 z
1763 1218 1791 1240 24
1806 1218 1854 1242 lib.

240 1428 385 1465 2475.
415 1438 589 1463 Πηὶνθνείίαέ
604 1439 697 1464 Paris.
713 1438 861 1474 supplicat
874 1440 1003 1473 Eugenio
1021 1440 1067 1473 IV,
1087 1443 1117 1464 ut
1133 1439 1239 1474 injure
1258 1438 1469 1474 praesentandi
1486 1438 1526 1464 ad
1546 1438 1685 1473 beneficia
1706 1438 1853 1464 duodecim
1876 1443 2063 1466 conservetur.

1397 1527 1469 1556 1436,
1485 1526 1617 1553 Februarii
1630 1528 1653 1557 4,
1669 1527 1820 1553 Florentiae.

330 1615 545 1648 Beatissimo
567 1622 678 1661 pater.
702 1616 803 1648 Licet
824 1616 1059 1649 devotissima
1083 1618 1122 1649 V.
1147 1617 1182 1649 S·
1205 1622 1237 1648 et
1260 1616 1415 1649 ecclesie
1451 1617 1610 1649 Romane
1640 1615 1713 1648 filia
1736 1615 1965 1649 Universitas
1995 1616 2106 1649 studii

240 1683 460 1716 Parisiensis
482 1683 536 1726 (ad
558 1695 662 1728 quam
686 1683 945 1717 nonnullorum
967 1683 1228 1716 beneficiorum
1252 1683 1583 1716 ecclesiasticorum
1607 1690 1673 1715 tam
1692 1683 1968 1728 parrochialium
1992 1683 2107 1716 eecle-

240 1750 374 1783 siarum
403 1762 508 1795 quain
537 1750 815 1795 capellaniarum
852 1751 929 1783 sive
960 1750 1193 1796 capellarum,
1229 1763 1301 1783 non
1338 1757 1455 1783 tamen
1491 1750 1684 1783 multorum
1715 1750 1806 1783 ultra
1842 1750 2033 1783 duodecim
2069 1751 2105 1783 in

239 1817 382 1850 civitate
420 1817 617 1850 Pa'risiensi
645 1825 705 1850 aut
726 1830 838 1863 prope
870 1818 965 1851 illam
1002 1818 1247 1858 existentium,
1281 1818 1325 1850 de
1359 1817 1625 1850 consuetudine
1656 1824 1715 1850 aut
1747 1817 1834 1850 alias
1858 1818 1921 1861 jus
1951 1818 2107 1862 pertinet

240 1886 462 1930 patronatus)
482 1885 526 1917 ad
548 1884 723 1918 beneficia
746 1885 822 1930 ipsa
849 1897 973 1918 eorum
996 1885 1274 1918 occurrentibus
1300 1884 1549 1918 vacationibus
1570 1884 1712 1929 aliquos
1734 1896 1776 1917 ex
1804 1884 1881 1917 suis
1903 1885 2105 1929 suppositis

239 1951 475 1985 benemeritis
507 1953 599 1984 infra
629 1959 770 1997 tempus
795 1953 890 1997 juris
924 1959 1132 1997 presentare
1159 1953 1404 1993 consueverit,
1436 1952 1524 1985 alias
1553 1959 1670 1984 tamen
1692 1951 1929 1997 parrochialis
1951 1951 2102 1985 ecclesia

241 2020 360 2052 Sancti
390 2019 562 2052 Germani
592 2020 727 2053 veteris
758 2020 885 2060 Paris.7
918 2032 987 2064 que
1015 2032 1083 2052 una
1113 2032 1155 2052 ex
1185 2019 1374 2052 beneficiis
1404 2019 1577 2064 predictis
1608 2019 1740 2060 existit.
1774 2025 1871 2051 extra
1911 2021 2102 2051 Romanam

240 2087 374 2120 curiam
397 2093 495 2119 certo
518 2083 626 2119 modo
649 2099 792 2128 vacans,
816 2087 959 2131 quidam
990 2087 1086 2119 illam
1110 2087 1162 2120 sic
1190 2093 1373 2119 vacantem
1402 2086 1493 2119 infra
1517 2093 1658 2131 tempus
1682 2086 1778 2130 juris
1805 2086 2039 2130 presentandi
2061 2086 2103 2118 ad

239 2153 335 2186 illam
357 2166 375 2186 a
392 2154 479 2186 sede
502 2154 715 2199 apostolica,
738 2154 843 2186 tacito
866 2154 963 2199 quod
985 2161 1082 2187 esset
1111 2154 1155 2186 de
1176 2160 1366 2199 patronatu
1393 2154 1556 2198 ejusdem
1588 2153 1856 2193 Universitatis,
1887 2153 2104 2197 impetravit,

240 2221 299 2266 qui
337 2221 567 2265 postmodum
605 2221 785 2266 quondam
828 2221 1068 2254 Guillermum
1104 2221 1148 2253 de
1177 2221 1270 2253 Sella
1308 2221 1519 2265 magistrum
1552 2221 1587 2252 in
1624 2219 1805 2264 theologia
1835 2219 1878 2252 ad
1913 2219 2007 2252 illam
2040 2232 2104 2264 per

240 2287 389 2320 eandem
413 2288 692 2321 Universitatem
716 2288 806 2321 infra
824 2295 966 2333 tempus
982 2289 1078 2333 juris
1100 2294 1348 2333 presentatum
1371 2287 1621 2332 multipliciter
1641 2286 1782 2320 vexavit
1803 2293 1838 2319 et
1858 2287 2072 2331 inquietavit
2095 2299 2100 2319 :

240 2367 284 2387 ne
305 2355 429 2400 igitur7
448 2362 549 2400 pater
565 2362 701 2396 sancte⁷
720 2356 874 2388 devotus
896 2362 1017 2389 vester
1038 2355 1258 2389 Guillellnus
1273 2355 1466 2395 Pommier.
1490 2354 1663 2399 magister
1684 2354 1720 2386 111
1741 2353 1879 2386 artibus
1900 2360 1935 2386 et
1950 2353 2103 2386 bat-alla-

239 2422 315 2454 rius
338 2422 373 2454 in
395 2421 591 2467 theologia,
615 2434 732 2467 nuper
752 2422 795 2455 ad
817 2423 967 2455 eandem
993 2422 1196 2463 eeclesiam,
1221 2429 1304 2455 tunc
1331 2434 1396 2467 per
1417 2421 1553 2454 obitum
1577 2421 1702 2466 prefati
1725 2420 1912 2453 (juillelmi
1938 2421 1982 2453 de
2004 2421 2103 2454 Cella

239 2495 337 2522 extra
354 2489 482 2522 dictam
506 2489 641 2521 curiam
665 2489 825 2522 defuncti
841 2496 1037 2531 vacantem,
1057 2502 1122 2534 per
1138 2490 1308 2534 prefatam
1332 2489 1612 2522 Universitatem
1635 2488 1726 2520 infra
1749 2494 1889 2532 tempus
1905 2487 2001 2532 juris
2022 2500 2104 2532 pre-

240 2562 417 2597 sentams,
435 2568 474 2588 ac
496 2556 532 2588 in
554 2556 677 2589 eadem
696 2556 849 2589 ecclesia
871 2557 1082 2589 auctoritate
1105 2556 1286 2589 ordinaria
1308 2556 1509 2596 institutus,
1528 2562 1563 2587 et
1583 2555 1642 2587 alii
1664 2566 1756 2599 quos
1777 2554 1820 2586 ad
1842 2555 1977 2599 prefata
1998 2554 2104 2587 bene-

239 2623 318 2656 ficia
340 2623 424 2656 dum
450 2623 627 2656 vacabunt
653 2624 730 2668 ipsa
756 2624 984 2657 [niversitas
1011 2623 1248 2668 presentabit.
1276 2635 1387 2668 super
1408 2622 1481 2655 illis
1503 2622 1629 2654 litibus
1653 2621 1885 2667 implicentur
1919 2628 1953 2654 et
1981 2634 1999 2654 a
2027 2622 2104 2654 suis

239 2691 372 2724 studiis
394 2690 623 2723 retrahantur
642 2691 843 2735 [supplicat
861 2703 996 2725 summo
1010 2691 1190 2736 pontifici,
1216 2696 1254 2724 ut
1285 2701 1401 2724 omnes
1426 2689 1631 2723 collationes
1651 2689 1692 2722 cle
1707 2688 1912 2734 hujusmodi
1931 2689 2106 2734 beneficiis

231 2769 301 2802 per
318 2757 431 2791 sedem
448 2763 562 2802 apost.
583 2758 633 2791 Sic
649 2758 769 2802 factas
786 2758 919 2791 irritas
939 2770 1009 2791 esse
1032 2757 1223 2800 declar-ets.
1248 2778 1291 2781 -—
1311 2758 1536 2790 Concessum
1568 2762 1605 2788 ut
1626 2756 1760 2801 petitur
1782 2755 1825 2787 de
1847 2755 2102 2797 declaratione,

239 2825 442 2858 intentione
465 2837 537 2857 non
560 2825 900 2870 prejudicandijuri
917 2832 1139 2870 patronatus.
1158 2826 1197 2857 ln
1215 2824 1404 2869 presencia
1420 2823 1558 2855 domini
1576 2823 1691 2855 nostri
1708 2834 1810 2867 pape.
1830 2823 1869 2856 C.
1888 2823 2102 2856 AniMlNENs.

239 2912 282 2916 —-
299 2893 377 2924 Dat.
398 2892 580 2924 Florentio
604 2892 765 2925 secundo
787 2904 872 2925 non.
898 2892 1097 2933 Februarii,
1120 2904 1213 2924 anno
1231 2891 1370 2936 quinto.

362 2953 425 2970 *st*
443 2950 540 2975 Chart.
561 2949 640 2974 Unio.
659 2950 753 2975 Paris.
771 2950 813 2974 lV.
1953 2949 1982 2972 73
