2502 3418
418 331 479 363 162
996 335 1315 359 CHARTULARIUM
1352 334 1543 355 UNIVERS.
1582 333 1709 354 PARIS.
2181 316 2280 352 [1409

417 416 485 443 Vat.,
498 415 553 443 XII,
565 415 618 442 121,
635 423 661 445 p.
676 415 741 443 239).
757 413 816 436 Fuit
831 412 857 435 in
873 411 988 435 Concilio
1004 410 1152 434 Basiliensi.
1163 423 1194 427 —
1206 409 1230 434 5.
1246 410 1274 432 In
1288 408 1408 439 margine
1423 408 1485 431 add.
1501 415 1506 430 ·.
1521 415 1531 430 «
1549 408 1612 430 Ante
1628 405 1812 436 magisterium
1828 405 1869 427 die
1887 405 1926 427 2da
1940 394 2059 427 Janu.nrii
2073 404 2133 426 1408
2148 399 2283 427 revocavit

417 468 519 483 errores
535 462 626 481 contra
645 457 821 481 hierarchiam
837 456 1043 480 ecclesiasticam
1058 456 1083 478 in
1098 456 1215 478 Navarra
1231 462 1252 478 ³).
1269 453 1327 476 Vid.
1341 457 1424 475 numm
1439 455 1600 483 sequentem.
1617 465 1646 468 —
1662 451 1685 476 6.
1700 450 1765 473 Add.
1784 458 1788 472 :
1807 458 1818 472 «
1835 449 1917 472 abbas
1933 448 2081 479 Belliprati.
2097 448 2166 471 Alibi
2184 447 2282 471 dicitur

418 505 500 527 abbas
517 504 685 527 Fiscannens.
705 511 727 526 ›).
742 503 841 526 Revera
854 501 977 532 primum,
995 508 1037 523 an.
1055 500 1123 527 1403,
1139 499 1231 522 Octob.
1250 499 1288 527 15,
1309 506 1320 520 ((
1336 497 1446 528 Egidius
1461 495 1624 519 Duremortis
1641 503 1662 524 ι),
1679 494 1823 517 monachus
1841 493 1991 522 Bellibecci,
2007 493 2079 516 bace.
2098 494 2174 516 form.
2190 492 2281 521 theol„

419 551 502 572 factus
518 552 558 571 est
573 548 655 571 abbas
677 548 708 570 de
732 547 883 577 Belloprato
908 546 982 575 (Reg.
1000 545 1079 567 Aven.
1096 545 1158 567 Ben.
1181 543 1248 570 XIII,
1266 543 1317 565 vol.
1335 542 1421 570 XXXI,
1439 541 1483 564 fol.
1500 542 1567 570 505);
1585 548 1627 563 an.
1644 540 1713 569 1413,
1731 539 1784 562 Jul.
1801 539 1839 567 31,
1865 538 1948 561 abbas
1975 537 2115 561 Bellibecci
2134 537 2208 568 (Reg.
2225 537 2281 560 Lat.

417 594 477 617 Joh.
496 593 586 621 XXIII,
602 597 631 615 n0
646 593 699 620 174,
724 592 768 614 sol.
790 591 857 621 140);
874 598 916 613 an.
932 590 1000 616 1423,
1017 590 1092 612 Mart.
1108 589 1145 615 10,
1163 587 1245 610 abbas
1261 587 1431 610 Fiscannens.
1447 585 1534 615 (Arch.
1550 585 1617 612 vat„
1635 585 1691 614 XII,
1711 584 1764 613 121,
1782 592 1808 614 p.
1826 583 1891 611 160).
1910 583 1938 605 ln
1955 583 2028 606 Gall.
2042 582 2148 611 christ„
2164 582 2206 610 lx,
2222 582 2281 609 836,

420 639 461 667 XI,
476 638 529 667 212,
544 638 597 666 302,
612 638 690 668 plura
705 636 814 659 incerta.
830 636 878 658 An.
895 635 962 663 1439,
979 633 1071 657 octob.
1085 634 1108 660 9,
1126 634 1209 655 sactus
1225 635 1264 654 est
1279 631 1419 662 episcopus
1437 629 1631 653 Constantiens.
1652 628 1788 659 (Obligat.,
1805 632 1834 650 n⁰
1848 629 1886 656 66,
1901 627 1946 651 sol.
1962 628 2012 657 48).
2027 641 2052 644 -
2066 626 2090 651 Ί.
2106 627 2156 650 Seu
2173 635 2184 649 t(
2200 626 2283 649 Novu-

419 683 482 706 villa
499 691 521 710 1),
543 682 576 705 ad
592 690 668 713 quem
686 680 819 705 Gerardus
836 679 937 702 Machet
952 677 1069 709 scripsit.
1095 691 1123 694 —
1140 676 1164 701 8.
1185 677 1214 699 In
1230 675 1291 698 ms2⁰
1307 677 1445 706 sequentes
1462 674 1608 697 afferuntur
1628 673 1660 696 ad
1686 681 1727 696 an.
1745 673 1814 696 1409.
1838 672 1888 695 Sed
1912 680 2061 703 perperam,
2087 679 2147 694 nam
2173 670 2282 694 Pontius

419 727 545 751 Simoneti
570 730 595 749 et
617 726 746 749 Arnaldus
760 724 866 748 Uitwiic
885 724 940 755 jam
961 731 1003 746 un.
1018 723 1078 745 1408
1094 721 1184 752 (1409),
1204 720 1280 744 Febr.
1297 721 1335 748 26,
1349 722 1378 742 ut
1391 718 1518 742 licentiati
1541 718 1567 740 in
1591 718 1671 741 theol.
1696 717 1842 740 afferuntur
1866 717 1929 746 (vid.
1954 717 2030 746 Bon,
2046 717 2076 746 V,
2093 716 2157 746 191).
2173 716 2242 746 Ergo
2255 715 2282 738 in

421 773 470 795 sinc
492 780 535 794 an.
558 772 625 800 1408,
646 770 687 793 vel
710 769 735 792 in
758 768 890 800 principio
910 776 952 792 an.
975 767 1036 790 1409
1058 765 1186 789 licentiati
1209 768 1278 789 sunt.
1304 778 1334 781 —
1367 764 1393 789 9.
1413 764 1461 787 Ms.
1483 773 1495 785 «
1518 763 1615 786 Wetbit
1637 771 1659 791 i),
1682 762 1707 785 in
1730 761 1850 792 margine
1872 770 1882 783 α
1903 761 2015 784 VVtvvit
2034 769 2056 784 )).
2076 760 2135 784 Vid.
2156 761 2190 783 ad
2218 760 2283 783 haec

419 818 538 840 Λυσίαν.
555 816 573 839 Ι.
591 829 620 833 —-
635 815 677 839 10.
695 815 745 837 Seu
762 822 772 836 ι(
789 812 945 836 Franciscus
967 812 998 834 de
1013 810 1138 834 Ecclesiis
1155 817 1177 838 5),
1194 809 1237 840 qui
1256 817 1286 832 ex
1305 811 1381 840 parte
1400 807 1534 831 Benedicti
1557 808 1615 830 XIII
1632 807 1689 836 suit,
1711 810 1739 830 ut
1758 806 1826 829 inter
1845 806 1898 829 alia
1913 809 1986 837 putet
2000 814 2030 828 ex
2049 804 2282 833 Instructionibus,

419 870 484 892 quas
500 861 632 883 Johnnnes
649 858 769 883 Umberti
784 866 826 881 nn.
839 857 899 880 1414
915 857 947 879 ad
962 855 1130 879 Benedictum
1146 853 1262 886 portavit
1277 853 1366 884 (Ax-ch.
1379 853 1436 875 Vnt.
1453 853 1516 883 Reg.
1533 852 1628 875 Bened.
1645 852 1713 881 XIII,
1730 856 1758 874 n⁰
1774 852 1828 881 332,
1846 851 1890 874 tol.
1907 850 2007 879 28-2912).
2023 851 2070 873 An.
2084 850 2151 876 1415,
2169 850 2228 873 Jan.
2242 849 2281 878 28,

421 908 504 928 factus
520 908 560 928 cst
575 904 657 927 abbas
674 904 702 926 B.
719 902 815 926 Mariae
829 903 860 925 de
875 900 1039 924 Castellariis
1055 900 1137 922 dioec.
1154 899 1300 922 Pictavens.
1319 899 1392 928 (Reg.
1406 898 1462 920 Lat.
1476 897 1536 920 Joh.
1551 897 1640 925 XXIII,
1652 901 1681 918 n⁰
1694 896 1748 925 178,
1764 896 1809 919 fol.
1826 897 1883 926 305;
1898 895 2027 918 omittitur
2041 894 2067 917 in
2085 894 2159 918 Gall.
2176 894 2282 924 christ.,

420 951 452 980 II,
476 951 555 978 1349),
573 952 597 972 et
620 948 668 971 suit
689 948 714 970 in
736 946 851 970 Concilio
873 944 1077 972 constantiensi,
1094 944 1139 966 ubi
1159 952 1201 966 an.
1218 944 1278 966 1416
1294 943 1432 965 defunctus
1449 945 1497 972 est,
1519 941 1613 964 saltem
1631 941 1685 972 jam
1702 949 1791 964 mense
1807 941 1880 971 Sept.
1895 940 1951 963 Vid.
1968 940 2001 962 ad
2016 948 2059 963 on.
2075 939 2145 970 1416,
2162 940 2227 970 Aug.
2244 939 2282 968 19,

423 996 493 1025 Sept.
509 995 547 1023 12,
563 998 622 1021 etc„
640 996 692 1016 not.
711 1006 738 1010 —
755 991 795 1016 11.
810 992 838 1014 In
854 991 916 1013 mst⁰
931 990 1083 1021 appellatur
1099 997 1109 1011 ‹<
1126 990 1206 1011 frater
1222 996 1244 1017 n,
1268 991 1293 1010 et
1314 987 1377 1010 Ord.
1398 987 1470 1014 Min.;
1491 987 1536 1009 scd
1552 994 1702 1017 perperam,
1720 994 1781 1008 nam
1797 985 1847 1008 suit
1866 986 1928 1008 cler.
1950 984 2093 1007 saecularis
2117 983 2180 1013 (vid.
2200 991 2283 1014 supra

421 1048 446 1069 p.
457 1040 505 1068 84).
519 1039 583 1061 Cum
600 1038 649 1068 jam
667 1040 736 1059 osset
751 1044 820 1067 mag.
838 1036 917 1058 theol.
931 1036 951 1065 («
968 1034 1075 1057 maistre
1086 1034 1168 1056 Jehan
1182 1033 1212 1055 de
1224 1032 1380 1060 chastillon,
1394 1031 1501 1054 maistre
1516 1039 1547 1054 en
1563 1031 1643 1054 the'ol.
1656 1031 1687 1053 de
1703 1031 1776 1053 Paris
1788 1032 1820 1060 n),
1832 1029 1997 1053 Universitus
2012 1029 2097 1052 Paris.
2107 1037 2165 1051 eum
2177 1028 2282 1051 cuidam

420 1083 535 1114 principi
549 1080 781 1110 recommendavit,
798 1080 887 1103 dicens
903 1087 960 1102 eum
977 1079 1056 1101 etiam
1072 1078 1104 1101 ad
1120 1077 1349 1108 archiepiscopum
1364 1076 1507 1099 Senonens.
1523 1075 1603 1107 pedes
1617 1075 1732 1106 dirigere
1746 1074 1833 1104 (Arch.
1850 1078 1904 1098 nat.
1918 1074 2013 1102 Paris.,
2028 1074 2052 1096 M
2067 1072 2119 1102 651²,
2130 1077 2160 1096 ῐιο
2175 1074 2222 1102 70).

425 1285 564 1323 1864.
588 1303 603 1319 «
620 1293 797 1319 Deliberatio
820 1291 974 1326 facultatis
998 1290 1137 1325 theologie
1159 1290 1336 1316 Parisiensis
1356 1298 1443 1325 super
1461 1288 1634 1324 quibusdam
1650 1288 1735 1314 dictis
1747 1296 1802 1324 per
1819 1289 1939 1322 fratrem
1955 1286 2111 1313 Iohannem
2136 1284 2279 1320 Gorre[l]‚

507 1343 654 1376 Minorem,
673 1343 701 1368 in
716 1342 777 1367 sais
794 1341 929 1377 vespm-iis
945 1350 960 1367 »
976 1340 1011 1366 de
1027 1340 1136 1366 curatis
1152 1343 1179 1365 et
1195 1338 1427 1365 Mendicantibus
1443 1342 1581 1373 quantam
1597 1337 1637 1363 ad
1649 1340 1861 1363 sacramentum
1876 1336 2080 1372 poenitentiae.

1634 1441 1705 1470 1409,
1719 1440 1836 1466 ιΙαηυανῘί
1846 1441 1871 1470 2,
1886 1439 1998 1466 Parisiis.

510 1549 550 1579 ln
567 1547 712 1580 nomine
731 1545 890 1586 Domini,
909 1557 1025 1578 amen.
1045 1544 1236 1578 Universis
1253 1555 1406 1589 presens
1427 1543 1613 1588 publicum
1631 1543 1911 1575 instrumentum
1929 1541 2151 1586 inspecturis
2168 1546 2286 1585 pateat

422 1615 622 1655 evidenter,
656 1613 753 1658 quod
785 1624 878 1645 anno
909 1612 1072 1656 ejusdem
1108 1611 1252 1644 Domini
1280 1613 1314 1644 M
1331 1611 1465 1645 CCCC⁰
1493 1617 1618 1644 octavo
1654 1622 1755 1643 more
1785 1609 1978 1654 gallicano,
2006 1607 2206 1641 indictione
2235 1608 2283 1649 2³,

423 1681 557 1714 mensis
588 1680 750 1714 Januarii
777 1679 835 1712 die
863 1680 909 1720 2³,
944 1678 986 1711 ab
1015 1678 1194 1711 electione
1218 1678 1313 1711 Petri
1341 1678 1385 1710 de
1416 1679 1514 1710 Luna
1546 1677 1671 1710 ultimo
1696 1677 1733 1710 in
1762 1689 1886 1722 papam
1918 1675 2036 1714 electi,
2060 1674 2122 1720 qui
2148 1674 2284 1707 dudum

422 1748 642 1781 Benedictus
667 1748 751 1779 XIII
781 1752 1021 1791 nuncupatur,
1045 1758 1100 1778 an.
1123 1757 1179 1786 xv,
1209 1746 1246 1777 in
1274 1745 1560 1790 congregatione
1586 1744 1849 1778 venerabilium
1876 1750 1911 1776 et
1937 1742 2283 1787 circumspectorum

422 1816 579 1848 virorum
603 1814 831 1846 dominorum
856 1820 890 1846 et
910 1813 1166 1857 magistrorum
1189 1824 1290 1845 sacre
1311 1812 1491 1845 facultatis
1515 1811 1723 1857 theologice
1750 1811 1878 1844 studii¹
1902 1810 2014 1843 Paris.
2043 1810 2080 1842 in
2105 1808 2184 1842 aula
2210 1807 2285 1841 col-

422 1882 509 1926 legii
535 1881 787 1925 theologorum
821 1880 864 1913 de
895 1882 1050 1913 Navarra
1079 1879 1229 1912 multum
1259 1879 1498 1924 solempniter
1518 1885 1837 1924 congregatorum,
1861 1884 1896 1910 et
1924 1889 2025 1910 more
2053 1876 2161 1909 solito
2190 1875 2285 1908 dicte

420 1948 598 1982 facultatis
629 1948 834 1992 theologice
864 1947 1186 1992 congregationem
1217 1946 1352 1979 ibidem
1381 1946 1655 1986 celebrantium,
1683 1946 1726 1978 de
1753 1945 1919 1978 mandato
1949 1943 2142 1977 reverendi
2174 1942 2285 1988 patris

423 2015 558 2048 domini
584 2014 790 2048 cancellarii
815 2014 1045 2054 Parisiensis,
1075 2020 1144 2046 tam
1173 2014 1377 2058 regentium
1409 2025 1512 2058 quam
1542 2025 1615 2046 non
1642 2013 1859 2058 regentium,
1894 2018 1928 2044 et
1958 2010 2217 2056 religiosorum
2246 2020 2285 2042 ac

422 2082 652 2122 secularium,
676 2081 719 2114 ad
748 2081 976 2125 infrascripta
1001 2080 1136 2113 ibidem
1161 2087 1367 2113 vocatorum
1390 2080 1610 2126 specialiter,
1633 2086 1781 2125 propter
1801 2077 1869 2112 hoc
1890 2077 2134 2124 personaliter
2153 2075 2287 2110 consti-

423 2156 520 2182 tutus
542 2149 701 2194 prefatus
723 2148 961 2181 cancellarius
984 2148 1220 2190 Parisiensis,
1242 2148 1368 2181 dicens
1390 2154 1425 2180 et
1445 2159 1655 2193 proponens
1677 2147 1774 2192 quod
1798 2158 1892 2191 mag.
1914 2145 2098 2179 Johannes
2124 2144 2168 2177 de
2193 2144 2286 2177 Gor-

423 2216 547 2257 rello²,
567 2216 715 2249 Ordinis
737 2216 885 2248 fratrum
903 2215 1099 2256 Minorum,
1117 2215 1322 2248 licentiatus
1343 2215 1380 2248 in
1397 2214 1594 2260 theologia,
1612 2221 1695 2259 post
1708 2213 1894 2258 vesperias
1912 2224 1996 2246 suas
2012 2212 2129 2245 fuerat
2144 2211 2286 2243 delatus

422 2283 517 2328 apud
543 2283 675 2328 ipsum,
699 2289 734 2315 et
763 2288 1030 2327 consequenter
1056 2282 1150 2326 apud
1178 2282 1307 2315 dictam
1335 2282 1540 2315 facultatem
1565 2281 1764 2327 theologie,
1793 2288 1960 2325 tanquam
1983 2279 2135 2312 dixisset
2155 2290 2195 2311 ea
2216 2288 2285 2322 que

424 2357 639 2395 sequuntur,
662 2350 756 2382 sicut
777 2349 881 2382 etiam
903 2349 1036 2393 scripta
1059 2360 1122 2381 sua
1144 2349 1302 2382 exhibita
1323 2349 1367 2382 de
1388 2349 1534 2394 propria
1556 2361 1661 2382 manu
1685 2360 1815 2382 sonare
1835 2347 2064 2388 videbantur,
2082 2346 2196 2379 forma
2216 2356 2286 2389 que

423 2417 600 2462 sequitur,
624 2416 846 2449 continentia
869 2427 877 2448 τ

514 2486 545 2516 1⁰
567 2484 672 2526 Quod
700 2489 962 2516 sacramentum
992 2483 1190 2528 penitentie
1217 2483 1328 2516 nichil
1353 2484 1428 2528 agit
1452 2484 1488 2516 in
1515 2483 1671 2516 habente
1701 2483 1849 2528 gratiam
1876 2482 2009 2516 virtute
2037 2479 2251 2514 sacramenti
2277 2491 2284 2512 :

422 2551 593 2583 fundatur
614 2551 696 2595 quia
714 2558 978 2583 sacramentum
1001 2550 1199 2594 penitentie
1221 2562 1293 2583 non
1315 2551 1466 2596 respicit
1485 2550 1734 2596 principaliter
1750 2550 1820 2582 nisi
1838 2549 2089 2595 expulsionem
2111 2547 2229 2591 culpe.

511 2619 544 2649 2Ο
566 2617 671 2660 Quod
698 2617 764 2649 rite
792 2617 985 2650 confessus
1014 2628 1085 2649 non
1112 2617 1227 2662 possit
1254 2617 1422 2663 obligari,
1445 2625 1484 2650 ut
1508 2618 1638 2650 iterum
1667 2617 1881 2650 confiteatur
1906 2616 2030 2649 eadem
2060 2620 2216 2660 peccata.
2244 2614 2287 2646 Et

422 2684 489 2716 hoc
513 2696 554 2717 ex
574 2684 695 2716 radice
717 2684 949 2728 precedentis
971 2684 1069 2716 dicti.

511 2753 544 2783 3⁰
567 2751 709 2784 Curatis
741 2763 813 2783 non
841 2751 1025 2795 competit,
1052 2757 1090 2783 ut
1122 2751 1212 2784 tales
1245 2758 1341 2792 sunt,
1371 2752 1572 2796 predicare,
1605 2752 1827 2791 confessare,
1855 2756 2047 2784 extremam
2078 2748 2285 2781 unctionem

423 2818 520 2857 dare,
548 2817 754 2861 sepulturas
782 2817 881 2859 dare,
910 2817 1069 2849 decimas
1098 2818 1275 2862 recipere.
1299 2819 1484 2851 Fundatur
1505 2819 1540 2851 in
1562 2818 1630 2851 hoc
1654 2818 1752 2863 quod
1777 2818 1889 2850 curati
1913 2828 1985 2849 non
2012 2822 2095 2848 sunt
2116 2815 2160 2847 de
2184 2814 2287 2847 insti-

423 2884 560 2916 tutione
583 2883 719 2916 Christi
742 2891 775 2916 et
797 2884 953 2916 ecclesie
979 2884 1160 2929 primaria,
1183 2885 1247 2917 sed
1269 2897 1333 2929 per
1355 2885 1568 2930 Dyonisium
1591 2898 1714 2930 papam
1736 2885 1883 2917 fuerunt
1903 2882 2071 2916 ordinati.
2095 2883 2182 2914 ltem
2204 2880 2287 2925 quia

545 2942 585 2965 21.
