2502 3418
398 335 460 366 582
979 342 1299 366 annTULAan
1335 342 1527 364 UNIVERS.
1564 342 1694 364 rmus.
2168 330 2268 366 [1436

399 425 499 451 101118
516 419 706 460 doulceur,
729 431 855 452 amour
876 425 911 451 et
931 418 1119 463 benignite
1141 429 1234 449 nous
1254 416 1403 450 veulent
1427 417 1621 450 maintenir
1641 424 1676 450 et
1704 417 1836 462 garder
1857 416 2098 449 entierement
2119 429 2267 449 vcomme

400 498 493 518 nous
514 498 626 519 avons
645 490 772 519 trouve
794 498 858 530 par
878 486 995 526 effect⁷
1019 492 1054 518 et
1074 496 1227 517 cncores
1256 484 1549 525 derrtainement]
1577 496 1670 517 nous
1691 496 1709 516 a
1740 496 1803 516 sur
1832 496 1872 516 ce
1894 483 2008 516 moult
2039 483 2210 516 consoles
2233 491 2268 517 et

400 552 558 585 certifies
580 559 705 586 nostre
731 553 781 585 dit
804 552 997 586 souverain
1020 552 1195 596 seigneur
1216 551 1249 583 le
1271 563 1347 596 roy,
1371 557 1446 584 tant
1466 563 1529 596 par
1550 563 1609 584 ses
1630 551 1811 596 benignes
1828 550 1969 592 lettres,
1991 563 2130 583 comme
2152 563 2215 596 par
2234 550 2266 583 la

399 620 482 652 voix
503 620 548 652 de
570 632 637 653 son
660 627 733 653 tres
755 619 864 652 noble
885 619 1110 652 chambellan
1133 618 1397 663 monseigneur
1418 618 1462 651 de
1484 619 1681 652 Gaucourt.
1705 618 1794 651 Maiz
1816 630 1908 663 pour
1928 630 2020 651 vous
2037 617 2201 651 declaret·
2222 630 2267 651 en

399 693 499 720 101118
521 686 737 720 obeissance
759 694 795 720 et
815 686 983 720 honneur
1004 698 1071 719 nos
1099 685 1242 718 bonnes
1263 685 1418 718 loiautez
1439 685 1521 730 plus
1543 692 1819 730 expressement.
1839 692 1874 718 et
1894 685 1927 718 le
1948 691 2055 730 grant
2075 685 2175 718 desir
2197 698 2267 730 que

400 766 494 787 nous
515 766 628 787 avons
650 754 693 787 de
723 754 753 786 13
776 766 952 799 presence
975 759 1049 786 tres
1076 753 1305 786 neccessaire
1329 752 1373 785 de
1395 752 1577 786 nostredit
1597 753 1790 786 souverain
1811 752 1987 798 seigneur
2016 759 2051 785 et
2080 752 2125 785 de
2145 759 2267 786 vostre

401 821 521 854 haulte
539 821 761 863 excellence,
777 832 957 865 avecques
973 826 1096 853 autres
1113 819 1299 865 plusieurs
1316 820 1436 864 poins,
1454 820 1563 852 offres
1580 826 1616 853 et
1629 819 1799 853 humbles
1815 819 2080 865 supplications
2096 819 2269 853 touchant

401 888 434 920 18
451 888 536 921 bien
553 900 721 921 commun
739 888 782 920 de
804 894 883 920 tout
899 899 938 920 ce
954 899 1138 932 royaume,
1154 899 1248 920 nous
1270 887 1448 920 envoions
1466 887 1727 932 especialment
1746 899 1810 932 par
1826 887 1957 920 devers
1974 893 2098 920 nostre
2116 887 2169 920 dit
2184 899 2269 920 sou-

401 956 524 988 verain
546 955 721 1000 seigneur
743 962 778 988 et
800 955 899 987 aussi
922 967 985 999 par
1006 954 1137 987 devers
1158 961 1280 987 vostre
1301 954 1488 987 haultesse
1509 966 1576 987 nos
1599 961 1772 999 suppostz
1793 953 2014 987 honorables
2041 955 2081 987 T.
2106 955 2161 996 T.‚
2185 961 2268 996 etc„

402 1026 577 1071 auxquels
599 1026 623 1058 il
644 1038 736 1059 vous
760 1025 871 1070 plaira
903 1026 1090 1070 adjouster
1121 1025 1241 1070 plaine
1271 1026 1331 1071 soy
1361 1032 1396 1059 et
1425 1037 1576 1059 creance
1604 1032 1639 1059 et
1671 1025 1771 1059 leurs
1802 1025 2073 1071 supplicacions
2113 1026 2271 1059 octroier

402 1093 664 1138 benignement
684 1093 787 1126 selon
818 1093 872 1126 les
893 1093 1132 1126 instructions
1154 1105 1223 1138 que
1245 1105 1338 1126 nous
1369 1093 1449 1126 leur
1473 1105 1585 1127 avons
1606 1092 1770 1126 baillees.
1795 1094 1838 1126 Et
1867 1105 1960 1126 nous
1990 1093 2116 1138 prions
2146 1093 2270 1126 icellui

402 1167 526 1193 nostre
548 1161 711 1193 Sauveur
731 1172 801 1205 que
821 1166 944 1193 vostre
974 1160 1180 1193 excellence
1211 1161 1235 1193 il
1266 1160 1375 1193 veille
1405 1161 1539 1206 garder
1565 1167 1599 1193 ct
1627 1161 1802 1193 conduire
1830 1172 1893 1206 par
1924 1167 2031 1206 grant
2064 1161 2270 1206 prosperite

398 1229 555 1272 jusques
573 1240 617 1261 en
639 1240 677 1261 sa
699 1227 831 1272 gleire.
856 1228 1012 1273 Escript.
1036 1235 1103 1261 etr.

1213 1327 1239 1354 2.
1262 1328 1283 1353 A
1305 1328 1331 1353 la
1350 1328 1458 1361 Royne.

490 1417 580 1448 Tres
597 1415 811 1457 excellente,
828 1415 950 1448 haulte
971 1422 1006 1448 81
1027 1415 1214 1460 puissante
1233 1416 1422 1460 princesse
1444 1422 1479 1448 et
1495 1416 1712 1449 souveraine
1730 1415 1846 1456 dame7
1866 1416 1910 1449 de
1925 1415 2074 1449 humble
2092 1423 2127 1449 et
2140 1416 2270 1462 loyaux

400 1495 590 1528 courages,
622 1495 715 1515 nous
743 1494 837 1515 nous
868 1483 1171 1515 recommandons
1199 1485 1217 1516 a
1243 1490 1365 1516 vostre
1402 1490 1475 1516 tres
1514 1482 1635 1516 haulte
1668 1483 1889 1516 excellence.
1919 1484 2038 1528 Apres
2065 1483 2120 1516 les
2140 1485 2269 1529 grzices

399 1557 434 1582 et
470 1550 623 1595 loenges
655 1562 724 1595 que
760 1562 854 1583 nous
881 1550 1020 1583 devons
1046 1553 1063 1582 a
1090 1550 1196 1590 Dieu,
1231 1550 1510 1595 principalment
1541 1550 1585 1583 de
1616 1550 1648 1583 la
1679 1550 1822 1583 desiree
1846 1551 1978 1595 jornee
2010 1557 2046 1584 et
2077 1550 2270 1584 reduction

399 1629 580 1662 naguerez
611 1617 796 1651 advenuez
826 1629 889 1662 par
919 1617 1139 1662 disposition
1175 1617 1298 1650 divine
1334 1630 1379 1650 811
1407 1624 1506 1650 ceste
1536 1624 1660 1651 vostre
1695 1617 1805 1650 noble
1842 1618 1912 1651 cite
1939 1620 1957 1651 a
1989 1618 2021 1651 la
2050 1618 2269 1651 droituriere

399 1684 622 1730 obeyssance
654 1685 698 1717 (18
734 1691 859 1717 nostre
893 1685 1086 1718 souverain
1120 1685 1295 1730 seigneur
1326 1692 1360 1717 ct
1396 1689 1482 1729 pere
1512 1685 1545 1718 18
1579 1697 1643 1730 roy
1675 1692 1798 1718 vostre
1828 1697 1979 1730 espoux.
2015 1686 2270 1728 [Universitas

396 1753 526 1786 scribit
545 1752 662 1786 simili
686 1752 788 1786 mocio
813 1758 851 1786 ut
876 1752 923 1786 ad
942 1751 1155 1797 delphinmn,
1182 1752 1295 1786 mittit
1324 1753 1638 1795 ambassiatores]
1664 1754 1754 1786 Tres
1785 1753 1984 1786 excellente
2015 1753 2204 1798 princesse
2234 1760 2269 1786 et

398 1826 523 1852 nostre
552 1820 769 1853 souveraine
801 1820 916 1861 dame,
941 1820 1031 1852 Dieu
1063 1832 1126 1865 par
1154 1832 1191 1853 sa
1223 1822 1330 1865 grace
1365 1832 1457 1853 vous
1477 1820 1586 1853 veille
1609 1820 1761 1865 pardeca
1787 1820 1983 1854 briesment
2016 1821 2212 1854 aconduire
2233 1827 2269 1854 et

398 1887 531 1932 garder
551 1887 595 1920 (18
617 1894 736 1920 tontes
758 1887 960 1920 adversites
980 1887 1315 1932 perdurablement.
1340 1888 1495 1933 Escript,
1519 1894 1585 1921 etc.

491 1985 606 2009 Minuta
621 1986 737 2009 chartac.
749 1986 774 2008 in
791 1986 869 2009 Arch.
883 1989 936 2009 nat.
948 1986 1042 2014 Paris.y
1058 1987 1080 2009 Μ
1092 1986 1142 2014 651»,
1156 1991 1185 2008 n⁰
1199 1987 1227 2009 37
1241 1986 1313 2015 (olim
1326 1987 1354 2010 A.
1368 1987 1392 2010 3.
1408 1988 1452 2016 111).
1464 1987 1492 2009 In
1507 1987 1558 2010 fine
1569 1986 1676 2010 nomina
1689 1986 1912 2010 ambassiatorum
1925 1995 2007 2019 supra
2020 1989 2048 2010 n⁰
2060 1988 2119 2011 2481
2134 1987 2267 2020 exscripta

396 2030 531 2061 leguntur.

398 2175 542 2212 2483.
566 2194 581 2210 ‹
600 2186 804 2212 Instructiones
823 2195 911 2222 super
931 2186 1035 2222 quibus
1053 2187 1268 2223 proponendum
1281 2188 1329 2213 'est
1349 2197 1386 2213 ex
1402 2192 1488 2224 parte
1508 2188 1706 2214 Universitatis
1722 2189 1899 2215 Parisiensis
1914 2198 2010 2215 coram
2027 2188 2223 2215 illustrissimo
2239 2192 2267 2214 et

486 2234 726 2261 excellentissimo
738 2235 869 2272 principe
883 2235 997 2262 domino
1011 2240 1107 2262 nostro
1123 2245 1189 2271 rege
1205 2237 1335 2263 Francie,
1354 2247 1368 2262 »

1562 2283 1634 2312 1436,
1649 2283 1740 2316 Aprilis
1754 2284 1846 2313 27-30,
1862 2285 1976 2310 Parisiis.

487 2368 605 2401 Primo
633 2369 831 2402 reddantur
863 2370 1059 2415 gratiarum
1090 2371 1251 2403 actiones
1279 2371 1528 2416 Omnipotenti
1557 2378 1592 2405 ct
1625 2372 1790 2418 largitori
1820 2373 2102 2419 benignissimo,
2136 2374 2199 2407 uni
2229 2381 2263 2408 et

398 2435 491 2467 trino
519 2436 608 2475 Deo,
640 2436 684 2468 de
712 2436 870 2482 benigna
898 2437 1147 2470 consolatione
1179 2438 1304 2483 populi
1339 2439 1395 2471 sui
1428 2439 1464 2471 in
1492 2446 1642 2472 tractatu
1671 2440 1770 2485 pacis
1798 2453 1915 2485 nuper
1947 2441 2042 2474 inter
2076 2441 2262 2474 dominum

398 2508 561 2534 nostrum
584 2514 706 2548 regem
730 2510 765 2536 et
785 2503 1074 2537 illustrissimum
1096 2505 1297 2550 principem
1324 2506 1509 2538 dominum
1533 2506 1659 2539 ducem
1683 2508 1897 2552 Burgundie
1917 2508 2072 2541 feliciter
2098 2520 2262 2541 consum-

398 2569 523 2610 1nat0¹‚
547 2570 589 2602 ad
617 2571 721 2614 cujus
747 2572 1026 2615 promotionem,
1052 2573 1346 2618 prosecutionem
1376 2580 1410 2606 et
1435 2574 1783 2607 consummationem
1811 2575 1967 2617 selicem⁷
1996 2582 2094 2608 certe
2125 2576 2262 2609 scimus

399 2637 518 2679 (prout
538 2636 644 2669 nobis
665 2649 730 2681 per
750 2637 958 2684 fidedignos
979 2639 1260 2673 ambassiatores
1284 2647 1432 2673 nostros
1453 2641 1496 2673 ad
1526 2641 1662 2674 dictum
1686 2642 1783 2686 pacis
1810 2643 1996 2688 negotium
2025 2643 2261 2676 transmissos

399 2702 580 2736 extitimus
612 2704 818 2747 informatiQ
844 2706 941 2750 quod
970 2707 1130 2751 prefatus
1162 2707 1331 2741 dominus
1360 2715 1485 2741 noster
1517 2721 1579 2741 rex
1610 2720 1693 2742 suas
1728 2710 1975 2743 exactissimas
2002 2710 2103 2743 dedit
2131 2721 2261 2755 operas

400 2769 532 2813 pariter
553 2776 588 2802 et
607 2770 803 2816 impensas.

490 2833 724 2876 Regracictur
744 2834 859 2868 eidem
879 2836 922 2868 (18
952 2836 1160 2871 sinceritate
1180 2838 1289 2872 animi
1311 2839 1380 2881 sui‚
1405 2851 1511 2885 quern
1532 2839 1576 2873 ad
1597 2839 1731 2874 bonum
1754 2847 1789 2874 et
1809 2840 2059 2874 exaltationem
2093 2840 2261 2875 similiter

401 2903 436 2931 et
454 2897 709 2934 relevationem
730 2901 855 2948 populi
873 2903 929 2937 sui
946 2904 1162 2939 mirabiliter
1183 2906 1365 2954 oppressi,
1389 2907 1432 2942 ad
1454 2907 1684 2943 commodum
1706 2908 1836 2955 re[gn]i
1857 2914 1892 2943 et
1912 2908 2022 2943 totius
2044 2907 2257 2956 reipublice,
