2502 3418
376 335 440 367 710
949 345 1269 366 CHARTULARIUM
1303 344 1496 366 uuivans.
1533 343 1665 365 rmus.
2147 329 2246 366 [1452

468 418 492 443 1.
508 419 635 450 Magister
654 419 680 442 in
697 420 778 443 theol.
799 420 877 444 Febr.
894 420 921 443 21
940 420 996 450 (fol.
1013 420 1058 451 91’).
1075 420 1121 443 An.
1139 420 1209 450 1443⁷
1226 420 1285 444 Dec.
1302 419 1340 447 14,
1359 428 1370 442 α
1385 419 1445 443 Joh.
1461 418 1558 442 Moneti
1573 427 1585 442 »
1606 418 1707 450 presb„
1723 426 1816 442 canon.
1833 417 1947 441 Eduens.
1964 420 1989 440 et
2003 419 2090 440 rector
2108 417 2172 440 eccl.
2187 425 2245 448 par.

377 464 407 486 de
423 463 548 493 Buxiaco,
563 464 732 489 Cabilonens.
757 465 851 494 dioec„
874 465 952 495 plura
975 465 1101 487 beneficia
1124 464 1199 495 petit,
1222 464 1370 495 iterumque
1392 472 1436 487 un.
1452 465 1522 494 1444,
1543 464 1611 494 Aug.
1628 465 1656 487 22
1682 463 1788 494 (Suppl.
1809 463 1909 494 Eugen.
1926 462 1969 491 lv,
1989 466 2019 484 n⁰
2038 462 2091 490 386,
2114 462 2159 485 rol.
2176 461 2246 488 179123

376 512 404 530 n⁰
419 509 474 537 392,
490 508 536 531 foi.
552 509 600 538 82).
613 522 644 526 --
657 508 682 534 2.
696 509 823 540 Magister
839 510 915 533 Mart.
932 510 961 532 23
976 510 1030 538 (sol.
1042 509 1089 540 9b)‚
1104 509 1279 536 Surbonicus;
1297 510 1332 533 cs.
1349 509 1499 537 Fumxmu,
1514 517 1542 540 p.
1561 509 1616 532 229.
1632 508 1725 531 Postea
1741 516 1799 531 can.
1813 510 1839 530 et
1857 506 2077 538 poenitentiarius
2090 506 2174 531 Paris.
2188 506 2246 530 Vid.

376 553 501 581 nausis,
516 554 579 577 Cab.
595 555 641 578 des
656 561 733 582 mss„
747 554 780 582 Π,
798 554 852 578 177.
869 554 903 577 De
919 562 948 577 co
964 554 1070 585 saepius
1084 554 1174 584 agitur
1189 553 1214 576 in
1230 555 1359 583 Auctar.‚
1373 557 1393 577 t.
1405 554 1438 576 11.
1450 567 1478 571 —
1493 553 1516 578 3.
1532 553 1659 584 Magister
1671 561 1712 576 un.
1727 553 1796 581 1454,
1813 552 1875 575 Maii
1891 552 1921 574 16
1936 551 2068 581 (s01.1s¹²).
2080 564 2111 569 —
2125 551 2150 576 4.
2166 551 2247 583 Mugi-

376 600 430 620 ster
442 605 485 620 an.
502 598 571 627 1452,
588 598 649 621 Maii
666 599 695 621 22
712 599 766 628 (sol.
782 598 828 628 91’).
845 612 873 616 —
891 598 915 622 5.
931 598 1054 630 Magister
1069 598 1130 621 Jun.
1150 598 1179 621 19
1200 598 1296 628 (ibid.).
1311 611 1341 616 --
1360 597 1384 623 6.
1401 598 1527 629 Magister
1542 598 1603 621 Jun.
1620 600 1633 620 5
1647 597 1742 627 (ibid.).
1757 611 1786 614 —
1799 595 1825 622 7.
1841 596 1968 628 Magister
1982 596 2045 620 Jun.
2061 596 2090 619 12
2106 595 2203 626 (ibid.).
2218 609 2247 613 —

376 641 401 666 8.
418 642 545 672 Magister
559 642 620 665 Jun.
638 643 667 666 25
684 643 778 672 (ibid.).
799 657 829 660 —
851 642 875 668 9.
893 643 1020 674 Magister
1035 643 1118 674 April.
1136 643 1163 666 17
1180 642 1274 674 (ibid.).
1296 657 1327 661 —
1349 642 1391 668 10.
1407 642 1535 674 Magister
1553 642 1615 666 Maii
1630 643 1644 665 4
1665 642 1761 672 (ibid.).
1783 655 1813 660 —
1835 641 1875 666 11.
1897 640 2058 665 Licentiatus
2082 640 2248 664 solummodo

376 686 437 710 Maii
453 687 482 709 22
499 686 555 718 (tol.
570 686 616 717 9¹²),
629 690 740 719 propter
753 687 950 719 oppositionem
966 689 1017 711 sac.
1033 687 1115 711 theol.
1132 687 1195 717 (vid.
1211 691 1241 710 11⁰
1254 687 1334 718 2680),
1348 687 1478 718 magister
1492 687 1586 711 Octob.
1599 687 1629 711 16
1642 687 1699 717 (rol.
1712 687 1761 717 14).

378 838 522 878 2683.
546 849 634 875 Natio
651 849 793 876 Franciae
808 851 949 884 reformat
961 849 1095 886 abusum,
1110 850 1187 886 quod
1195 851 1315 886 juvenes
1330 850 1359 877 in
1376 854 1562 887 temptator-es
1579 849 1873 877 baccalariandorum
1889 850 2044 886 eligantur.

1581 939 1658 969 1452,
1674 938 1793 965 danuarii
1804 939 1830 969 5,
1847 939 1962 966 Parisiis.

466 1024 532 1056 Die
553 1025 677 1069 quinta
703 1025 842 1058 mensis
862 1026 1024 1059 Januarii
1112 1033 1237 1072 aperte
1266 1028 1415 1060 suerunt
1443 1027 1662 1069 insolencia,
1693 1026 1966 1060 dissoluciones
1997 1032 2033 1059 et
2060 1025 2248 1060 inordina-

377 1091 515 1132 ciones,
539 1103 609 1136 que
635 1093 856 1138 contingunt
882 1093 1095 1138 frequenter
1116 1094 1153 1127 in
1179 1095 1332 1128 nacione
1354 1095 1450 1128 circa
1472 1101 1693 1140 temptamen
1720 1093 2118 1135 bacchalariandorum,
2142 1105 2186 1127 ex
2205 1105 2248 1127 eo

375 1158 547 1191 videlicet
568 1159 666 1203 quod
689 1160 848 1204 juvenes
875 1161 1041 1206 magistri
1067 1168 1101 1195 et
1126 1162 1309 1207 inexperti
1335 1162 1524 1208 eliguntur
1544 1162 1588 1195 ad
1609 1162 1871 1207 temptandum,
1895 1168 1930 1195 et
1950 1161 2120 1195 similiter
2141 1173 2184 1194 ex
2205 1173 2247 1194 eo

377 1225 474 1269 quod
496 1231 689 1270 temptator
705 1226 901 1272 deputatus
918 1234 954 1261 et
969 1228 1108 1262 electus
1126 1241 1191 1274 pro
1208 1229 1396 1275 provincia
1416 1229 1616 1262 Parisiensi
1637 1228 1915 1275 permittebatur
1930 1228 2066 1262 habere
2083 1228 2247 1274 sigillum

377 1292 479 1325 solus
500 1299 535 1325 et
554 1305 667 1337 penes
689 1305 742 1336 se,
761 1295 954 1328 occasione
975 1297 1080 1341 cujus
1102 1296 1205 1330 multi
1227 1309 1359 1342 graves
1381 1309 1558 1330 excessus
1575 1303 1611 1330 et
1626 1296 1762 1330 abusus
1779 1296 2111 1330 committebantur.
2131 1296 2248 1341 Super

376 1370 447 1403 quo
464 1359 568 1393 nacio
586 1361 762 1402 [Francie]
784 1368 924 1395 mature
941 1369 977 1396 et
992 1364 1228 1397 concorditer
1245 1376 1309 1409 per
1326 1364 1534 1409 provincias
1555 1364 1599 1397 ad
1620 1370 1759 1409 partem
1780 1370 1955 1397 retractas
1976 1362 2195 1397 deliberavit
2214 1369 2249 1396 et

373 1426 568 1468 conclusit,
592 1428 691 1472 quod
713 1428 886 1462 decetero
908 1429 1137 1474 eligerentur
1157 1443 1289 1477 graves
1311 1438 1347 1464 et
1371 1431 1554 1465 notabiles
1574 1431 1657 1473 viri,
1675 1431 1737 1476 qui
1758 1431 1830 1464 fide
1851 1431 2002 1476 prestita
2024 1430 2068 1464 de
2090 1429 2248 1463 fideliter

373 1493 597 1527 admittendo
619 1495 753 1541 dignos
770 1503 805 1529 et
825 1497 1002 1543 indignos
1019 1498 1250 1544 repellendo,
1269 1499 1387 1532 dictos
1409 1498 1706 1532 baccalariandos
1728 1499 1897 1532 audirent
1916 1498 1953 1531 in
1970 1498 2113 1544 magnis
2134 1497 2246 1532 scolis

374 1561 536 1603 Francie,
560 1562 597 1594 in
623 1563 798 1608 epitogiis
826 1571 977 1610 propter
1004 1566 1176 1610 majorem
1202 1566 1451 1600 reverenciam
1480 1573 1516 1600 et
1539 1566 1718 1600 honorem
1744 1566 1923 1608 nacionis,
1946 1572 1982 1599 et
2005 1565 2049 1598 ab
2075 1564 2246 1598 omnibus

373 1628 582 1673 reciperent
602 1629 696 1663 duos
717 1630 859 1664 solidos
880 1632 1091 1677 parisiens,
1114 1640 1306 1678 antequam
1327 1633 1556 1675 audirentur,
1578 1646 1644 1679 pro
1666 1633 1765 1667 omni
1786 1645 1879 1679 pena
1899 1639 1936 1666 et
1954 1632 2080 1666 labore
2101 1639 2249 1678 tempta-

373 1695 495 1738 minis,
518 1702 554 1729 et
579 1697 824 1731 admissorum
846 1706 908 1732 aut
927 1700 1236 1734 admittendorum
1259 1701 1400 1734 litteras
1425 1701 1462 1734 in
1490 1701 1656 1746 predicto
1683 1701 1764 1734 loco
1793 1701 1830 1734 in
1857 1700 2049 1746 presencia
2075 1711 2248 1746 procura-

372 1763 463 1795 toris
498 1769 534 1796 et
569 1763 790 1798 decanorum
828 1767 1044 1812 expedirent
1075 1774 1111 1801 et
1138 1768 1346 1814 sigillarent
1378 1780 1452 1801 uno
1485 1769 1670 1802 communi
1705 1768 1830 1814 sigillo
1865 1768 2033 1802 ordinato
2068 1767 2148 1801 fieri
2182 1779 2247 1813 per

372 1829 575 1872 nacionem,
605 1832 702 1876 quod
731 1832 778 1866 sit
806 1841 1024 1879 perpetuum
1055 1836 1308 1880 reponendum
1340 1842 1376 1869 et
1406 1836 1691 1869 custodiendum
1718 1836 1755 1869 in
1784 1836 1896 1869 coffro
1922 1835 2095 1877 nationis,
2126 1834 2243 1868 solum

374 1897 636 1931 extrahendum
658 1899 717 1932 die
740 1900 982 1935 determinato
1003 1902 1063 1936 vel
1083 1903 1362 1936 determinando
1383 1903 1427 1936 ad
1449 1903 1700 1949 sigillandum,
1723 1910 1761 1936 ut
1781 1903 2015 1948 premittitur.

466 1987 544 2011 ⁴Arch.
559 1988 682 2014 Univers.
699 1989 794 2019 Paris„
809 1991 869 2015 Lib.
881 1998 999 2022 procur.
1015 1996 1077 2017 nat.
1092 1993 1204 2023 Gallie„
1222 1993 1267 2017 sol.
1284 1993 1349 2017 1451).

374 2139 519 2177 2684.
542 2155 630 2181 Natio
648 2155 798 2189 manaae,
817 2154 857 2180 ad
872 2155 1043 2182 obviandum
1058 2158 1140 2191 gravi
1152 2166 1316 2194 pauperum
1331 2157 1507 2184 scholarium
1521 2158 1703 2195 oppressioni
1718 2161 1745 2184 et
1760 2157 1800 2184 ad
1811 2157 1974 2184 evitandum
1987 2157 2112 2184 nationis
2125 2160 2153 2183 et
2162 2157 2247 2192 jura-

463 2209 554 2231 torum
575 2205 636 2240 ejus
659 2205 710 2231 diu
734 2205 932 2231 continuatum
957 2206 1094 2232 tributum
1117 2207 1146 2232 in
1169 2207 1313 2233 solutione
1338 2207 1441 2234 bursae
1457 2209 1472 2234 4
1494 2207 1548 2235 sol.
1567 2217 1645 2244 par„
1664 2207 1772 2233 dictam
1794 2208 1909 2234 bursam
1932 2210 2064 2243 quassat,
2089 2209 2201 2232 revocat
2220 2209 2248 2232 et

462 2254 606 2289 annullat,
626 2254 828 2290 concluditque
842 2263 895 2290 per
907 2255 997 2281 alium
1011 2255 1133 2291 modum,
1149 2265 1202 2293 pro
1219 2256 1341 2292 agendis
1357 2257 1441 2283 rebus
1462 2257 1647 2292 Universitas.
1666 2256 1701 2283 de
1714 2256 1846 2293 pecuniis
1859 2256 2066 2292 providendum
2083 2264 2156 2282 esse.

1580 2347 1654 2376 7452,
1671 2347 1789 2373 danunt-ii
1802 2347 1827 2376 5,
1843 2346 1957 2373 Parisiis.

470 2424 548 2448 Arcti.
562 2424 684 2447 Univers.
698 2424 793 2454 Puris„
809 2425 868 2449 Lib.
881 2431 999 2455 procur,
1013 2430 1074 2450 nat.
1092 2426 1202 2454 Gallie„
1218 2426 1262 2450 sol.
1279 2426 1346 2450 146¹&
1357 2440 1388 2444 —
1403 2426 1479 2456 Bur„
1491 2427 1521 2457 V,
1535 2427 1589 2450 561.

379 2577 523 2614 2685.
547 2587 684 2613 Facultas
701 2587 807 2613 artiut'n
829 2588 890 2622 agit
910 2588 946 2614 de
961 2589 1167 2623 reformatione
1182 2593 1210 2616 et
1230 2594 1259 2616 ut
1274 2590 1472 2617 ambassiator
1487 2591 1620 2616 mittatur
1639 2590 1679 2616 ad
1699 2590 1778 2618 card.
1798 2590 1978 2617 Guillelmum
1994 2590 2029 2616 de
2044 2589 2244 2624 Estoutevilla,

468 2640 497 2661 ut
513 2636 540 2661 in
557 2636 705 2672 aliquibus
718 2638 836 2673 punctis
849 2637 1006 2674 dispenset.

1560 2678 1639 2707 1452,
1654 2677 1772 2703 danum-ii
1784 2677 1825 2706 31,
1840 2677 1956 2704 Pam'sit‘s.

471 2759 536 2791 Die
559 2760 643 2792 lune
672 2762 772 2805 xxxja
796 2762 934 2794 mensis
967 2764 1151 2804 [Januarii]
1178 2765 1418 2809 congregavit
1445 2765 1616 2798 dominus
1643 2772 1763 2798 rector
1789 2764 1995 2798 facultatem
2021 2765 2151 2798 artium
2182 2776 2247 2810 per

378 2825 620 2868 juramentum
651 2827 687 2859 in
719 2828 849 2860 Sancto
878 2829 1022 2862 Juliano
1049 2842 1161 2875 super
1193 2831 1311 2864 tribus
1343 2832 1521 2865 articulis.
1556 2833 1697 2865 Primus
1730 2833 1798 2865 suit
1829 2844 1941 2877 super
1968 2832 2245 2877 dispensatione

383 2891 607 2936 impetranda
637 2893 680 2925 dc
708 2894 891 2938 aliquibus
914 2897 1145 2940 juramentis,
1176 2910 1245 2942 que
1273 2906 1547 2933 consueverunt
1568 2900 1693 2944 jurare
1722 2899 1766 2932 de
1794 2912 1888 2933 novo
1916 2899 2148 2945 incipientes,
2175 2910 2245 2944 que

2500 3128 2502 3132 .
2490 3098 2502 3123 .;..
2489 3015 2502 3095 ane-er.
2486 2947 2502 3009 hum-2
