2502 3418
281 327 377 364 1443]
625 341 670 362 ΑΒ
705 341 810 362 ΑΝΝΟ
845 340 1134 363 MCCCLxxxxw
1166 341 1297 369 USQUE
1332 342 1380 363 AD
1414 342 1551 363 ANNUM
1586 343 1791 365 mccccmi.
2073 335 2135 367 631

368 416 419 447 De
441 415 659 460 presentatis
680 421 797 448 autem
822 414 1002 448 conclusit
1021 415 1170 447 facultas
1192 416 1427 448 conformiter
1447 416 1489 448 ad
1512 416 1659 449 cedulas
1682 429 1744 461 per
1771 418 1917 450 eosdem
1942 418 2136 463 religiosos

279 482 393 521 datas,
418 483 514 527 quod
548 483 591 515 de
621 489 742 515 cetero
769 489 804 515 et
831 482 866 514 in
892 489 1077 527 posterum
1113 483 1296 527 antiquior
1329 482 1552 516 baccalarius
1584 484 1758 516 formatus
1792 496 1943 528 presens
1978 486 2136 518 Parisius

279 556 511 594 presentetur
538 550 574 582 in
595 549 653 582 die
679 549 824 582 licentie
851 549 1033 582 ordinarie
1064 556 1233 594 presente
1255 550 1435 589 facultate,
1469 557 1609 583 servata
1636 551 1729 595 apud
1755 551 2005 583 Predicatores
2030 553 2138 585 vicis-

279 616 439 649 situdine
456 617 700 649 intraneorum
724 623 756 649 et
779 623 1051 656 extraneorum3
1075 623 1109 649 et
1130 616 1258 649 haheat
1274 617 1325 650 sic
1343 623 1572 662 presentatus
1589 629 1652 650 sex
1673 629 1818 650 menses
1837 617 1926 650 ultra
1944 619 2047 659 alios,
2066 631 2136 663 quo

279 695 364 716 casu
385 683 568 716 tenebitur
589 684 813 728 respondere
835 683 879 716 de
898 683 1034 728 duplici
1057 684 1251 725 ordinaria,
1271 691 1377 729 prout
1398 684 1434 716 in
1456 691 1589 717 statuto
1610 684 1775 717 habetur.

367 752 444 793 Que
466 751 585 783 omnia
606 751 811 795 supradicta
828 751 1046 794 juraverunt
1066 757 1100 784 et
1120 751 1369 796 promiserunt
1388 752 1555 796 religiosi
1582 758 1718 793 tenere,
1742 758 1776 784 et
1797 752 1904 784 modo
1932 764 2002 797 quo
2030 764 2138 797 supra

279 818 410 851 dictum
435 824 489 850 est
510 824 680 862 quantum
703 817 739 850 in
768 817 821 850 eis
852 824 905 850 est
930 817 1138 859 observare,
1163 825 1198 851 et
1222 831 1239 851 a
1265 819 1342 851 suis
1371 819 1545 863 predictis
1573 818 1820 864 generalibus,
1853 825 1889 851 ut
1920 820 2136 864 premissum

277 891 345 926 est,
363 885 653 930 impetrationem
678 884 924 917 annulationis
945 885 1125 918 antedicte
1152 885 1274 926 [bulle]
1297 898 1492 930 procurare
1514 893 1549 918 et
1578 898 1792 930 promovere
1816 886 1908 919 intra
1935 886 2136 931 predictum

278 952 419 985 instans
439 952 570 985 festum
595 951 830 984 Exaltationis
853 952 886 985 S.
914 952 1055 985 Crucis.
1080 952 1143 985 His
1165 959 1282 985 autem
1306 965 1369 997 per
1392 954 1494 998 ipsos
1516 953 1711 997 religiosos
1734 954 1866 998 juratis
1888 960 1923 986 et
1947 954 2139 998 promissis

278 1019 428 1052 facultas
445 1019 604 1064 predicta
627 1019 788 1052 decrevit
808 1025 843 1051 et
867 1019 1059 1060 conclusit,
1083 1019 1321 1064 privationem
1352 1020 1396 1052 de
1419 1020 1471 1053 eis
1499 1021 1625 1053 saetam
1649 1020 1890 1064 suspendere,
1913 1033 1951 1053 ac
1976 1021 2053 1065 ipsa
2079 1032 2140 1053 su-

278 1086 425 1131 spendit
442 1098 559 1131 usque
579 1086 621 1119 ad
646 1086 847 1131 predictum
869 1087 1015 1126 festum,
1039 1093 1073 1119 et
1094 1087 1169 1131 pari
1195 1087 1306 1119 forma
1330 1087 1569 1119 Universitas.
1594 1088 1686 1119 Infra
1710 1087 1807 1131 quod
1836 1088 1865 1120 si
1894 1088 1938 1120 de
1965 1088 2139 1132 predictis

277 1153 523 1186 adnullatione
542 1160 577 1186 et
592 1153 794 1186 cassatione
815 1160 873 1186 aut
897 1154 1117 1186 revocatoria
1140 1154 1313 1198 predictis
1331 1166 1404 1186 non
1426 1155 1663 1195 constiterit⁶‚
1682 1154 1844 1187 decernit
1862 1167 2016 1187 exnunc
2034 1162 2141 1200 prout

276 1234 320 1254 ex
340 1227 424 1253 tunc
447 1233 510 1254 eos
531 1227 638 1266 prout
659 1227 744 1253 sunt
764 1221 924 1265 privatos
946 1221 1023 1253 fore
1044 1232 1161 1265 usque
1182 1221 1225 1253 ad
1247 1220 1513 1266 beneplacitum
1538 1221 1701 1266 ejusdem
1724 1221 1915 1254 facultatis.
1941 1223 1981 1254 Et
2003 1222 2047 1254 de
2069 1234 2140 1254 om-

279 1288 386 1321 nibus
409 1288 601 1320 antedictis
627 1287 780 1320 habetur
801 1287 1082 1320 instrumentum
1107 1300 1124 1320 a
1151 1288 1325 1333 magistro
1349 1288 1525 1321 Michaele
1553 1288 1700 1321 Heberti
1727 1288 1845 1321 scriba
1872 1289 2138 1330 Universitatis7

279 1355 375 1400 quod
393 1361 448 1387 est
469 1355 504 1387 in
525 1354 631 1387 archa
653 1355 923 1388 Universitatis.

372 1453 449 1482 Bou,
466 1453 494 1479 V,
508 1462 534 1484 p.
552 1454 596 1475 522
612 1461 661 1484 sq„
677 1461 690 1475 e
706 1453 761 1476 Lib.
778 1456 912 1483 procurat.
930 1456 983 1476 nat.
1000 1453 1094 1477 Gallie.

370 1537 394 1562 1.
410 1539 530 1561 Attamen
550 1538 635 1560 solum
657 1546 699 1562 an.
717 1538 786 1567 1444,
808 1537 894 1561 Martii
911 1538 948 1565 23,
971 1538 1121 1560 licentiatus
1141 1541 1190 1561 est.
1211 1538 1269 1561 Vid.
1288 1538 1366 1561 infra.
1388 1552 1415 1555 —
1434 1537 1457 1563 2.
1478 1539 1562 1569 Supra
1580 1543 1608 1561 110
1621 1539 1689 1561 2562.
1707 1552 1735 1555 —
1749 1538 1773 1562 3.
1791 1539 1810 1561 l.
1825 1547 1848 1562 c.
1865 1539 1936 1570 Sept.
1954 1539 1992 1567 14,
2008 1547 2049 1561 an.
2070 1539 2138 1562 1443.

277 1583 370 1606 Postea
385 1582 524 1606 terminum
541 1582 641 1605 dabant
654 1584 749 1605 festum
767 1582 961 1613 Assumptionis
979 1582 1008 1606 B.
1029 1582 1126 1605 Mariae
1143 1584 1217 1614 (Aug.
1234 1583 1272 1612 15)
1289 1591 1332 1606 an.
1349 1583 1417 1606 1444.
1436 1583 1490 1606 Vid.
1512 1583 1581 1606 infra
1597 1588 1625 1606 n⁰
1640 1584 1709 1607 2577.
1728 1597 1756 1600 ——
1772 1583 1797 1608 k.
1814 1585 1893 1606 Antea
1909 1592 1956 1614 per
1971 1584 2036 1606 duos
2057 1592 2139 1606 annos

277 1627 392 1651 Bibliam
405 1628 492 1658 legere
507 1627 662 1651 debuerunt.
681 1627 707 1651 Si
727 1630 814 1650 tamen
833 1627 925 1650 tertius
942 1635 1026 1650 annus
1047 1627 1245 1658 praeparationi
1261 1628 1294 1650 ad
1310 1628 1435 1659 legendas
1456 1628 1604 1651 Sententias
1620 1628 1767 1651 destinatus
1790 1631 1854 1655 erat,
1872 1636 1953 1659 quare
1975 1628 2139 1652 Universitas

277 1672 398 1704 permisit
413 1672 593 1695 saecularibus
608 1680 659 1695 uno
677 1672 819 1703 eodemque
835 1680 902 1694 anno
918 1672 1005 1703 legere
1017 1672 1129 1695 Cursum
1141 1673 1188 1695 2³¹ss
1205 1675 1230 1695 ct
1245 1672 1410 1695 sententias?
1427 1674 1546 1696 Attamen
1567 1673 1743 1696 Mendicantcs
1762 1673 1845 1703 magis
1864 1672 1997 1696 exercitati
2013 1676 2088 1696 erant
2104 1673 2139 1702 (in

277 1716 372 1740 studiis
386 1720 441 1740 tum
454 1716 632 1748 generalibus,
649 1719 704 1739 tum
720 1716 842 1747 privatis)
857 1725 935 1748 quam
946 1717 1104 1739 saeculares.
1119 1730 1149 1734 ——-
1160 1716 1184 1741 5,
1195 1717 1259 1740 Bm..
1276 1717 1369 1748 incipit
1386 1717 1541 1740 sententiam
1556 1725 1561 1740 ⁴.
1582 1726 1593 1739 a
1607 1717 1698 1745 Quoad
1712 1717 1840 1748 reliquam
1855 1727 1877 1746 ιι,
1891 1720 1939 1741 etc.
1952 1731 1983 1735 —
1996 1717 2020 1742 6.
2034 1717 2139 1740 Minime

276 1765 364 1785 tamen
379 1761 453 1784 bulla
466 1761 631 1784 revocatoria
643 1761 785 1785 emanavit.
802 1761 867 1784 Hinc
880 1769 947 1784 nova
960 1761 1124 1792 perturbatio
1138 1764 1227 1784 exorta
1241 1765 1288 1791 est,
1306 1765 1334 1784 ut
1347 1762 1415 1785 infra
1432 1762 1590 1785 videbimus.

278 1925 422 1962 2571.
451 1934 626 1960 Universitas
642 1935 737 1959 Paris.
755 1934 856 1959 scribit
871 1933 910 1959 ad
929 1934 1144 1959 Universitatem
1161 1934 1335 1959 Cracoviens.
1351 1933 1544 1969 promittendo
1562 1934 1729 1968 magistrum
1747 1934 1880 1958 Sanctum
1897 1933 2053 1967 Butconitz,
2070 1933 2137 1959 eccl.

365 1985 392 2010 S.
415 1983 528 2017 Georgii
546 1985 699 2010 Gnesnens.
718 1983 942 2019 praepositumz',
961 1992 1042 2017 (suem
1066 1987 1095 2008 ut
1116 1982 1230 2008 litteras
1246 1982 1411 2008 addisceret
1429 1982 1627 2008 Cracovienscs
1649 1982 1924 2015 commendawcrmzt,
1943 1981 2102 2016 benigniter
2121 1991 2138 2007 a

365 2042 396 2059 se
412 2037 559 2068 exceptum
576 2033 623 2059 iri.
640 2032 785 2058 Nonnulla
806 2032 923 2067 subjicit
938 2032 973 2057 de
993 2041 1044 2057 suo
1061 2032 1206 2066 indefesso
1223 2032 1251 2057 in
1272 2041 1372 2067 pacem
1394 2032 1533 2057 ecclesiae
1548 2031 1655 2057 studio.
1674 2031 1822 2064 Scriptum
1843 2031 1977 2064 [Parisius
1996 2032 2026 2057 in
2043 2034 2140 2058 nostra

365 2082 589 2116 congregatione
604 2082 731 2115 generali
746 2082 825 2115 apud
841 2082 867 2107 S.
885 2081 1068 2107 Maturinum
1090 2081 1257 2107 solemniter
1277 2082 1417 2107 celebrata
1432 2089 1510 2107 anno
1526 2082 1611 2107 Dom.
1633 2081 1735 2106 milles.
1753 2080 1990 2114 quam-ingentes.
2010 2081 2138 2114 quadra-

366 2132 473 2166 gesimo
489 2132 635 2165 secundo].
652 2142 666 2155 (ι
686 2132 775 2157 Claris
789 2132 923 2158 censetur
938 2131 1074 2157 laudibus
1087 2130 1250 2156 extollenda
1267 2140 1291 2155 ».

1532 2167 1607 2196 7442,
1625 2166 1739 2191 Parisiis.

371 2257 487 2280 Minuta
502 2256 618 2279 chartac.
632 2258 658 2279 in
673 2256 750 2279 Arch.
765 2258 819 2280 nat.
835 2255 929 2284 Paris..
947 2256 969 2278 M
985 2255 1036 2284 65¹¹,
1050 2260 1078 2277 11⁰
1094 2256 1122 2278 25
1137 2257 1222 2285 (antea
1236 2256 1265 2278 A.
1282 2256 1305 2278 3.
1324 2256 1360 2284 ss),
1377 2255 1421 2277 uhi
1439 2255 1533 2277 desunt
1549 2263 1615 2286 quac
1633 2263 1714 2285 supra
1730 2254 1803 2277 uncis
1820 2254 1920 2278 inclusa
1936 2257 2004 2277 sunt.
2021 2268 2047 2272 -
2064 2254 2137 2278 Bibl.

277 2303 308 2325 de
319 2301 410 2325 l’e'cole
424 2302 471 2325 des
483 2302 601 2328 charles,
616 2302 668 2324 ser.
684 2301 726 2329 lv,
741 2304 805 2324 tom.
819 2301 849 2331 V,
862 2309 888 2332 p.
904 2301 958 2327 5t3;
979 2301 1042 2324 Cod.
1056 2300 1173 2330 diplom.
1191 2300 1337 2324 Universit.
1354 2300 1444 2324 studit
1459 2300 1639 2325 Cracoviens..
1658 2300 1689 2328 ΙΙ,
1707 2300 1745 2323 21.

371 2385 395 2410 1.
412 2386 458 2409 An.
474 2386 542 2414 1443,
556 2386 682 2409 Novemh.
699 2386 736 2413 18,
752 2385 838 2409 adhue
854 2385 963 2408 Parisiis
979 2384 1142 2408 morabatur.
1158 2387 1288 2411 Auctar.‚
1307 2385 1337 2412 ΙΙ,
1355 2393 1381 2415 p.
1398 2385 1452 2412 575.
1470 2384 1507 2407 10.

278 2547 422 2585 2572.
445 2565 461 2582 ‹
487 2557 562 2582 Nota
590 2557 771 2589 instrumenti
800 2557 969 2582 continentis
999 2557 1204 2582 revocationem
1226 2558 1335 2590 factam
1362 2565 1416 2591 per
1436 2556 1603 2590 magistrum
1629 2555 1779 2580 Nicolaum
1811 2554 1994 2589 Qadrigarii¹
2022 2555 2138 2581 Ordinis

364 2608 489 2640 fratrum
505 2606 714 2631 Heremitarum
733 2606 816 2631 Beati
831 2606 993 2640 Augustini,
1015 2606 1049 2631 de
1065 2605 1202 2631 mandato
1221 2609 1247 2631 et
1265 2605 1447 2630 ordinatione
1465 2604 1619 2638 facultatis
1640 2604 1780 2638 theologie
1794 2604 1856 2629 sine
1874 2604 2048 2630 auctoritate
2068 2613 2134 2630 can-

365 2654 478 2681 cellarii
489 2654 607 2681 ecclesie
620 2655 794 2680 parisiensis
806 2655 957 2681 occasione
969 2654 1159 2690 quarumdam
1168 2654 1393 2690 propositionum
1407 2662 1587 2679 erronearum
1595 2662 1648 2689 per
1660 2653 1766 2678 dictum
1780 2653 1949 2687 Qadrigarii
1960 2653 2110 2679 dictarum.
2123 2663 2137 2679 ›>

1477 2742 1550 2772 7443,
1567 2743 1684 2768 danuarii
1698 2744 1721 2772 9,
1738 2743 1851 2769 Parisiis.

368 2834 475 2865 Anno
509 2833 653 2865 Domini
678 2833 874 2876 ‘millesimo
903 2832 1263 2877 quadringentesimo
1288 2830 1566 2876 quadragesimo
1588 2831 1763 2871 secundo,
1793 2831 1850 2863 (lic
1878 2843 1968 2863 nona
2001 2832 2136 2864 mensis

278 2900 453 2941 Januarii,
473 2900 565 2932 infra
587 2900 705 2932 scolas
722 2899 942 2932 venerahilis
964 2906 1165 2931 conventus
1187 2899 1265 2930 frat.
1286 2898 1457 2930 [Icrcmit.
1474 2898 1511 2930 B.
1531 2898 1624 2942 Aug.
1650 2898 1761 2930 Paris.
1786 2910 1827 2930 cx
1845 2898 2081 2931 conclusione
2103 2906 2136 2931 et
