2502 3418
411 326 476 359 506
989 334 1308 357 ann‘rULAnium
1344 333 1534 355 uulvnns.
1571 333 1701 356 rimis.
2181 317 2281 354 [1430

413 410 510 455 logie
537 410 665 442 doctor
691 416 757 442 tam
785 410 945 454 graviter
971 409 1159 453 plectatur,
1188 415 1257 441 tam
1285 407 1375 440 dure
1398 413 1583 448 tractetur,
1605 419 1679 440 non
1701 413 1873 445 meretur,
1897 417 1970 438 non
1991 405 2135 438 videtur
2155 404 2283 437 admit-

412 483 488 510 tere
524 488 643 521 neque
674 476 821 509 solitum
853 476 961 509 habet
991 487 1091 508 sacra
1124 474 1321 520 professiO.
1344 474 1534 506 Postremo
1566 474 1754 519 supposita
1784 479 1908 506 nostra
1942 478 1982 505 ut
2012 471 2208 517 plurimum
2238 471 2282 504 ad

411 543 584 576 emendas
606 543 837 588 peccuniales
858 555 931 575 non
953 542 1158 575 trahuntur.
1180 541 1333 574 Accedit
1353 540 1451 585 quod
1477 540 1606 573 doctor
1625 540 1827 586 predictus,
1850 539 2078 584 suppositum
2102 545 2280 579 nostrum,

410 610 504 654 apud
526 622 593 643 nos
615 622 735 643 sacras
757 610 905 654 exponit
925 609 1127 642 orthodoxe
1146 608 1230 641 fidei
1247 608 1420 641 veritates
1437 607 1616 648 docendo,
1636 607 1871 652 predicando,
1890 606 2123 651 disputando,
2142 618 2232 651 quas
2247 613 2282 639 et

411 678 519 721 hujus
540 684 575 710 et
595 683 797 710 exterarum
824 676 1009 709 nationum
1035 675 1222 708 auditores
1248 674 1429 707 seminant
1453 681 1578 719 postea
1603 681 1639 707 et
1662 674 1830 720 aperiunt
1856 673 2003 719 populis
2028 685 2067 706 ac
2093 672 2278 718 gentibus,

411 744 506 776 unde
524 750 642 776 vestra
655 743 900 776 illustrissima
920 742 1094 786 Regentia
1112 741 1182 774 sibi
1199 741 1398 786 benignius
1416 747 1450 774 et
1466 740 1696 782 clementius,
1712 741 1816 774 etiam
1836 740 1867 774 si
1879 740 1966 785 quid
1984 740 2137 773 dixisset
2153 740 2280 773 durius

408 817 468 843 aut
492 810 640 843 fecisset
667 809 925 850 inconsultius,
952 808 1147 853 indulgere
1173 808 1319 852 poterit,
1347 819 1413 840 nec
1439 808 1556 852 ipsius
1580 807 1744 841 absentis
1774 814 1809 840 et
1835 807 1988 840 inauditi
2016 806 2147 839 emulis
2174 818 2281 840 aures

409 876 607 921 prebuerit,
631 877 691 921 qui
714 876 904 908 clementie
925 881 1045 908 vestre
1068 875 1186 907 locum
1210 874 1430 919 precludunt
1449 881 1555 919 atque
1577 874 1797 907 liberalitati.
1815 874 1941 908 Valeat
1957 873 2027 907 sibi
2044 874 2165 919 potius
2182 874 2279 919 quod

408 943 502 975 bone
525 943 698 975 memorie
720 943 868 975 domino
891 942 1048 974 Henrico
1070 949 1104 974 et
1134 941 1212 987 regi
1238 941 1381 986 regenti
1407 941 1565 974 fideliter
1591 941 1753 981 servivit,
1776 948 1811 974 et.
1831 941 2026 974 serviendo
2052 953 2069 973 a
2090 940 2281 986 hrigandis

408 1017 442 1043 ct
470 1010 550 1042 aliis
580 1010 751 1054 pleraque
785 1009 875 1041 mala
905 1021 1036 1054 passus
1068 1015 1135 1041 est.
1163 1009 1254 1042 Cum
1283 1008 1417 1053 itaque,
1444 1008 1694 1041 illustrissime
1719 1008 1903 1053 princeps,
1931 1008 2026 1052 apud
2052 1007 2279 1041 clementiam

405 1083 559 1109 vestram
581 1082 708 1121 portus
730 1075 800 1108 sibi
818 1076 865 1121 sit
886 1082 920 1108 et
938 1075 1162 1120 perfugium,
1181 1075 1429 1120 supplicamus
1447 1075 1569 1108 exelse
1586 1075 1825 1108 dominationi
1840 1081 1975 1116 vestre,
1994 1081 2032 1107 ut
2048 1074 2280 1108 considerato

406 1155 561 1187 persone
583 1149 675 1175 statu
699 1142 888 1180 doctorali,
910 1143 971 1187 qui
995 1154 1107 1187 super
1124 1154 1252 1175 omnes
1270 1141 1523 1187 privilegiatus
1540 1153 1685 1187 semper
1702 1142 1830 1182 extitit,
1849 1148 1981 1175 attenta
1999 1142 2055 1174 sui
2073 1141 2180 1174 officii
2197 1153 2279 1174 con-

405 1209 561 1250 dicione,
592 1221 661 1254 que
690 1209 807 1242 solum
840 1215 894 1242 est
923 1209 959 1241 in
990 1209 1047 1254 pia
1077 1208 1338 1242 distributione
1362 1209 1525 1242 facienda
1554 1208 1790 1254 pauperibus,
1818 1215 1967 1254 pensata
1993 1208 2150 1253 denique
2176 1208 2279 1241 beni-

404 1276 559 1309 volentia
582 1288 687 1321 quam
709 1287 855 1321 semper
875 1276 918 1308 ad
941 1287 1008 1308 nos
1031 1283 1065 1309 et
1087 1275 1277 1321 supposita
1298 1282 1435 1317 nostra,
1458 1275 1519 1320 qui
1542 1276 1714 1308 emendas
1732 1275 1982 1320 peccuniarias
1998 1275 2035 1308 in
2052 1275 2175 1308 delicti
2191 1287 2277 1309 casu

402 1343 598 1383 nescimus,
614 1343 885 1386 [monstrastis],
901 1343 1104 1387 dignemini
1118 1342 1162 1375 de
1174 1342 1334 1375 affluenti
1352 1349 1387 1375 et
1402 1342 1624 1375 accumulata
1640 1342 1755 1387 gratia
1772 1349 1879 1375 totam
1897 1343 2068 1387 prefatam
2088 1342 2275 1375 emendam

403 1409 594 1454 supposito
612 1416 737 1442 nostro
755 1409 975 1442 condonare.
989 1409 1190 1442 Johannem
1210 1409 1335 1450 Fenix,
1348 1409 1406 1442 cui
1423 1409 1482 1441 illa
1500 1409 1653 1442 emenda
1669 1415 1725 1442 est
1740 1409 1937 1454 assignata,
1952 1409 1996 1441 ad
2008 1409 2275 1442 restitutionem

404 1476 531 1520 pri[us]
554 1483 782 1520 receptorum
801 1482 834 1508 et
852 1475 1019 1509 ulteriori
1037 1488 1214 1521 processu
1237 1475 1489 1509 desistendum
1511 1476 1771 1520 astringentes,
1794 1482 1855 1508 aut
1874 1475 1962 1508 alias
1983 1475 2054 1509 sibi
2076 1475 2278 1521 quomodo-

402 1542 490 1574 libet
511 1542 555 1575 de
575 1543 915 1587 recompensatione
938 1543 1193 1587 providentes,
1221 1543 1258 1575 in
1284 1554 1356 1587 quo
1383 1542 1496 1575 decus
1523 1542 1678 1575 ecclesie
1705 1542 1939 1575 sublevantes
1966 1549 1998 1575 et
2020 1554 2163 1575 causam
2190 1555 2277 1588 pau-

403 1621 526 1653 perum
544 1615 695 1654 agentes
712 1609 842 1642 eximie
859 1609 1042 1642 nobilitati
1059 1616 1183 1642 vestre
1201 1609 1374 1642 deferetis
1392 1616 1427 1642 et
1443 1609 1487 1642 de
1505 1609 1754 1642 illustrissima
1770 1609 1883 1642 vestri
1900 1609 2009 1642 animi
2025 1609 2158 1642 virtute
2175 1621 2275 1655 spem

402 1675 600 1720 prebebitis
617 1675 843 1721 ampliorem,
863 1688 967 1721 quam
992 1677 1145 1709 Sanctus
1167 1676 1326 1721 Spiritus
1348 1676 1509 1720 dirigere
1531 1676 1704 1720 dignetur
1725 1688 1789 1721 per
1810 1676 2033 1709 incrementa
2053 1676 2184 1709 felicia.

493 1773 609 1797 Minuta
623 1773 738 1797 chartac.
756 1773 781 1796 in
797 1773 875 1797 Arch.
893 1777 947 1797 nat.
966 1774 1062 1802 Pnris.‚
1081 1774 1103 1797 M
1119 1773 1169 1801 651²,
1187 1778 1216 1796 n⁰
1228 1775 1257 1797 87
1275 1774 1346 1803 (olim
1362 1775 1392 1797 A.
1409 1775 1431 1797 3.
1447 1776 1518 1805 qqq).
1535 1774 1635 1797 ibidem
1647 1774 1726 1797 etiam
1739 1774 1854 1805 epistola
1870 1783 1881 1797 (t
1896 1774 2003 1797 domino
2018 1774 2104 1805 primo
2119 1774 2274 1805 presidenti,

399 1817 505 1840 domino
525 1818 639 1840 Johanni
660 1818 771 1848 Falstof,
785 1818 945 1841 cancellario
959 1818 1034 1841 ducis
1048 1818 1189 1841 Bedsordie
1197 1818 1214 1848 ³,
1231 1821 1257 1842 et
1272 1818 1434 1851 Rad[ulph0]
1450 1818 1583 1850 Sapientis
1598 1827 1609 1841 ))
1627 1818 1737 1850 scriptu.
1755 1822 1784 1842 ut
1801 1827 1828 1842 se
1847 1819 2025 1850 interponant.
2043 1818 2141 1842 Deinde
2156 1819 2275 1850 sequitur

401 1862 490 1885 notula
501 1871 515 1885 a
528 1862 648 1886 Johanne
659 1863 796 1894 Bouesgue
808 1863 982 1886 Universitati
998 1863 1080 1886 missa
1095 1871 1100 1886 z
1119 1872 1130 1885 (ι
1144 1863 1270 1886 Dominus
1287 1871 1380 1894 regens
1395 1863 1445 1887 fuit
1459 1863 1625 1887 voluntarius
1638 1863 1664 1887 in
1676 1863 1812 1887 emendam
1826 1864 1974 1887 condonare
1987 1871 2126 1887 causarum
2143 1864 2274 1887 rationum

400 1906 556 1937 positurum,
569 1910 628 1935 etc.,
642 1907 747 1931 intuitu.
763 1908 978 1939 Supervenerunt
992 1908 1073 1931 emuli
1089 1908 1205 1931 dicentes
1219 1908 1289 1939 quod
1303 1908 1425 1931 clientem
1436 1908 1648 1937 veffleruveram,
1661 1908 1692 1931 de
1706 1916 1758 1939 qua
1774 1916 1801 1931 re
1816 1908 1897 1931 nichil
1910 1908 2026 1931 continet
2037 1908 2165 1932 sententia
2177 1909 2240 1937 lata,
2252 1912 2278 1932 et.

400 1960 431 1974 ex
445 1952 493 1974 hoc
507 1955 532 1975 et
544 1951 604 1974 aliis
621 1952 689 1975 datis
705 1952 811 1983 inu-igis
827 1961 874 1983 per
893 1953 1005 1981 emulos,
1018 1953 1076 1984 ipse
1090 1953 1138 1976 suit
1154 1953 1191 1976 ita
1206 1953 1343 1984 plantatus
1358 1953 1385 1976 in
1398 1953 1523 1984 opinione
1538 1953 1607 1984 quod
1621 1953 1664 1976 vix
1677 1953 1763 1976 voluit
1772 1953 1879 1984 aliquod
1894 1953 1986 1976 audire
2002 1953 2121 1977 verbum.
2138 1953 2165 1977 Si
2178 1953 2273 1985 placet,

400 1996 559 2027 extinguetis
574 1996 670 2027 ignem,
687 1997 749 2028 quin
763 2000 854 2028 presto
882 2005 941 2020 sum
955 1997 1124 2028 respondere,
1136 2000 1196 2025 etc„
1210 2001 1236 2020 et
1246 1997 1353 2029 ponatis
1364 1998 1397 2021 ud
1409 1997 1457 2021 hoc
1472 1998 1622 2021 fructiferos
1634 2001 1718 2027 actus,
1729 2006 1795 2029 quos
1809 1998 1871 2021 lacit
1883 1997 2038 2029 supplicans
2050 1997 2076 2020 in
2088 1998 2275 2025 Universitate,

400 2040 514 2072 qualiter
530 2041 639 2064 servivit
653 2041 720 2072 reg-i,
740 2041 789 2065 suit
804 2045 897 2073 captus
913 2050 960 2073 per
974 2042 1132 2073 hrigaudos.
1146 2042 1243 2065 habuit
1255 2042 1335 2073 plura
1347 2043 1464 2073 dampna
1479 2042 1629 2072 serviendo,
1650 2046 1675 2066 et
1690 2051 1740 2066 non
1760 2043 1823 2066 velit
1842 2043 1948 2066 credere
1963 2046 2054 2066 contra
2072 2043 2159 2074 ipsum
2176 2042 2278 2074 suppli-

400 2088 501 2108 cantem
517 2085 576 2116 ipso
597 2086 729 2116 mundato,
746 2090 771 2109 et
785 2087 874 2109 James
891 2086 979 2115 Fenix,
1000 2087 1042 2110 cui
1062 2087 1201 2118 assignata
1221 2090 1262 2110 est
1279 2087 1399 2116 emenda,
1420 2090 1613 2119 compescatur,
1635 2090 1660 2110 et
1679 2087 1726 2110 illa
1743 2095 1793 2119 que
1812 2087 1913 2118 recepit
1931 2087 2054 2111 restituat
2076 2087 2117 2110 vel
2137 2088 2276 2111 mandetur

400 2129 573 2158 thesaurario,
591 2131 660 2161 quod
676 2130 740 2153 alibi
755 2131 909 2162 supplicans
927 2135 1151 2162 recompensetur.
1166 2139 1177 2154 n

497 2174 571 2198 Certe
587 2174 699 2205 epistola
715 2175 815 2206 scripta
830 2179 870 2198 est
884 2179 945 2206 post
960 2179 1072 2199 mortem
1086 2176 1192 2199 Henrici
1207 2176 1279 2208 regis
1290 2176 1401 2208 Angliae
1413 2177 1502 2206 (1422),
1515 2179 1541 2199 et
1552 2179 1694 2208 postquam
1704 2176 1838 2199 Johannes
1854 2176 1992 2207 Bouesgue
2004 2177 2099 2200 absens
2113 2176 2162 2200 suit
2177 2185 2191 2200 a
2204 2177 2276 2200 Pari-

400 2219 457 2247 siis,
474 2219 507 2241 ab
521 2227 562 2242 an.
576 2220 645 2242 1424.
659 2219 678 2242 E
692 2219 823 2242 mentione
843 2228 854 2242 (ι
870 2219 938 2242 bone
951 2228 1029 2243 mein.
1046 2220 1152 2243 Henrici
1168 2228 1179 2243 u
1197 2220 1327 2251 conjicere
1344 2228 1494 2252 possemus,
1509 2220 1650 2252 epistolam
1664 2228 1714 2243 non
1727 2221 1805 2252 longe
1818 2224 1887 2252 post,
1903 2229 1929 2244 v.
1945 2229 1971 2252 g.
1983 2229 2026 2244 an.
2038 2221 2110 2250 1424,
2119 2224 2273 2252 conceptam

399 2272 465 2288 esse.
480 2264 530 2286 scd
547 2263 568 2286 si
583 2264 770 2286 documentum
785 2272 844 2286 cum
858 2269 887 2286 11⁰
901 2264 1029 2295 sequenti,
1046 2268 1074 2287 ut
1089 2264 1240 2295 opinamur,
1256 2265 1387 2294 cohaeret,
1403 2268 1465 2296 post
1481 2265 1552 2294 1427,
1570 2265 1646 2288 Febr.
1668 2266 1706 2295 19,
1720 2265 1844 2288 defuncto
1859 2265 1994 2289 Dominico
2010 2265 2095 2294 Parvi,
2113 2266 2273 2297 ponendum,

401 2316 460 2330 nain
476 2308 609 2331 johannes
623 2311 684 2331 tunc
702 2317 713 2331 (ι
730 2308 797 2331 inter
810 2304 900 2331 omnes
917 2317 939 2332 s.
957 2309 1054 2340 pagine
1067 2310 1233 2340 professores
1251 2311 1304 2333 sere
1317 2309 1519 2341 antiquissimus
1536 2318 1547 2332 t)
1563 2309 1619 2337 suit,
1639 2309 1695 2332 solo
1712 2310 1788 2332 Petro
1805 2310 1836 2333 de
1857 2310 1984 2340 Dierreio,
2005 2311 2128 2334 defuncto
2143 2311 2212 2339 1433,
2228 2318 2272 2334 an-

401 2352 522 2383 tiquiore.
539 2353 576 2375 Ab
591 2361 634 2375 an.
649 2353 710 2375 '1430
725 2361 784 2375 mox
798 2353 918 2383 Parisiis,
937 2361 996 2376 mox
1013 2353 1038 2376 in
1055 2353 1218 2377 Nox-mannia
1231 2354 1396 2382 morabatur,
1413 2357 1438 2377 et
1452 2354 1546 2377 deinde
1562 2354 1587 2377 in
1601 2353 1719 2377 Concilio
1736 2354 1892 2378 Basileensi.

493 2436 517 2461 1.
533 2437 629 2459 Charta
644 2445 648 2459 :
665 2446 676 2459 (t
693 2437 810 2460 sensiant
826 2446 848 2461 υ.
861 2451 893 2455 —
908 2437 931 2462 2.
948 2438 1017 2461 Inter
1031 2438 1116 2461 lineas
1130 2446 1135 2461 ·.
1155 2447 1166 2461 ((
1180 2438 1308 2468 accusati,
1321 2438 1398 2462 celati
1414 2447 1437 2462 »-
1455 2453 1483 2456 -
1500 2439 1523 2464 3,
1538 2439 1669 2463 Richardo
1682 2440 1761 2471 Layet
1777 2440 1869 2469 (Ille'm.
1883 2441 1915 2464 de
1927 2441 1955 2464 Ζα
1967 2446 2019 2464 soc.
2034 2442 2079 2464 des
2094 2440 2272 2470 anli'quffl'res

398 2482 429 2504 de
445 2481 628 2511 Normandie,
653 2482 738 2511 XMV,
755 2490 781 2512 p.
799 2482 860 2511 172),
878 2486 939 2513 post
954 2491 1031 2513 quem
1050 2483 1140 2506 eodeni
1155 2491 1263 2507 munere
1288 2485 1392 2507 functus
1413 2486 1454 2507 est
1475 2484 1616 2515 episcopus
1631 2484 1795 2514 Ebroicens.,
1814 2485 1943 2508 Martialis
1957 2485 2085 2508 Formier.
2104 2485 2207 2508 Fastols
2220 2493 2269 2507 non

398 2525 581 2552 cancellarius,
596 2526 642 2548 sed
658 2526 784 2557 magister
797 2526 906 2558 hospitii
919 2527 994 2550 ducis
1011 2528 1070 2559 suit,
1085 2536 1127 2551 au.
1145 2528 1205 2551 1424
1218 2528 1512 2558 (STEvEN50N,Letters
1520 2530 1579 2552 and
1587 2536 1700 2559 papers,
1717 2532 1774 2559 etc.‚
1786 2530 1818 2557 ΙΙ,
1834 2537 1861 2560 p.
1877 2530 1926 2560 38),
1943 2537 1985 2552 an.
1997 2529 2058 2553 1435
2068 2529 2152 2560 (ibid.,
2167 2537 2192 2560 p.
2206 2530 2270 2559 434).

520 2924 559 2946 64.
