2502 3418
365 332 431 366 646
943 343 1265 365 CHARTULARtUM
1301 324 1492 365 univans.
1530 343 1661 365 rmus.
2140 331 2237 368 [1444

366 508 512 545 2592.
536 526 551 543 ⁴(
568 519 772 544 lnstructiones
797 517 871 543 alme
895 518 1071 544 Parisiensis
1097 518 1297 544 Universitatis
1316 527 1369 554 pro
1390 519 1452 544 suis
1475 518 1740 544 ambassiatoribus
1766 518 1806 543 ad
1825 517 1969 543 dominum
1993 522 2120 544 nostrum
2146 528 2238 554 regem

457 566 651 593 destinandis.
667 576 682 593 a

1603 630 1677 659 1444,
1693 630 1820 660 Dea-emb„
1836 630 1952 656 Par-[siis.

458 745 577 777 Primo
599 744 770 777 exhibitis
792 744 979 777 humiliter
999 744 1202 778 reverentia
1229 751 1265 776 et
1289 743 1428 776 honore
1450 743 1598 785 debitis,
1621 751 1657 777 et
1682 745 1903 789 presentatis
1930 744 2063 778 litteris
2088 745 2241 778 creden-

367 811 516 844 tialibus
543 811 801 845 Universitatis
821 811 1000 856 ejusdem,
1023 812 1174 856 ipsaque
1197 811 1442 845 Universitate
1462 811 1565 854 regie
1586 810 1794 844 celsitudini
1821 811 1952 845 devote
1976 812 2239 854 commendata,

368 890 455 911 suas
476 878 673 923 legationis
695 890 824 911 causas
846 879 987 911 seriose
1010 879 1238 911 reserabunt.

459 947 499 977 ln
521 945 659 990 primis,
683 945 780 990 quod
805 945 881 989 ipsa
909 945 1150 985 Universitas‚
1175 951 1348 989 perpetua
1370 951 1403 977 et
1430 945 1673 990 primogenita
1694 945 1767 978 filia
1790 946 1892 990 regie
1913 946 2127 990 majestatis5
2148 946 2241 980 zela-

369 1012 439 1045 trix
459 1011 673 1044 fidelissima
696 1011 840 1056 publice
863 1011 991 1044 salutis
1012 1011 1180 1044 catholici
1202 1011 1316 1052 orbis⁷
1344 1011 1515 1056 precipue
1541 1012 1642 1057 regie
1664 1011 1892 1045 exaltationis
1922 1019 1957 1045 et
1986 1013 2241 1057 prosperitatis

369 1078 479 1123 hujus
500 1078 794 1111 christianissimi
819 1078 936 1123 regni,
960 1090 1003 1111 ex
1026 1078 1150 1111 debito
1176 1090 1241 1111 sue
1264 1078 1506 1123 professionis
1527 1079 1714 1119 unionem,
1736 1091 1858 1123 pacem
1882 1086 1916 1112 et
1937 1079 2240 1124 transquilitatem

367 1145 505 1190 ubique
528 1145 743 1178 desiderans
767 1158 818 1186 ea⁷
843 1157 912 1190 que
936 1145 979 1178 ad
1002 1158 1124 1190 pacem
1148 1152 1244 1186 sunt,
1270 1145 1406 1178 hortari
1429 1152 1464 1178 et
1484 1145 1745 1190 dogmatizare¹
1770 1152 1927 1179 tenetur.

460 1214 502 1245 Et
523 1212 771 1257 singulariter.
790 1212 887 1257 quod
906 1212 999 1245 circa
1017 1219 1146 1246 statum
1166 1212 1335 1249 ecclesie,
1353 1213 1500 1257 vigente
1522 1225 1618 1245 nunc
1638 1212 1759 1258 (proth
1776 1213 1893 1256 dolor)
1913 1213 2057 1246 notorio
2079 1220 2112 1246 et
2134 1214 2242 1259 pesti-

369 1280 446 1312 fero
468 1279 649 1320 scismate,
673 1279 868 1324 plurimum
897 1279 1037 1312 turbate
1064 1279 1314 1315 necessariam>
1329 1286 1361 1312 et
1387 1279 1579 1312 salutarem
1603 1279 1775 1312 unionem
1801 1279 1878 1324 ipsa
1906 1280 2134 1314 Universitas
2159 1293 2243 1325 pro-

370 1346 474 1391 sequi
496 1353 652 1386 tenetur,
676 1353 709 1379 et
730 1347 824 1379 circa
841 1346 936 1379 hunc
954 1347 1168 1380 insistentes
1190 1346 1381 1379 articulum
1404 1346 1491 1379 dicti
1512 1353 1676 1379 oratores
1697 1346 1854 1380 habeant
1874 1358 2051 1388 reserare,
2070 1354 2242 1392 quantum

370 1413 416 1446 sit
436 1412 646 1457 hujusmodi
669 1413 755 1445 unio
777 1414 1006 1447 neccessaria
1027 1420 1062 1446 et
1083 1413 1196 1454 utilis,
1219 1420 1318 1446 extra
1340 1425 1444 1458 quam
1468 1413 1593 1446 nullus
1615 1413 1778 1446 residere
1800 1420 1973 1447 censetur
1988 1414 2109 1447 fidelis
2125 1414 2244 1448 catho-

368 1480 480 1519 licus;
504 1492 583 1512 cum
611 1480 806 1524 gratiarum
838 1480 943 1513 etiam
974 1480 1180 1513 actionibus
1201 1480 1429 1526 ma[g]nificis
1456 1480 1592 1525 regiam
1625 1480 1842 1513 extollentes
1871 1481 2151 1525 providentiam7
2173 1493 2244 1526 que

368 1545 411 1577 ad
439 1557 588 1578 suorum
618 1546 732 1579 instar
754 1546 909 1579 illustris
936 1535 1110 1580 memorie
1140 1559 1408 1592 precessorum7
1432 1546 1557 1579 multis
1585 1547 1658 1591 jam
1686 1533 1908 1591 prelatorum
1935 1547 2085 1580 Francie
2113 1560 2245 1581 convo-

368 1612 585 1652 canonibus,
609 1612 851 1654 ambassiatis,
874 1613 1063 1646 laboribus
1085 1620 1119 1646 et
1141 1613 1349 1659 sumptibus
1370 1614 1464 1646 circa
1485 1613 1576 1646 hanc
1597 1614 1770 1646 unionem
1791 1625 1917 1647 vacare
1939 1614 2085 1659 dignata
2107 1621 2174 1648 est.

458 1680 545 1712 Item
568 1680 611 1712 ad
634 1680 770 1725 regiam
793 1680 976 1713 deducant
996 1681 1207 1713 memoriam
1229 1681 1515 1726 protestationes
1536 1680 1828 1714 consultissimas
1850 1693 1915 1726 per
1940 1693 2039 1715 suam
2063 1681 2242 1715 excelsam

369 1746 635 1791 providentiam
657 1747 693 1779 in
716 1747 862 1780 materia
890 1747 1045 1781 ecclesie
1073 1747 1288 1781 solemniter
1315 1748 1481 1788 emissas7
1505 1747 1638 1793 quibus
1665 1748 1816 1780 tandem'
1841 1748 2044 1792 exprimere
2065 1748 2181 1782 voluit
2205 1755 2244 1782 ut

370 1813 698 1846 christianissimus
721 1826 783 1847 rex
805 1815 916 1859 quod,
939 1822 975 1848 ut
999 1821 1121 1847 sancte
1148 1814 1304 1848 ecclesie
1329 1814 1671 1848 determinationem
1698 1815 1811 1847 tutius
1837 1815 2042 1860 inquireret
2067 1822 2102 1851 et
2126 1815 2244 1861 ipsius

372 1880 518 1913 unionis
545 1881 662 1915 media
695 1881 933 1927 pertingeret,
962 1894 1061 1914 suam
1090 1882 1240 1914 Francie
1267 1882 1457 1914 ecclesiam
1489 1888 1708 1915 convocaret
1733 1881 1947 1915 solemniter
1977 1889 2011 1915 et
2041 1882 2241 1915 secundum

369 1947 614 1980 advisame'nta
636 1954 671 1980 et
691 1948 980 1981 consultationes
1002 1949 1166 1993 ejusdem
1190 1960 1343 1981 securus
1364 1948 1576 1982 ambularet.

460 2015 548 2046 Item
572 2020 606 2047 et
627 2014 821 2048 ostendant
842 2015 939 2060 quod
955 2016 1028 2060 jam
1055 2027 1147 2060 opus
1173 2016 1283 2048 instat
1307 2016 1421 2060 ipsam
1451 2015 1641 2048 ecclesiam
1673 2015 1822 2048 Francie
1847 2027 2074 2061 congregare
2100 2016 2137 2048 in
2162 2015 2243 2049 loco

371 2081 559 2125 aptissimo
582 2088 617 2114 et
638 2094 790 2114 numero
812 2081 967 2115 solemni
990 2082 1026 2114 in
1054 2082 1225 2115 omnibus
1252 2083 1329 2115 suis
1355 2083 1557 2127 suppositis
1584 2082 1821 2123 notabilibus,
1846 2089 1885 2115 ut
1909 2083 2041 2115 exinde
2067 2082 2244 2116 solemnis

372 2148 543 2191 procedat
568 2148 797 2190 deliberatio,
825 2161 930 2193 quam
957 2150 1131 2194 prosequi
1163 2150 1262 2194 regia
1287 2149 1444 2182 fidelitas
1471 2161 1600 2182 secure
1629 2149 1763 2194 poterit
1787 2156 1819 2182 et
1848 2148 1997 2182 debebit
2022 2149 2066 2182 ad
2092 2149 2244 2182 investi-

373 2215 527 2259 gandam
550 2215 705 2248 ecclesie
720 2216 914 2248 unionem.

459 2283 585 2314 Peta'nt
609 2282 721 2327 igitur
746 2282 933 2315 humiliter
954 2283 1048 2316 circa
1070 2283 1160 2316 hanc
1188 2284 1371 2316 materiam
1396 2283 1523 2328 prefati
1546 2290 1710 2316 oratores
1732 2283 1830 2328 quod
1855 2283 1994 2328 placeat
2015 2283 2116 2328 regie
2137 2284 2242 2328 maje-

372 2348 452 2380 stati
474 2360 602 2381 vocare
619 2349 779 2393 prelatos
794 2361 921 2394 omnes
938 2342 1047 2394 hujus
1065 2350 1170 2395 regni
1188 2351 1322 2393 (sancte
1345 2357 1380 2383 et
1400 2350 1551 2395 provide
1574 2340 1803 2383 advisaturos
1824 2350 1942 2383 media
1959 2350 2058 2395 pacis
2080 2357 2115 2383 et
2131 2350 2243 2383 eccle-

372 2415 517 2447 siastice
539 2416 697 2458 unionis>
719 2428 757 2449 ac
779 2416 815 2448 in
837 2417 983 2462 propria
1004 2429 1160 2462 persona
1182 2417 1460 2462 comparituros,
1479 2429 1598 2461 neque
1619 2429 1684 2461 per
1704 2423 1960 2461 procuratores
1981 2417 2239 2458 admittendos,

371 2481 443 2514 nisi
470 2488 623 2527 urgente
648 2483 887 2516 neccessitate
914 2483 1211 2528 impedimentum
1238 2483 1413 2528 prebente
1439 2483 1655 2528 legitimum,
1685 2483 1730 2516 de
1757 2495 1828 2528 quo
1858 2483 1965 2516 fidem
1996 2484 2115 2516 facere
2141 2490 2242 2517 tene-

371 2547 519 2587 buntur,
543 2548 604 2593 qui
627 2555 710 2582 tunc
732 2549 849 2582 valide
871 2551 1031 2583 excusati
1055 2550 1136 2583 loco
1162 2551 1220 2583 sui
1241 2551 1340 2583 viros
1365 2550 1546 2583 notabiles
1573 2550 1710 2595 singuli
1736 2549 1905 2595 singulos
1932 2550 2009 2582 suis
2035 2549 2241 2595 sumptibus

372 2614 513 2646 mittere
540 2627 612 2647 non
639 2608 818 2648 differantj
852 2617 976 2661 Sitque
1002 2617 1106 2650 locus
1134 2616 1343 2662 hujusmodi
1372 2617 1670 2662 congregationis
1701 2617 1920 2649 Parisiensis
1945 2616 2012 2649 hec
2037 2617 2177 2658 civitas,
2205 2617 2241 2649 in

373 2691 440 2724 qua
457 2680 618 2713 locorum
641 2688 675 2714 et
692 2682 900 2715 victualium
923 2683 1123 2728 amplitudo
1144 2683 1255 2728 viget,
1279 2690 1314 2716 et
1330 2683 1523 2716 multitudo
1546 2683 1681 2716 residet
1704 2683 1958 2724 litteratorum,
1976 2683 2038 2729 qui
2053 2683 2239 2716 veritatem

374 2745 466 2778 bene
489 2748 656 2780 noverint
676 2748 887 2782 discernere
909 2737 944 2782 et
963 2750 1158 2783 consulere
1180 2750 1338 2783 fideliter
1361 2757 1396 2783 et
1418 2763 1516 2783 sane.
2148 2736 2149 2739 Ἰ

464 2814 551 2845 ltem
580 2815 676 2858 quod
707 2827 823 2860 usque
851 2816 895 2848 ad
922 2817 1036 2861 ipsam
1068 2817 1224 2850 ecclesie
1250 2817 1437 2851 Gallicane
1465 2817 1789 2862 congregationem
1815 2818 1961 2863 petitam
1988 2816 2100 2850 nichil
2125 2816 2240 2850 valeat

375 2878 538 2911 innovari
566 2892 684 2924 neque
712 2882 907 2923 immutarI,
931 2895 1051 2928 neque
1083 2884 1210 2917 etiam²
1239 2884 1277 2916 in
1302 2884 1498 2917 collatione
1524 2883 1802 2924 beneficiorum,
1833 2883 2052 2917 electionum
2082 2883 2240 2916 celebra-
