2502 3418
275 312 370 348 1434]
619 325 664 345 ΑΒ
700 325 805 346 Auno
841 323 1128 346 MCCCLXXXXIV
1165 323 1293 351 USQUE
1328 324 1375 344 An
1410 323 1547 344 ANNUM
1582 323 1789 345 MCCCCLH.
2073 314 2137 346 559

269 441 414 477 2444.
440 450 594 475 Licentiati
611 450 638 475 in
655 449 799 484 facultate
815 448 986 483 theologiae.

1508 499 1579 527 7434,
1596 499 1687 530 Aprilis
1703 499 1721 528 1,
1738 499 1851 524 Parisiis.

356 589 421 621 Die
456 589 570 633 prima
605 588 769 633 Apprilis
803 588 950 620 suerunt
985 587 1166 619 licenciati
1200 599 1265 632 per
1286 587 1470 619 dominum
1495 598 1626 626 meum,
1660 586 1845 618 dominum
1882 586 2134 618 cancellarium

267 654 423 687 ecclesie
445 654 663 687 Parisiensis
683 655 896 698 magistrum
916 653 1116 687 Johannem
1140 653 1315 686 Chusardi
1338 653 1373 685 in
1395 652 1474 685 aula
1496 652 1633 685 domini
1655 652 1769 685 Paris.

358 752 393 778 Et
407 753 464 778 suit
479 752 592 786 primus
607 760 684 785 mag.
702 752 881 778 Guillermus
895 752 931 778 de
946 751 1088 777 Fossato‘.
1305 752 1380 777 Frat.
1395 752 1542 777 Johannes
1557 751 1639 776 Fabri
1646 750 1666 776 ³⁵.
1682 751 1749 776 Ord.
1770 750 1796 776 S.
1812 750 1968 775 Trinitatis.

357 802 431 834 Mag.
449 801 580 826 Nicolaus
595 800 762 826 Constans-¹.
1321 816 1355 818 —
1395 801 1495 826 Petrus
1509 800 1544 826 de
1560 800 1674 829 Laleuss,
1691 799 1848 834 [Carmel.].

358 850 435 875 Frat.
450 849 560 875 Alanus
574 850 610 875 de
626 849 784 879 Saviniaco,
801 849 871 875 Ord.
888 849 1066 876 Cisterciens.
1325 865 1359 867 -
1396 850 1455 875 Yvo
1470 849 1642 882 Mingnoti7‚
1660 848 1818 884 {August}

1990 896 2026 931 [8]

373 914 407 916 --
444 899 569 924 Thomas
585 898 668 924 Veret
678 898 700 927 ³.

374 963 409 965 —
447 901 762 979 Regi11aldusPelee⁴,}
790 923 992 949 Predlcatores'

362 1035 429 1058 Bibl.
444 1038 497 1058 nat.
514 1035 608 1062 Paris.,
626 1043 675 1058 ms.
691 1035 737 1058 lat.
755 1036 825 1064 5494,
841 1043 867 1066 p.
885 1036 930 1058 160
945 1043 985 1066 sq.
1000 1049 1027 1053 —
1044 1036 1092 1058 Ms.
1108 1035 1155 1058 lat.
1169 1037 1251 1063 565711,
1272 1036 1316 1059 fot.
1333 1035 1384 1059 181’.

359 1128 383 1153 1.
402 1128 575 1159 Magistratus
591 1128 652 1151 Maii
665 1129 691 1151 31
706 1131 742 1159 (p.
757 1129 857 1158 1⁶4).—
868 1129 891 1154 2.
902 1129 1028 1160 Magister
1039 1130 1099 1152 Jun.
1113 1130 1140 1152 17
1151 1129 1244 1159 (ibid.).
1260 1143 1290 1146 —»
1303 1128 1326 1153 3.
1342 1129 1467 1160 Magister
1477 1130 1537 1152 Jun.
1557 1130 1570 1151 8
1580 1129 1674 1158 (ibid.).
1687 1142 1715 1146 -—
1728 1129 1753 1153 4,
1770 1128 1896 1159 Magister
1905 1129 1966 1152 Jun.
1981 1129 2010 1151 20
2021 1128 2057 1159 (p.
2070 1128 2135 1157 167).

268 1187 293 1190 —
313 1173 336 1198 5.
352 1173 477 1204 Magister
489 1173 549 1196 Jun.
567 1174 596 1196 27
611 1173 705 1202 (ibid.).
721 1186 751 1190 —
767 1173 791 1198 6.
805 1173 932 1204 Magister
944 1174 1005 1197 Jun.
1019 1174 1047 1196 14
1061 1174 1155 1203 (ibid.).
1168 1174 1226 1197 Fuit
1238 1174 1312 1205 prior
1325 1174 1497 1205 provincialis
1509 1174 1661 1205 provinciae
1675 1173 1799 1196 Franciae
1810 1173 1923 1196 Carmel.
1937 1186 1958 1190 —
1974 1172 1997 1197 7.
2010 1173 2137 1203 Magister

265 1225 307 1240 an.
326 1218 394 1246 1442,
410 1218 470 1240 Jun.
488 1218 516 1240 12
530 1219 588 1246 (ma.
606 1218 651 1240 lat.
671 1219 752 1246 565712,
770 1218 813 1241 sol.
831 1218 891 1247 18¹²).

266 1401 411 1438 2445.
434 1410 570 1436 Facultas
587 1411 672 1437 theol.
689 1411 821 1445 abusum,
840 1411 916 1447 quod
933 1411 1038 1438 bedelli
1051 1411 1206 1446 facultatis
1221 1412 1279 1437 sibi
1296 1412 1481 1437 vindicabant
1496 1421 1619 1448 cappam
1635 1416 1662 1438 et
1673 1412 1827 1447 epitogium
1839 1412 1991 1447 cujuslibet
2003 1412 2137 1446 magistri

353 1459 437 1485 theol.
460 1459 598 1494 defuncti,
623 1460 756 1494 abrogat.
781 1460 893 1486 Bedelli
917 1460 1046 1486 habeant
1067 1460 1167 1495 solum,
1193 1462 1219 1486 si
1241 1462 1379 1495 magister
1398 1461 1552 1495 defunctus
1569 1461 1610 1486 eis
1628 1470 1682 1496 per
1701 1464 1902 1486 testamentum
1923 1469 1956 1486 ea
1980 1461 2133 1487 dimiserit.

355 1509 461 1534 Actum
477 1509 508 1535 in
528 1510 751 1544 congregatione
766 1510 893 1543 generali
915 1510 1047 1543 ejusdem
1067 1510 1212 1536 facultatis
1231 1511 1400 1536 solemniter
1419 1511 1497 1543 apud
1518 1511 1544 1536 S.
1569 1511 1751 1536 Maturinum
1773 1511 1914 1536 celebrata
1935 1518 2014 1536 anno
2037 1509 2133 1545 [Dom.

355 1558 511 1583 millesimo
527 1558 616 1584 CCCC
630 1559 780 1588 xxxlulo,
797 1559 843 1584 die
858 1561 934 1585 sexta
950 1559 1057 1585 mensis
1073 1558 1196 1594 Aprilis].

1499 1605 1572 1632 7434.
1589 1605 1680 1636 Aprilis
1695 1605 1718 1633 6,
1737 1604 1851 1629 Parisiis.

358 1690 426 1713 Bibl,
444 1694 497 1714 nat.
516 1690 609 1718 Paris,
627 1699 677 1714 ms.
692 1691 738 1714 lat.
755 1692 841 1721 1040‘2,
859 1692 902 1714 tol.
920 1691 955 1714 8b.
971 1705 1001 1708 ——
1016 1691 1199 1720 D'Auomssms,
1220 1692 1371 1721 Coll.jud.‚
1387 1692 1430 1719 112,
1448 1701 1475 1722 p.
1490 1693 1544 1715 475.

266 1875 410 1911 2446.
438 1885 582 1917 Quomodo
599 1885 791 1910 cancellarius
808 1895 825 1911 a
842 1885 950 1911 decano
965 1886 1119 1920 facultatis
1136 1886 1311 1911 decretor-nm
1329 1886 1450 1911 rotulum
1468 1886 1706 1911 licentiandorum
1723 1886 1853 1921 recipiat.
1874 1885 2036 1911 Licentiati.

1445 1978 1518 2007 1434,
1531 1978 1622 2010 Aprilis
1636 1978 1659 2007 4,
1679 1979 1713 2007 73,
1728 1978 1844 2003 Parisiis.

353 2064 418 2096 Die
441 2071 564 2108 quarta
581 2065 732 2109 Aprilis,
751 2066 787 2097 in
810 2078 877 2110 qua
895 2073 971 2099 erat
991 2068 1122 2099 festum
1141 2068 1175 2099 S.
1194 2066 1392 2107 Ambrosii,
1415 2067 1561 2098 fuerunt
1583 2066 1781 2110 presentati
1802 2065 1995 2098 bachalarii
2018 2066 2132 2098 licen-

265 2131 375 2163 tiandi
397 2132 606 2164 venerando
627 2144 720 2177 mag.
756 2132 911 2165 Johanni
940 2133 1102 2167 Chuffart
1122 2134 1338 2166 cancellario
1369 2133 1457 2166 eccl.
1495 2133 1624 2174 Paris,
1646 2133 1829 2165 licentiato
1855 2133 1891 2165 in
1918 2133 2075 2165 decretis
2096 2140 2131 2166 et

263 2209 357 2242 mag.
381 2198 416 2229 in
438 2198 590 2238 artibus,
626 2199 686 2243 qui
708 2200 853 2243 quidem
876 2201 1035 2245 gratiose
1059 2201 1249 2245 respondit
1269 2200 1366 2245 quod
1388 2212 1430 2233 ex
1452 2212 1523 2245 quo
1556 2200 1693 2232 domini
1721 2200 1890 2232 doctores
1918 2199 2131 2244 reputabant

263 2263 347 2296 illos
364 2263 589 2297 bachatarios
602 2265 747 2298 licentia
764 2267 910 2312 dignos,
923 2268 1020 2312 quod
1038 2268 1165 2300 merito
1184 2267 1472 2308 commutabatur,
1491 2274 1525 2299 et
1542 2279 1645 2311 quam
1659 2267 1729 2299 cito
1747 2273 1884 2311 posset,
1903 2267 2004 2311 ipsos
2022 2267 2130 2299 licen-

265 2330 368 2363 tiaret
388 2331 517 2363 ordine
538 2331 574 2363 in
597 2332 728 2373 rotulo,
752 2345 858 2377 quem
881 2334 951 2366 sibi
972 2334 1070 2367 illico
1094 2335 1237 2374 tradidi,
1261 2334 1420 2379 sigillato
1438 2346 1547 2379 parvo
1569 2333 1693 2378 sigillo
1714 2333 1906 2374 facultatis,
1925 2345 1996 2377 quo
2018 2334 2132 2366 utitur

264 2397 423 2429 decanus
444 2398 480 2429 in
502 2398 641 2431 actibus
662 2400 856 2441 facultatis,
886 2407 1034 2445 eratque
1063 2402 1099 2433 in
1130 2402 1249 2434 medio
1282 2401 1389 2434 rotuli
1413 2401 1542 2433 firmati
1572 2412 1785 2445 appensum,
1817 2407 1852 2432 et
1879 2400 1915 2432 in
1943 2412 2014 2432 uno
2042 2400 2129 2433 huto

264 2463 373 2496 rotuli
394 2464 507 2497 clausi
529 2472 602 2497 erat
624 2478 823 2510 appensum
846 2467 1008 2512 sigillum
1031 2468 1167 2500 domini
1189 2467 1330 2501 abbatis
1352 2474 1474 2501 sancte
1498 2467 1670 2499 Katerine
1695 2466 2014 2511 Rothomagensis,
2037 2474 2071 2499 et
2092 2468 2128 2499 in

263 2529 332 2562 alio
354 2530 441 2563 huto
472 2532 712 2565 consimiliter
733 2540 808 2566 erat
828 2535 1032 2578 appositum
1062 2535 1223 2579 sigillum
1247 2535 1384 2567 domini
1412 2541 1447 2566 et
1476 2534 1639 2578 magistri
1669 2533 1844 2566 Johannis
1872 2533 2024 2566 Huberti
2054 2534 2130 2566 offi-

263 2596 365 2629 cialis
396 2597 628 2639 parisiensis,
653 2600 713 2643 qui
742 2599 846 2632 ambo
882 2608 966 2633 sunt
991 2602 1160 2634 doctores
1182 2602 1218 2633 111
1249 2601 1453 2634 veneranda
1488 2601 1657 2633 facultate
1685 2600 1928 2632 decretorum.
1961 2601 2130 2645 Dixitque

263 2663 415 2696 ulterius
439 2665 598 2708 prefatus
620 2666 790 2699 dominus
811 2668 1050 2700 cancellarius
1068 2668 1165 2712 quod
1187 2675 1262 2700 erat
1278 2668 1471 2712 alumpnus
1494 2667 1654 2712 predicte
1675 2667 1868 2707 facultatis,
1891 2674 1927 2699 et
1942 2667 2039 2711 quod
2057 2680 2130 2700 non

264 2729 476 2763 intendebat
495 2731 633 2775 aliquid
654 2734 772 2765 facere
794 2734 830 2766 in
852 2735 1092 2779 prejudicium
1115 2735 1209 2767 dicte
1226 2734 1420 2774 facultatis,
1443 2734 1507 2766 sed
1533 2733 1676 2767 volebat
1697 2733 1892 2767 observare
1910 2746 1994 2767 suas
2011 2734 2130 2767 lauda-

264 2795 357 2829 biles
379 2799 666 2832 eonsuetudines
692 2799 866 2834 hactenus
887 2801 1110 2834 observatas.
1133 2803 1177 2834 Et
1205 2802 1344 2834 tandem
1372 2802 1408 2833 111
1436 2802 1495 2834 die
1522 2801 1668 2833 licentie
1697 2801 1856 2834 restituit
1880 2800 1967 2833 mihi
1991 2801 2129 2834 decano

264 2863 300 2895 in
322 2865 505 2908 presentia
532 2865 761 2899 dominorum
784 2868 973 2901 doctorum
996 2868 1143 2913 collegii
1166 2868 1393 2901 decretorum
1417 2869 1478 2912 qui
1502 2875 1585 2900 tunc
1608 2875 1708 2900 erant
1734 2874 1924 2912 presentes
1947 2868 2129 2911 (videlicet
