2502 3418
268 327 372 364 14361.
613 340 659 361 ΑΒ
696 339 800 362 ΑΝΝο
838 338 1124 361 ΜοεοιΧΧΧΧιν
1162 338 1291 367 USQUE
1326 339 1374 360 AD
1408 336 1545 360 ANNUM
1582 339 1786 361 mccchu.
2072 330 2139 364 591,

266 420 345 447 tout
361 426 401 447 ce
422 415 618 459 royaume),
637 425 730 446 nous
748 425 839 446 vous
855 412 1048 457 supplions
1061 412 1094 444 le
1112 412 1193 457 plus
1206 412 1454 445 humbleinent
1474 419 1509 445 et
1524 412 1788 446 cordialement
1802 425 1871 458 que
1888 415 1962 446 scre
1981 427 2134 459 povons,

267 492 337 525 que
355 492 418 513 sur
438 492 478 513 ce
500 491 591 513 vous
613 479 727 524 plaise
745 479 922 524 einploier
942 485 1184 511 aucuneinent
1206 485 1329 512 vostre
1356 486 1430 512 tres
1450 469 1561 512 noble
1584 486 1617 512 et
1641 479 1741 524 saige
1763 480 1983 524 proviclencc
2005 493 2136 514 envers

268 547 450 580 nostredit
471 546 665 580 souverain
687 546 862 591 seigneur
883 545 916 578 le
938 557 1015 590 roy,
1034 545 1222 578 tellement
1242 557 1312 590 que
1333 558 1428 578 nous
1454 557 1704 591 appercevons
1734 558 1777 578 au
1806 546 1926 579 moien
1949 547 1992 579 (le
2013 554 2136 580 vostre

266 613 347 645 aide
364 610 403 646 et
419 613 663 646 intercession
679 612 808 658 yceulx
829 611 1013 644 benefices
1035 612 1204 644 demorer
1225 612 1482 657 paisiblement
1502 614 1519 645 a
1541 611 1670 645 nosdis
1691 610 1878 657 suppostz,
1902 625 1994 657 pour
2011 613 2136 663 obviec

267 691 334 712 aux
355 679 632 720 inconveniens,
668 679 838 724 parvenir
868 690 936 711 aux
965 678 1072 711 biens
1103 678 1235 712 dessus
1264 678 1442 721 touchiez,
1475 691 1692 724 perseverer
1714 691 1823 724 aussy
1854 679 2061 724 loyauincnt,
2091 693 2135 713 cn

267 746 400 787 iceulx,
425 748 443 779 a
463 745 608 779 l'utilite
634 746 678 778 de
702 752 781 778 tout
800 756 840 778 ce
862 757 1046 790 royauine,
1071 757 1116 778 en
1138 746 1389 779 demonstrant
1410 758 1480 791 que
1501 758 1567 779 vos
1589 746 1704 778 dictez
1730 745 1857 779 lettres
1882 758 1974 779 vous
2008 747 2136 779 voulez

267 812 352 845 bien
373 812 540 845 contenir
560 812 689 853 verite,
711 819 747 844 et
767 812 878 845 sortir
897 824 983 857 vray
1004 812 1110 844 effect
1131 812 1234 845 selon
1256 812 1287 845 la
1310 819 1439 845 teneur
1461 812 1638 854 d'icelles,
1656 825 1749 858 pour
1768 812 1799 846 la
1817 813 2071 846 conservation
2093 814 2138 846 de

266 885 389 912 vostre
409 885 484 911 tres
505 878 605 911 hault
625 890 708 911 nom
730 885 765 911 et
784 878 952 911 honneur
969 890 1053 912 sans
1074 878 1302 923 repprouche
1326 886 1358 912 ct
1382 891 1474 923 pour
1494 879 1548 912 les
1572 891 1683 924 grans
1700 879 1805 912 biens
1826 880 1887 924 qui
1908 880 1985 912 s'en
2014 880 2137 912 ensui-

266 951 364 979 vent.
387 946 517 978 Nostre
547 951 620 978 tres
652 944 830 978 redoubte
862 945 1048 990 seigneur,
1076 957 1170 978 nous
1198 957 1357 978 semines
1389 952 1470 978 tous
1501 946 1667 979 desirans
1696 953 1731 979 et
1753 952 1859 979 tenus
1889 946 2063 991 acomplir
2093 947 2137 979 de

267 1019 349 1053 tous
380 1024 448 1045 nos
473 1012 621 1056 povoirs
649 1011 703 1045 les
732 1011 825 1044 bons
849 1011 994 1056 plaisirs
1023 1018 1057 1044 et
1083 1012 1403 1045 comniandemens
1436 1013 1480 1045 de
1515 1019 1638 1045 vostre
1674 1020 1748 1046 tres
1792 1013 1901 1046 noble
1937 1013 2135 1055 haultesse,

267 1078 424 1123 laquelle
446 1090 491 1111 en
508 1090 546 1111 sa
564 1078 679 1111 sainte
701 1078 813 1123 garde
835 1084 870 1111 et
890 1078 1063 1111 conduite
1079 1078 1187 1111 veille
1204 1080 1389 1123 tousjours
1411 1079 1511 1112 avoir
1531 1079 1564 1112 le
1589 1080 1750 1113 Sauveur
1772 1080 1815 1112 (le
1838 1086 1915 1113 tout
1935 1080 1968 1113 le
1990 1080 2136 1113 monde.

267 1145 411 1190 Escript
431 1145 516 1189 (sic).

359 1251 476 1275 Minuta
491 1250 607 1274 chartac.
623 1250 649 1274 in
663 1250 741 1274 Arch.
757 1254 811 1274 nat.
825 1251 919 1279 Paris„
939 1251 962 1274 M
973 1251 1025 1280 651³,
1041 1255 1068 1274 n⁰
1084 1253 1113 1274 88
1130 1252 1201 1281 (olim
1214 1253 1241 1275 Α.
1258 1253 1281 1275 3.
1296 1254 1356 1282 rrr),
1372 1252 1428 1276 sine
1439 1252 1566 1283 temporis
1582 1256 1652 1276 notu.

360 1351 385 1377 1.
402 1352 489 1375 Caroli
505 1352 551 1375 Vll
564 1356 589 1376 et
604 1352 679 1375 ducis
696 1353 875 1383 Burgundiae.
892 1361 935 1376 an.
957 1354 1025 1381 1436,
1050 1353 1126 1378 Febr.
1151 1354 1189 1377 28.
1210 1354 1249 1377 Cf.
1267 1362 1348 1385 supra
1370 1358 1398 1377 n0
1414 1355 1483 1384 2585,
1498 1358 1552 1378 not.
1570 1355 1592 1378 1.
1610 1355 1638 1378 In
1659 1355 1718 1379 Lib.
1736 1355 1832 1379 bedelli
1847 1357 1902 1385 fac.
1918 1355 1999 1379 theol.
2015 1355 2074 1386 (ms.
2091 1355 2138 1379 lat.

266 1397 334 1425 5494,
351 1405 378 1428 p.
394 1397 447 1425 175)
463 1396 561 1428 legitur
576 1397 608 1420 ad
627 1397 708 1428 April.
725 1398 753 1419 22
768 1404 773 1420 :
793 1406 802 1419 (ι
819 1398 882 1420 Item
899 1406 928 1420 cx
946 1397 1111 1421 ordinatione
1128 1398 1261 1421 facultatis
1277 1398 1374 1422 tradidi
1393 1407 1441 1430 pro
1459 1399 1554 1422 litteris
1571 1399 1722 1422 abolitionis
1741 1399 1811 1430 regis
1829 1402 1854 1422 ct
1871 1399 1970 1422 dornini
1987 1399 2139 1431 Burgundio

263 1440 298 1473 xij
316 1441 364 1464 sol.
380 1450 404 1465 n.
418 1454 450 1459 —
466 1441 490 1466 2.
508 1442 673 1472 Responsum
691 1450 705 1464 a
722 1450 783 1473 rege
801 1442 929 1473 Biturigis
946 1442 1008 1465 Maii
1026 1442 1052 1465 17
1069 1442 1308 1466 ambassiatoribus
1325 1444 1415 1466 datum
1437 1444 1590 1467 satisfacere
1607 1452 1656 1466 non
1672 1444 1771 1475 potuit3
1789 1452 1848 1467 nam
1869 1448 1995 1475 quantum
2011 1445 2043 1467 ad
2059 1444 2137 1468 hene-

265 1485 326 1509 ficia
339 1485 372 1508 ab
389 1486 480 1517 Anglis
494 1485 591 1509 collata
604 1486 759 1517 respondit:
776 1496 785 1508 (ι
801 1487 825 1509 le
841 1486 879 1509 roi
940 1486 996 1510 n'en
1013 1487 1130 1510 ordonne
1144 1487 1199 1510 ricn
1215 1496 1283 1518 pour
1298 1488 1321 1510 le
1336 1491 1443 1519 present,
1458 1496 1479 1511 υ.
1495 1489 1564 1511 Idem
1580 1497 1736 1520 responsum
1752 1488 1789 1511 eis
1806 1489 1895 1511 datum
1911 1492 1950 1512 est
1963 1493 2089 1520 quantum
2105 1489 2138 1512 ad

264 1529 392 1553 beneficia
410 1530 443 1553 ab
459 1530 581 1553 omnibus
603 1530 720 1561 (excepto
741 1532 811 1561 rege)
831 1534 903 1554 extra
925 1531 1066 1554 dioecesim
1082 1532 1166 1555 Puris.
1184 1532 1290 1556 collata.
1306 1532 1364 1556 Vid.
1388 1533 1527 1562 Faunum,
1542 1533 1613 1557 Hist.
1635 1534 1668 1557 de
1686 1533 1780 1563 Paris,
1798 1533 1826 1563 V,
1847 1542 1874 1564 p.
1895 1534 1940 1556 209
1962 1542 2001 1565 sq.
2018 1533 2139 1565 Epistola

266 1574 347 1606 regis,
363 1574 440 1605 Maio,
457 1583 489 1598 ne
504 1575 615 1598 verbum
629 1575 735 1606 quidem
751 1575 782 1598 de
798 1575 933 1598 beneficiis
947 1576 1063 1599 continet
1079 1578 1169 1607 (supra
1185 1581 1213 1599 η’]
1229 1577 1309 1607 2486).

266 1786 411 1823 2489.
436 1805 450 1821 ‹
475 1795 623 1821 Conclusio
639 1795 811 1830 [facultatis
828 1796 1009 1832 theologiae]
1025 1806 1112 1833 super
1129 1797 1243 1823 him-elis
1257 1797 1363 1823 dandis
1378 1807 1430 1834 per
1446 1798 1671 1833 magistr-andos.
1689 1807 1704 1824 x·

1521 1895 1599 1925 1436,
1617 1896 1685 1920 duali
1697 1895 1721 1924 4,
1736 1895 1849 1921 Parisiis.

354 1990 460 2023 Anno
478 1990 624 2023 Domini
642 1991 696 2023 M⁰
716 1991 858 2025 CCCC⁰
887 1993 1060 2024 XXXV10
1089 1998 1213 2036 quarta
1239 1992 1297 2024 die
1323 1992 1420 2024 Junii
1446 1992 1597 2025 facultas
1621 1991 1805 2037 theologie
1828 1992 2030 2025 solenniter
2054 2005 2137 2025 con-

265 2063 414 2101 gregata
441 2064 475 2090 et
501 2069 612 2102 super
636 2058 729 2090 facto
759 2057 979 2091 birretorum
1007 2058 1216 2103 specialiter
1239 2066 1376 2099 vocata,
1411 2059 1603 2099 conclusit,
1629 2059 1808 2092 ordinavit
1839 2066 1875 2092 et
1912 2060 2036 2092 statuit
2070 2073 2135 2105 pro

265 2116 405 2156 honore
428 2124 608 2157 facultatis
639 2131 672 2157 et
698 2125 928 2170 singulorum
956 2125 1213 2170 magistrorum
1241 2126 1420 2170 ejusdem,
1452 2126 1549 2170 quod
1578 2126 1766 2167 licentiati,
1796 2127 1857 2170 qui
1886 2133 1969 2171 post
2002 2127 2132 2159 festum

266 2190 503 2223 Exaltationis
525 2191 652 2224 Sancte
670 2192 800 2225 Crucis
821 2204 915 2224 anno
938 2193 1100 2237 presenti
1122 2193 1298 2237 incipIent
1318 2193 1354 2225 in
1382 2193 1475 2226 dicta
1502 2193 1668 2226 facultate
1690 2199 1725 2225 et
1743 2205 1807 2238 pro
1830 2199 1991 2238 tempore
2013 2194 2134 2226 futuro

265 2256 552 2290 licentiabuntur
571 2264 606 2290 et
628 2258 664 2290 in
682 2258 775 2291 dicta
800 2258 968 2292 facultate
997 2259 1184 2304 incipient,
1215 2259 1373 2304 singulis
1400 2260 1585 2304 magistris
1615 2272 1654 2292 ac
1683 2260 1787 2292 etiam
1815 2259 1959 2292 duobus
1974 2260 2135 2303 servito-

265 2322 368 2356 ribus
389 2323 484 2356 dicte
511 2324 690 2357 facultatis
714 2325 856 2358 tradent
877 2325 1010 2358 birreta
1037 2325 1233 2370 dupplicia.
1267 2327 1309 2359 Et
1338 2326 1436 2359 istud
1467 2333 1638 2359 statutum
1673 2326 1750 2359 vult
1771 2326 1863 2359 dicta
1890 2326 2040 2359 facultas
2068 2339 2133 2371 pro

266 2396 428 2435 tempore
450 2390 572 2423 futuro
594 2390 855 2424 inviolabiliter
875 2391 1098 2425 observari¹.

357 2496 427 2520 Bibl.
444 2499 497 2520 nat.
511 2497 606 2526 Paris„
620 2506 669 2521 ms.
686 2498 732 2521 lat.
750 2498 835 2527 1040‘2,
854 2499 899 2522 fol.
915 2499 950 2522 bb.
968 2500 995 2522 In
1010 2507 1049 2522 ms
1064 2499 1110 2522 lut.
1129 2501 1198 2527 5494,
1216 2508 1242 2531 p.
1265 2500 1316 2527 175,
1335 2500 1440 2531 legitur,
1460 2500 1600 2531 deputatos
1622 2501 1672 2524 sae.
1688 2500 1767 2523 theol.
1786 2504 1845 2523 ante
1862 2501 1922 2523 Jun.
1945 2501 1957 2523 7
1975 2500 2055 2524 fuisso
2076 2509 2134 2523 con-

264 2543 389 2571 gregatos
405 2550 418 2562 «
434 2549 515 2572 super
535 2542 645 2565 materia
660 2542 819 2566 hirretorum
837 2551 858 2566 ».
879 2552 890 2565 (ι
911 2544 961 2566 Pro
982 2544 1121 2567 scribendo
1143 2544 1168 2566 in
1188 2544 1256 2567 libro
1278 2544 1412 2567 facultatis
1432 2553 1499 2567 nova
1519 2548 1618 2568 statuta
1638 2545 1669 2567 dc
1692 2544 1806 2576 quinque
1827 2545 1902 2568 annis
1922 2548 1981 2568 ante
2000 2545 2133 2568 licentiam

265 2584 328 2614 (vid.
342 2589 371 2608 ῐιο
388 2586 457 2615 2472)
474 2586 543 2609 etde
558 2586 665 2609 birrctis
681 2587 833 2618 duplicibus
846 2597 858 2609 n
873 2588 992 2611 bodellus
1009 2588 1142 2612 facultatis
1156 2588 1235 2611 solvit
1248 2589 1315 2611 inter
1329 2590 1394 2620 Aug.
1411 2592 1436 2612 et
1449 2589 1541 2612 octob.
1557 2591 1570 2612 3
1587 2589 1635 2613 sol.
1651 2591 1709 2618 (ms.
1725 2590 1794 2619 5292,
1812 2598 1838 2620 p.
1856 2590 1920 2618 189).

359 2677 383 2703 1.
405 2679 545 2710 Hucusque
566 2679 644 2702 etiam
665 2679 851 2708 D’Anonxnui,
867 2682 931 2705 Coll.
949 2683 1024 2711 jtccl..
1043 2682 1087 2711 11¹¹,
1104 2682 1158 2705 475.
1180 2682 1230 2704 Sed
1249 2682 1274 2704 in
1295 2683 1357 2704 msto
1376 2682 1530 2713 adjungitur
1550 2686 1677 2705 statutum
1701 2682 1732 2705 dc
1749 2683 1859 2713 jubileo,
1883 2683 1950 2714 quod
1973 2686 2059 2705 tamen
2079 2683 2131 2706 vid.

263 2722 331 2745 infru
350 2726 379 2745 n⁰
396 2723 466 2747 2529.
