2502 3418
430 338 495 371 314
1006 350 1327 372 CHARTULAnlUM
1363 349 1553 372 UNlVERs.
1590 350 1722 372 PAms.
2198 338 2299 375 [1416

522 423 705 450 Theobaldus
719 424 755 450 de
768 423 872 454 Luc&
1133 424 1222 460 [quem
1238 424 1341 457 optavit
1356 422 1375 459 :]
1414 424 1488 457 Mag.
1505 424 1653 451 Johannes
1666 425 1775 451 Garini.

518 473 666 500 Johannes
679 473 831 507 Rabigoys.
1418 473 1492 506 Mag.
1510 473 1629 500 Livinus
1643 474 1789 500 Neuelinc.

518 523 621 548 Petrus
633 522 732 548 Rillac.
1415 518 1510 548 Abbas
1524 522 1560 548 de
1573 522 1737 552 Gemeticis,
1753 522 1841 556 Symo
1855 522 1891 549 de
1906 522 2004 549 Bosco.

519 571 695 597 Guillelmus
709 571 745 597 de
759 571 849 597 Valla.
1414 570 1591 603 Reginaldus
1606 570 1715 603 Crassy.

519 621 617 647 Frater
630 620 784 646 Nicholaus
798 620 834 647 de
849 619 963 653 Logia⁴.
1412 618 1486 652 Mag.
1504 619 1569 644 Joh.
1587 618 1697 645 Guioti.

518 669 690 702 Badulphus
704 669 853 696 Rousselli.
1413 667 1590 700 Reginaldus
1603 667 1711 701 Crassy.

519 718 676 744 Gaufridus
690 718 827 744 Mabileti.
1412 716 1507 742 Abbas
1520 716 1547 742 S.
1561 716 1785 749 wandregisilii,
1803 716 1869 743 Joh.
1883 716 1919 743 de
1934 717 2110 750 Bouquetot.

518 767 616 793 Frater
625 767 685 792 Yvo
700 767 736 793 de
749 766 928 793 Kaerbouc&
1411 765 1485 799 Mag.
1500 765 1566 791 Joh.
1583 765 1619 791 de
1633 765 1786 791 Novavilla.
1813 772 1815 774 ·

517 815 684 842 Leonardus
699 815 735 841 de
751 816 872 841 Passano
881 815 902 840 ὓ.
1430 829 1464 833 -
1502 814 1566 840 Joh.
1582 814 1618 840 de
1632 814 1774 848 Crepone.

516 866 617 892 Petrus
632 865 667 890 de
681 865 758 890 Ruil.
1428 878 1464 882 —
1502 863 1568 890 Joh.
1584 863 1621 889 de
1635 863 1777 897 Crepone.

517 915 642 940 Furceus
654 913 690 939 de
705 912 840 939 Bruille7.
1411 912 1506 938 Abbas
1519 912 1546 938 S.
1565 912 1641 938 Petri
1655 912 1848 940 Carnotensis.

516 963 663 989 Johannes
677 962 803 988 Brideni.
1445 977 1480 981 --
1518 962 1549 987 B.
1563 961 1651 988 Marie
1665 955 1701 988 ᾱό
1715 961 1864 996 Josaphat.

515 1012 659 1037 Villardus
673 1011 876 1037 Trussebourc.
1410 1011 1484 1044 Mag.
1502 1010 1630 1037 Livinus.

514 1061 661 1086 Johannes
676 1060 837 1086 Chuffardi.
1410 1059 1505 1086 Abbas
1520 1059 1548 1086 S.
1563 1059 1698 1093 Crispini,
1712 1059 1778 1086 Joh.
1794 1059 1831 1086 de
1846 1059 2007 1086 Servavilla.

516 1110 614 1135 Frater
626 1109 805 1135 Guillermus
819 1108 953 1136 Burserii.
1445 1125 1477 1128 —
1517 1109 1544 1135 S.
1562 1109 1639 1135 Petri
1653 1108 1847 1135 Carnotensis.

513 1159 644 1185 Matheus
660 1158 745 1185 Petri.
1444 1174 1478 1178 —
1517 1158 1543 1184 S.
1560 1158 1684 1192 Crispini
1700 1157 1918 1185 Suessionensis.

512 1208 609 1233 Frater
624 1207 771 1240 Eugenius
785 1207 821 1233 de
833 1206 907 1233 Bria.
1443 1223 1478 1226 —
1516 1207 1542 1234 S.
1561 1207 1688 1241 Georgii.

512 1255 660 1281 Johannes
672 1254 794 1288 Figuliss.

513 1304 670 1330 Ymbertus
684 1303 720 1330 de
736 1303 814 1330 Pisis.

510 1352 611 1378 Petrus
624 1352 800 1378 Ferrandelli
808 1351 829 1378 ⁹.

1410 1257 1484 1290 Mag.
1501 1257 1566 1283 Joh.
1581 1257 1617 1283 de
1632 1256 1774 1290 Crepone.

1410 1305 1476 1332 Joh.
1493 1305 1529 1331 de
1544 1305 1701 1332 Villanova.

1408 1355 1475 1381 Joh.
1492 1354 1601 1381 Garini.

1407 1402 1503 1428 Abhas
1519 1402 1545 1429 S.
1560 1402 1686 1436 Georgii.

1406 1450 1473 1477 Joh.
1490 1450 1601 1477 Garini.

1406 1500 1502 1526 Abbas
1517 1500 1544 1527 S.
1558 1499 1783 1534 Wandregisilli.

1406 1550 1480 1583 Mag.
1496 1549 1562 1577 Joh.
1579 1548 1698 1583 Guyoti.

1423 1613 1459 1618 —-
1495 1598 1562 1625 Joh.
1578 1598 1615 1625 de
1629 1598 1771 1632 Crepone.

1405 1648 1500 1675 Abhas
1514 1648 1545 1674 B.
1562 1648 1649 1674 Marie
1662 1648 1699 1674 de
1713 1648 1860 1682 Josaphat.

1441 1713 1475 1716 —
1512 1697 1549 1723 de
1564 1696 1727 1723 Gemeticis.

1405 1747 1479 1780 Mag.
1496 1746 1563 1772 Joh.
1579 1745 1615 1772 de
1629 1745 1788 1772 Villanova.

1404 1795 1499 1822 Abbas
1515 1795 1542 1822 S.
1559 1795 1693 1829 Crispini.

1439 1859 1474 1863 -
1511 1843 1539 1870 S.
1556 1843 1681 1876 Georgii.

1402 1893 1579 1927 Reginaldus
1593 1892 1694 1919 Crassi.

1401 1941 1476 1975 Mag.
1493 1941 1559 1967 Joh.
1577 1941 1685 1967 Guioti.

1402 1989 1497 2016 Abbas
1509 1989 1537 2016 S.
1553 1989 1777 2022 Wandregisilli.

1402 2040 1475 2074 Mag.
1492 2040 1557 2066 Joh.
1575 2039 1684 2066 Guioti.

1401 2089 1495 2114 Abbas
1509 2089 1540 2114 B.
1555 2088 1642 2114 Marie
1653 2087 1689 2114 de
1701 2087 1848 2121 Josaphat‚
1864 2086 1965 2112 Petrus
1978 2086 2015 2112 de
2028 2086 2147 2119 Rosayo.

1435 2153 1470 2156 —-
1508 2137 1534 2163 S.
1552 2136 1686 2170 Crispini.

1435 2201 1470 2206 —
1508 2186 1535 2212 S.
1553 2184 1776 2218 Wandregisilli,
1793 2184 1859 2210 Joh.
1874 2183 2050 2217 Bouquetot.

1435 2251 1470 2254 —-
1507 2235 1534 2262 S.
1553 2235 1629 2261 Petri
1643 2233 1837 2260 Carnotensis.

1401 2286 1475 2319 Mag.
1496 2284 1614 2310 Livinus
1628 2283 1774 2310 Neuelinc.

1398 2335 1493 2361 Abbas
1506 2334 1538 2360 B.
1555 2333 1641 2359 Marie
1653 2333 1688 2359 de
1701 2332 1848 2366 Josaphat.

1397 2383 1471 2416 Mag.
1488 2382 1556 2408 Joh.
1572 2381 1608 2408 de
1622 2381 1781 2407 Villanova.

1412 2445 1447 2449 —
1489 2430 1607 2456 Livinus
1621 2429 1766 2455 Neuelinc.
2065 2426 2119 2462 [46]

511 1402 576 1428 Joh.
593 1402 630 1428 de
644 1402 752 1428 Insula.

509 1451 575 1477 Joh.
592 1450 758 1477 Valentis¹⁰.

509 1500 638 1526 Andreas
652 1499 786 1526 Vassoris.

510 1547 708 1584 G[uillelmus]
723 1547 897 1575 Mercatoris.

510 1598 525 1624 J
527 1598 657 1624 ohannes
668 1598 758 1624 Sarre.

507 1647 681 1681 Radulphus
693 1646 806 1672 Natalis.

508 1696 607 1722 Frater
622 1696 756 1722 Julianus
770 1695 820 1721 des
834 1694 919 1721 Arsis.

508 1745 661 1779 Philippus
675 1745 710 1771 de
726 1744 819 1770 Braio.

510 1794 605 1820 Guido
620 1794 758 1820 Textoris.

507 1844 572 1869 Joh.
589 1843 625 1869 de
638 1843 786 1876 Fresneya.

507 1893 573 1918 Joh.
590 1890 743 1921 Barreti¹⁴,

506 1941 571 1967 Joh.
590 1941 731 1968 Victrarii.

508 1991 606 2016 Frater
621 1990 797 2016 Guillelmus
814 1988 964 2023 Sapientis.

505 2039 571 2066 Joh.
589 2039 681 2065 Curti.

505 2088 571 2114 Joh.
586 2088 622 2114 de
636 2088 820 2114 Andouvilla.

505 2137 647 2163 Martinus
661 2137 811 2163 Cardonis.

503 2186 657 2212 Nicholaus
672 2186 781 2219 Crassy.

503 2234 568 2260 Joh.
586 2234 714 2260 Croiseti.

502 2283 642 2309 Henricus
657 2283 806 2309 Boisseron
815 2282 846 2307 ¹2.

500 2332 565 2358 Joh.
584 2332 700 2363 Malleti.

499 2381 565 2406 Joh.
582 2381 733 2407 Flecheur.

499 2430 661 2456 Balduinus
676 2430 805 2456 Percoul.

1223 488 1279 2449 lllllllllllllllllllllllllllllllllllllllll

503 2533 542 2564 Et
562 2532 710 2564 fuerunt
729 2531 911 2564 licenciati
931 2543 1026 2564 anno
1047 2532 1193 2565 Domini
1214 2534 1265 2565 Μ0
1277 2533 1398 2567 CCCC
1411 2533 1521 2568 XV10.
1544 2530 1682 2576 Aprilis
1703 2543 1783 2563 xxv.

501 2651 609 2674 Memor.
627 2652 676 2674 sac.
693 2651 774 2677 decr..
791 2651 812 2679 1,
829 2651 874 2675 fol.
891 2652 928 2675 19.

503 2763 526 2787 1.
543 2762 593 2790 Qui
610 2766 702 2793 postea
717 2763 750 2785 ad
764 2762 864 2787 Concil.
881 2763 1018 2787 Constant.
1034 2763 1132 2787 missus
1148 2767 1197 2788 est.
1214 2764 1273 2788 Vid.
1289 2767 1419 2793 Auctar„
1436 2764 1468 2791 11,
1487 2772 1513 2795 p.
1531 2763 1584 2790 224,
1601 2766 1655 2785 not.
1673 2763 1696 2785 4.
1713 2775 1744 2779 -—
1758 2761 1782 2786 2.
1798 2762 1950 2791 Founnnsn,
1964 2769 1992 2792 p.
2009 2761 2063 2790 148,
2081 2768 2092 2784 ‹
2110 2759 2240 2784 Mautaint
2252 2768 2274 2783 n.

408 2821 437 2825 —
452 2807 476 2832 3.
490 2807 548 2830 Vid.
564 2807 595 2829 de
614 2807 673 2838 ipso
689 2815 731 2830 an.
748 2807 816 2836 1421,
834 2807 919 2838 April.
934 2808 972 2831 23.
986 2808 1043 2831 Non
1058 2808 1169 2831 Parisiis
1191 2809 1375 2840 magistratus.
1393 2823 1422 2828 —
1437 2808 1462 2834 4.
1478 2809 1526 2831 An.
1543 2808 1612 2835 1422,
1629 2806 1751 2830 Decemb.
1765 2807 1789 2836 4,
1810 2805 1893 2829 abbas
1914 2805 1946 2829 de
1961 2805 2034 2829 Cella
2057 2805 2088 2828 0.
2106 2805 2133 2828 S.
2153 2805 2193 2834 Β.,
2209 2805 2276 2828 Tre-

410 2860 478 2874 cens.
494 2851 575 2874 dioec.
591 2852 678 2882 (Arch.
696 2852 761 2880 Vat.‚
778 2852 831 2877 XII.
850 2852 905 2881 121,
924 2860 951 2883 p.
969 2853 1032 2882 155).
1048 2854 1096 2876 An.
1113 2853 1182 2882 1436,
1197 2853 1291 2877 Octob.
1309 2855 1333 2882 3,
1349 2856 1452 2877 amotus
1467 2862 1478 2876 α
1495 2855 1606 2884 propter
1626 2851 1801 2874 incurabilem
1816 2850 1938 2874 morbum
1961 2849 2091 2873 dementia
2113 2852 2139 2873 et
2161 2849 2275 2872 scanda-

408 2897 462 2919 lum
477 2896 547 2926 quod
562 2895 622 2918 inde
638 2895 711 2927 sequi
727 2899 818 2926 posset
835 2906 848 2917 »
866 2896 993 2927 (Obligat.
1012 2902 1041 2920 n⁰
1060 2899 1099 2927 66,
1117 2898 1161 2922 sol.
1183 2898 1244 2928 29b).
1259 2912 1290 2916 —
1302 2897 1327 2923 5.
1347 2900 1394 2922 An.
1413 2898 1483 2927 1422,
1499 2896 1591 2921 Octob.
1612 2897 1635 2926 9,
1654 2896 1829 2928 confirmatus,
1848 2895 1876 2918 in
1898 2894 2022 2918 abbatem
2043 2894 2152 2924 Tironii,
2169 2894 2267 2918 Cal-not

531 2941 570 2963 40.
