2502 3418
423 341 489 374 370
1001 346 1317 369 CHARTULARHJM
1352 345 1541 367 umvmis.
1579 344 1706 366 Panis.
2189 328 2290 364 [1419

424 475 569 512 2141..
594 486 705 520 Septem
720 483 948 509 ambassiatores
969 481 1167 508 Universitatis
1183 481 1278 506 Paris.
1295 479 1334 505 ad
1348 480 1458 505 curiam
1473 480 1553 504 Rom.
1570 487 1631 503 cum
1646 477 1739 504 rotulo
1754 476 1888 510 secundo,
1904 476 1997 501 minus
2009 474 2180 511 principali.

1553 570 1622 599 1479,
1639 568 1767 601 Septemb.
1784 569 1829 598 26,
1847 567 1999 594 Florentiae.

511 666 579 696 Pro
600 664 646 708 vij
669 662 973 696 ambaxiatoribus
995 659 1250 694 Universitatis
1273 658 1383 691 studii
1404 658 1515 690 Paris.
1541 656 1756 689 Beatissime
1784 661 1897 700 pater,
1923 666 2003 687 cum
2026 655 2061 687 S.
2078 654 2122 688 V.
2146 654 2288 687 devotis

422 730 628 764 oratoribus
648 730 781 763 vestris
807 728 943 761 Thome
971 726 1085 767 Hobe⁷
1110 725 1298 769 Radulpho
1330 723 1526 764 Rousselli,
1554 724 1660 755 Petro
1690 721 1887 762 Bernicoti‚
1909 719 2065 754 Johanni
2091 720 2135 753 de
2166 720 2287 754 Bello-

422 804 557 838 monte7
574 796 729 830 Johanni
746 795 907 829 Chuss'art
919 795 940 835 ¹,
960 793 1159 827 Guillelmo
1177 793 1318 836 Euvrye
1336 798 1371 823 et
1387 790 1544 823 Henrico
1566 790 1610 822 de
1628 789 1809 828 Gorkan²‚
1828 800 1893 833 pro
1911 794 2012 833 parte
2027 787 2285 821 Universitatis

422 864 533 898 studii
554 863 770 896 Parisiensis
792 862 834 894 ad
862 861 984 893 sedem
1008 859 1240 904 apostolicam
1271 870 1336 903 pro
1359 857 1636 902 presentacione
1658 855 1767 888 rotuli
1796 855 1912 900 ipsius
1941 853 2052 887 studii
2080 845 2283 896 destinatis,

419 931 553 976 gratias
574 929 814 975 expectativas
835 927 902 960 sub
925 927 1002 959 data
1023 927 1070 970 vij
1093 925 1162 958 kal.
1185 924 1371 957 Februarii
1393 923 1623 968 pontificatus
1643 922 1755 955 vestri
1776 933 1870 954 anno
1892 919 2008 966 primo
2030 921 2075 954 de
2095 921 2284 955 beneficiis

420 997 676 1031 ecclesiasticis
707 995 774 1028 sub
802 994 958 1027 diversis
983 993 1110 1025 formis
1138 991 1281 1024 duxerit
1311 990 1583 1023 concedendum
1612 1015 1679 1030 ....‚
1701 989 1874 1034 dignetur
1896 988 1936 1020 E.
1964 988 1998 1021 S.
2015 989 2059 1022 V.
2082 988 2220 1021 eisdem
2249 995 2286 1021 et

419 1076 542 1097 eorum
572 1062 720 1095 cuilibet
748 1060 950 1093 concedere
978 1066 1014 1092 et
1044 1059 1237 1103 indulgere
1268 1058 1437 1102 quatinus
1465 1056 1584 1101 quoad
1616 1056 1782 1088 effectum
1811 1053 1955 1088 totalem
1985 1055 2180 1100 gratiarum
2201 1066 2284 1100 pre-

418 1131 591 1163 dictarum
681 1127 851 1161 omnibus
873 1134 908 1160 et
928 1126 1086 1171 singulis
1107 1125 1361 1170 prel‘ogativiS‚
1384 1123 1602 1169 privilegiis,
1624 1122 1822 1163 favoribus,
1840 1121 2122 1155 antelationibus
2142 1128 2178 1154 et
2197 1133 2283 1155 con-

417 1196 645 1230 cessionibus
662 1194 942 1239 quibuscunque
959 1193 1146 1226 concessis
1162 1198 1222 1224 ant
1242 1191 1488 1224 concedendis
1505 1190 1542 1222 in
1558 1189 1795 1223 assecucione
1816 1187 2077 1222 beneficiorum
2095 1189 2132 1221 in
2148 1188 2282 1234 quibus

415 1264 540 1308 vigore
561 1261 769 1306 hujusmodi
790 1261 985 1306 gratiarum
1007 1260 1077 1304 ipsi
1103 1271 1168 1292 seu
1192 1258 1283 1291 alter
1308 1270 1431 1290 eorum
1453 1258 1516 1302 jus
1536 1256 1670 1289 habere
1692 1254 1875 1301 pretendit
1894 1262 1955 1288 aut
1974 1255 2196 1300 pretendunt
2215 1267 2280 1289 seu

409 1311 451 1362 Vin
472 1330 629 1362 futurum
654 1328 882 1373 pretendent,
905 1327 956 1359 uti
978 1333 1013 1359 et
1033 1326 1192 1372 gaudere
1214 1325 1357 1370 possint
1378 1331 1412 1357 et
1431 1323 1584 1364 valeant7
1608 1322 1742 1368 quibus
1762 1322 1814 1355 uti
1835 1329 1871 1355 et
1885 1322 2045 1367 gaudere
2068 1322 2279 1356 auctoritate

413 1395 609 1441 apostolica
630 1407 647 1427 a
670 1395 703 1427 S.
722 1396 764 1428 V.
788 1405 1003 1427 concessum
1025 1399 1081 1425 est
1105 1392 1162 1425 vel
1183 1391 1405 1425 concedetur
1424 1391 1461 1423 in
1485 1391 1645 1423 futurum
1671 1388 1857 1434 magistris
1886 1389 1922 1421 in
1949 1389 2067 1422 rotulo
2088 1389 2279 1434 principali

412 1463 526 1508 ipsius
543 1462 798 1495 Universitatis
819 1461 1005 1504 inscriptis
1022 1467 1057 1492 et
1077 1471 1142 1504 per
1157 1459 1271 1504 ipsam
1290 1458 1569 1492 Universitatem
1593 1469 1658 1502 pro
1679 1455 1913 1502 presentibus
1930 1456 2009 1489 sine
2029 1456 2155 1489 fraude
2176 1468 2279 1501 repu—

411 1530 505 1571 tatis,
528 1529 646 1574 quoad
667 1528 940 1561 assecucionern
962 1526 1222 1559 beneficiorum
1246 1537 1317 1570 que
1338 1525 1465 1570 vigore
1487 1525 1682 1570 gratiarum
1706 1522 1758 1556 eis
1784 1523 1820 1556 in
1846 1523 1966 1556 rotulo
1987 1523 2151 1568 predicto
2171 1523 2279 1557 sacta-

410 1608 487 1629 rum
505 1602 692 1640 expectant
710 1607 773 1627 seu
791 1595 828 1626 in
845 1595 1004 1626 futurum
1023 1592 1275 1637 expectabunt,
1295 1604 1333 1624 ac
1351 1592 1381 1624 si
1403 1592 1531 1636 prefati
1548 1590 1829 1624 ambassiatores
1845 1590 2027 1634 predictas
2043 1602 2127 1623 suas
2143 1590 2278 1636 gratias

408 1664 452 1696 de
480 1662 642 1708 predicto
674 1661 791 1694 rotulo
818 1660 1073 1694 Uuiversitatis
1095 1666 1130 1692 et
1159 1659 1227 1692 sub
1255 1659 1334 1692 (lata
1363 1659 1526 1703 ejusdem
1556 1658 1797 1691 levassent....
1818 1677 1863 1682 -—
1883 1657 1960 1690 Fiat
1985 1663 2024 1690 ut
2050 1658 2185 1702 petitur
2210 1669 2277 1703 pro
2306 1694 2311 1699 ,

407 1729 590 1763 omnibus.
614 1729 656 1762 O.
674 1749 717 1752 —
738 1729 815 1760 Dat.
840 1727 1029 1760 Florencie
1051 1733 1152 1759 sexto
1174 1726 1243 1758 kal.
1267 1725 1451 1767 Octobris,
1469 1737 1563 1758 anno
1585 1725 1760 1758 secundo.

498 1837 562 1866 Reg.
579 1835 672 1866 Suppl.
692 1836 768 1858 Mart.
784 1835 814 1864 V,
831 1839 859 1857 11⁰
875 1835 929 1866 127,
947 1834 991 1857 sol.
1014 1833 1080 1856 28411.
1102 1847 1128 1850 -
1149 1833 1211 1856 Post
1231 1832 1307 1856 Febr.
1324 1833 1351 1855 11
1370 1832 1433 1862 (vid.
1454 1834 1583 1860 Auctar„
1599 1831 1631 1860 11,
1651 1840 1678 1863 p.
1700 1833 1753 1860 263,
1772 1833 1796 1862 6,
1816 1833 1866 1862 42),
1883 1831 1924 1855 vel
1943 1831 2036 1855 saltem
2055 1831 2126 1854 eirca
2142 1831 2230 1855 Martii
2246 1831 2275 1855 15

405 1882 448 1913 (cf.
462 1886 491 1904 n⁰
506 1881 585 1911 2127),
602 1880 714 1911 profecti
730 1882 790 1902 sunt
806 1879 975 1902 Florentiam.
992 1879 1063 1902 Inter
1078 1878 1284 1901 ambassiatores
1300 1877 1387 1907 (ibid.,
1401 1881 1430 1900 n0
1446 1878 1499 1906 127,
1516 1877 1561 1900 fol.
1577 1877 1631 1906 268)
1643 1878 1758 1900 retertur
1772 1876 1852 1900 etium
1867 1876 1996 1900 Robertus
2009 1876 2174 1907 Hodenguel.
2227 1877 2230 1881 “

498 1973 524 1998 1.
539 1974 628 2002 Nemo,
652 1982 698 1996 nec
718 1973 796 1996 etiam
820 1973 929 1995 Tuan-:Y
949 1972 974 1995 in
994 1972 1035 1995 ed.
1056 1971 1181 1996 Journal
1199 1971 1268 1995 d'un
1288 1971 1435 2002 bourgeois
1455 1972 1488 1994 de
1510 1971 1605 1999 Paris,
1621 1970 1748 1993 hactenus
1768 1970 1896 2000 narravit,
1915 1970 2062 1994 Johannem
2078 1969 2198 1993 Chuffart
2211 1973 2274 1994 tune

405 2018 526 2041 nuntium
538 2018 620 2041 fuisse
635 2018 668 2040 ad
683 2017 783 2040 curium
798 2017 949 2042 Romanam,
963 2020 987 2039 et
1000 2016 1135 2039 absentem
1147 2024 1162 2038 a
1174 2015 1281 2038 civitate
1292 2015 1436 2038 parisiensi
1450 2015 1587 2037 minimum
1601 2023 1649 2046 per
1659 2018 1717 2038 octo
1728 2023 1841 2038 menses.
1853 2014 1918 2038 Num
1929 2014 1988 2037 soh.
2003 2014 2124 2038 Chuffart
2135 2014 2227 2038 Octob.
2243 2015 2273 2038 29

404 2063 483 2086 etiam
504 2066 533 2086 ut
552 2062 729 2085 ambassiator
744 2065 769 2085 et
786 2061 894 2084 nuntius
914 2060 1102 2083 Universitatis
1118 2060 1202 2083 Puris.
1224 2060 1249 2082 in
1269 2059 1344 2083 curia
1361 2060 1435 2083 Rom.
1453 2059 1636 2082 canonicatum
1652 2060 1812 2082 Tornacens.
1832 2059 1898 2091 petit
1912 2059 2018 2090 (Suppl.
2033 2059 2110 2082 Mart.
2126 2059 2155 2087 V,
2171 2063 2201 2082 n⁰
2217 2059 2273 2089 128,

405 2108 449 2131 sol.
470 2107 546 2137 16:3¹³),
569 2107 717 2138 caeterique
736 2106 815 2129 etiam
835 2105 1041 2128 ambassiatores
1058 2108 1118 2128 tunc
1135 2105 1250 2127 nondum
1269 2105 1370 2128 curiam
1390 2105 1563 2136 reliquerunt.
1583 2105 1615 2127 Et
1630 2104 1803 2127 nihilominus
1823 2107 1915 2127 auctor
1929 2104 2047 2135 ejusdem
2061 2103 2124 2126 libri
2139 2104 2273 2134 Journal,

403 2161 429 2184 p.
446 2153 561 2181 122-135,
580 2155 633 2175 tam
650 2154 770 2174 accurate
785 2151 872 2173 omnia
888 2150 1023 2177 describit,
1039 2158 1105 2180 quae
1121 2149 1230 2172 Parisiis
1247 2149 1291 2172 illo
1310 2153 1428 2180 tempore
1446 2149 1603 2172 intermedio
1618 2149 1762 2178 evenerint,
1776 2152 1805 2172 ut
1819 2149 1888 2172 sicut
1904 2149 1980 2172 testis
1998 2148 2119 2172 oculatus
2136 2138 2273 2172 aestimari

403 2197 505 2227 debeat,
522 2205 568 2219 nec
584 2200 671 2219 tamen
687 2204 767 2219 unuin
781 2195 889 2218 verbum
905 2194 1058 2217 intromittit
1073 2194 1104 2217 de
1120 2194 1233 2225 quodam
1248 2194 1340 2217 itinere
1358 2194 1383 2216 in
1399 2193 1512 2217 Italiam.
1527 2194 1649 2217 Potestne
1664 2197 1756 2217 auctor
1771 2193 1832 2216 libri
1846 2193 1916 2217 idem
1929 2201 1986 2217 esse
1999 2201 2029 2216 ac
2043 2193 2178 2216 Johannes
2193 2193 2274 2218 Chut-

404 2243 471 2265 sart?
483 2243 529 2264 Ast
546 2249 597 2264 non
613 2241 690 2263 modo
706 2243 767 2263 tunc
784 2247 890 2262 munere
906 2239 987 2269 legati
1006 2240 1110 2261 functus
1126 2242 1166 2261 est
1185 2239 1319 2262 Johannes
1338 2238 1468 2268 Chuffart,
1483 2239 1529 2261 sed
1548 2238 1659 2269 pluries,
1676 2241 1705 2261 ut
1723 2238 1793 2261 infra
1809 2238 1968 2262 videbimus.
1987 2251 2013 2255 ——
2030 2237 2054 2263 2.
2071 2239 2091 2261 Ι.
2105 2246 2128 2262 e.
2145 2247 2156 2261 (ι
2173 2237 2271 2262 Gorin-

403 2287 477 2309 chem
491 2294 512 2311 )),

403 2436 546 2472 2142.
571 2445 648 2478 Mag.
666 2443 836 2479 Radnlplzus
859 2442 1012 2476 Rousselli,
1034 2442 1151 2467 nuntius
1174 2442 1373 2467 Universilaiis
1391 2442 1498 2477 Paris„
1518 2442 1593 2478 petit
1609 2446 1639 2468 ut
1657 2442 1836 2468 doctoratum
1853 2443 1881 2468 in
1901 2441 2013 2476 legibus
2034 2442 2062 2467 in
2081 2442 2163 2467 curia
2187 2442 2264 2468 Rom.

489 2494 615 2529 recipere
629 2492 730 2528 possit,
749 2500 803 2517 non
819 2491 997 2517 Aurelianis.

1590 2527 1658 2557 1419,
1676 2527 1759 2553 Octob.
1778 2528 1814 2556 15,
1828 2527 1982 2553 Florentiae.

489 2616 701 2648 Beatissiuie
719 2622 830 2660 pater,
850 2626 930 2646 cuin
947 2614 1101 2647 devotus
1116 2621 1239 2647 vester
1255 2614 1467 2659 Radulphus
1484 2615 1680 2655 Rousselli,
1698 2614 1890 2660 presbyter
1901 2614 2172 2648 Constantiens.
2188 2613 2266 2646 dio-

400 2683 506 2724 cesis,
524 2683 749 2714 decretorum
769 2682 895 2713 doctor
912 2687 947 2713 et
966 2681 1002 2712 in
1023 2680 1168 2725 legibus
1186 2693 1265 2713 cum
1284 2682 1405 2726 rigore
1423 2682 1597 2714 examinis
1614 2681 1820 2714 licentiatus
1837 2682 2070 2726 decanusque
2085 2680 2264 2714 facultatis

400 2750 625 2781 decretorum
654 2748 765 2780 studii
792 2747 1009 2780 Parisiensis
1031 2754 1066 2779 et
1091 2759 1156 2792 pro
1183 2748 1262 2791 ejus
1283 2755 1383 2792 parte
1404 2748 1560 2781 nuncius
1582 2760 1647 2780 seu
1674 2748 1895 2781 arnbaxiator
1914 2748 1958 2781 ad
1980 2754 2135 2782 vestram
2158 2748 2197 2780 B.
2220 2746 2263 2779 ad
2285 2785 2290 2792 ⁵

363 2812 365 2814 ’
399 2827 550 2860 presens
572 2815 785 2853 destinatus„
808 2814 928 2858 cupiat
948 2814 1053 2846 etiam
1076 2814 1112 2846 in
1140 2813 1349 2858 hujusmodi
1381 2814 1528 2859 legibus
1554 2815 1763 2848 doctoratus
1785 2815 1942 2860 insignia
1966 2815 2142 2858 recipere,
2166 2813 2262 2858 quod

400 2883 477 2914 siue
498 2881 706 2926 provisione
723 2887 842 2913 vestre
865 2880 898 2912 S.
923 2880 1007 2912 alibi
1029 2892 1133 2924 quam
1156 2881 1192 2912 in
1214 2881 1334 2913 studio
1355 2881 1612 2914 Aurelianensi
1633 2881 1711 2914 fieri
1733 2894 1805 2914 non
1826 2888 1958 2926 potest,
1981 2881 2147 2914 obstante
2163 2881 2263 2925 jura-

521 2940 560 2962 47.
