2502 3418
402 310 440 340 12
967 315 1292 337 cuAn'rULAfflUM
1330 314 1518 335 UNIVERS.
1556 313 1684 335 PAltlS.
2158 298 2259 335 [1396

400 391 581 424 Robertus
603 391 645 423 de
668 392 796 424 Sancto
818 392 1011 430 Germano,
1034 389 1222 433 Philippus
1244 388 1392 433 Herpin,
1415 387 1595 420 Robertus
1616 387 1772 427 Veteris,
1800 386 2008 426 t‘ormanni,
2032 392 2065 418 et
2087 385 2259 430 magister

399 458 582 491 Johannes
604 458 648 490 de
669 458 796 498 Pisis2,
820 456 993 490 Gallicus.

491 527 533 557 Et
561 531 615 557 est
642 524 835 556 notandum
863 523 959 567 quod
989 523 1054 555 suit
1082 522 1329 554 controversia
1357 521 1400 553 de
1431 521 1593 566 predicto
1621 521 1794 565 magistro
1818 519 1980 553 Johanne
2009 520 2053 552 de
2083 519 2191 559 Pisis,
2217 527 2259 550 e'o

403 591 513 636 quod,
541 598 577 624 ut
605 590 804 630 dicebatur,
831 596 1002 622 uxoratus
1030 596 1095 621 est.
1123 590 1256 621 Tamen
1286 588 1456 633 perlectis
1487 588 1629 620 statutis
1655 599 1724 632 que
1749 588 1873 631 jurare
1904 586 2038 619 debent
2067 584 2260 618 bachalarii

403 665 591 703 antequam
618 657 832 690 cancellario
854 662 1120 701 presentantur,
1145 662 1180 688 et
1199 655 1414 700 quibusdam
1443 655 1537 696 aliis,
1562 654 1700 687 scilicet
1727 654 1789 686 illo
1811 654 1908 698 quod
1929 654 2072 698 juratur
2092 665 2110 685 a
2132 651 2260 685 bacha-

404 726 503 758 lariis
524 725 567 758 ad
588 725 759 757 lecturam
783 735 929 756 suorum
952 735 1121 755 cursuum
1142 722 1325 759 admissis,
1343 721 1514 755 videlicet
1534 721 1631 766 quod
1652 733 1724 753 non
1746 727 1829 753 sunt
1849 720 1987 753 uxorati
2009 732 2126 765 neque
2147 719 2262 752 cirur-

404 792 475 837 gici
514 791 726 824 manualiter
756 796 965 835 operantes;
1002 789 1084 822 item
1120 789 1207 829 alio,
1243 788 1341 833 quod
1375 788 1520 833 quidem
1555 788 1762 821 continetur
1791 787 1885 820 inter
1915 793 2045 820 statuta
2080 786 2262 831 tangentia

404 859 611 903 magistros,
637 857 860 890 bachalarios
888 863 923 889 et
950 855 1121 896 scolares,
1148 855 1319 888 videlicet
1345 855 1442 899 quod
1470 854 1593 887 nullus
1624 861 1807 895 uxoratus,
1837 854 1988 886 durante
2019 853 2260 893 matrimonio,

404 925 609 958 admittatur
630 924 672 957 ad
700 923 893 968 legendum
923 935 930 955 :
953 923 1069 955 visum
1097 923 1164 954 suit
1189 922 1315 966 majori
1345 922 1435 967 parti
1464 922 1718 967 magistrorum
1746 921 1969 966 presentium
1990 921 2087 965 quod
2113 932 2156 952 ex
2176 932 2262 965 quO,

405 993 488 1024 dum
510 991 577 1024 suit
596 990 821 1023 bachalarius
842 996 877 1022 et
897 989 1051 1034 perlegit
1072 1001 1159 1022 suos
1179 1000 1309 1021 cursus
1331 995 1366 1021 et
1385 989 1626 1033 frequentavit
1647 1000 1710 1033 per
1733 988 1825 1021 duos
1848 1000 1962 1020 annos
1984 987 2261 1032 disputationes.

405 1065 439 1091 et
459 1058 521 1090 illo
542 1064 616 1090 toto
639 1064 799 1102 tempore
822 1069 893 1089 non
914 1056 980 1088 suit
1000 1062 1184 1096 uxoratus,
1209 1055 1293 1088 licet
1320 1055 1427 1088 modo
1449 1062 1560 1096 esset,
1582 1067 1654 1087 non
1673 1055 1828 1100 'propter
1847 1054 1914 1087 hoc
1943 1054 2062 1086 minus
2088 1053 2196 1086 debet
2220 1053 2264 1086 ad

404 1136 552 1157 examen
568 1136 648 1156 cum
668 1123 747 1156 aliis
768 1123 904 1155 admitti
926 1129 960 1155 et
980 1122 1195 1155 cancellario
1217 1122 1430 1167 presentari,
1449 1128 1584 1155 attento
1608 1122 1712 1154 etiam
1742 1121 1839 1166 quod
1860 1133 1932 1153 non
1955 1127 2039 1153 sunt
2058 1120 2177 1165 aliqua
2193 1126 2264 1153 sta-

402 1198 474 1224 tuta
492 1203 560 1235 que
581 1190 735 1223 habeant
750 1191 873 1234 jurare
895 1189 1087 1222 bachalarii
1108 1196 1296 1234 antequam
1315 1189 1530 1222 cancellario
1554 1195 1810 1233 presentemur
1826 1188 1868 1221 ad
1890 1188 2122 1221 contrarium.
2142 1186 2265 1232 Aliqui

403 1265 519 1290 tamen
536 1256 842 1297 contradicebant,
860 1256 1022 1289 dicentes
1041 1256 1139 1300 quod
1159 1268 1202 1288 ex
1222 1255 1295 1288 illis
1313 1255 1456 1288 duobus
1478 1255 1620 1288 statutis
1641 1255 1859 1300 supradictis
1881 1255 2046 1300 sequitur
2062 1254 2149 1287 satis
2171 1253 2265 1287 clare

404 1325 500 1369 quod
522 1337 593 1357 nou
614 1330 733 1368 potest
752 1323 908 1363 admitti3
937 1329 971 1355 et
998 1323 1079 1355 ideo
1101 1329 1271 1367 quantum
1294 1329 1367 1355 erat
1396 1322 1433 1354 in
1461 1322 1514 1355 eis
1542 1321 1828 1363 interimebatur,
1856 1328 1923 1354 etc.
1951 1323 1993 1354 Et
2012 1322 2159 1354 suerunt
2184 1332 2265 1366 pre-

404 1398 526 1423 sentes
542 1390 624 1423 huic
641 1390 923 1435 congregacioni
944 1389 1107 1434 magistri
1124 1389 1259 1422 Thoma
1276 1389 1320 1422 de
1338 1389 1467 1422 Sancto
1485 1390 1605 1430 Petro,
1622 1389 1843 1422 Guillelmus
1861 1388 2067 1429 Boucherii,
2083 1387 2267 1421 Johannes

405 1458 448 1490 de
480 1457 719 1498 Bellomonte,
747 1456 957 1501 Radulphus
987 1456 1031 1489 de
1063 1456 1204 1501 Herpis,
1231 1455 1415 1489 Johannes
1438 1456 1623 1501 Voignon,
1649 1455 1832 1489 Johannes
1864 1455 2051 1496 Richardi,
2080 1454 2267 1488 Johannes

405 1524 568 1565 Comitis,
592 1523 799 1556 Bonisacius
821 1523 864 1555 de
887 1523 1137 1563 Sannevierez,
1156 1523 1339 1567 Georgius
1364 1523 1409 1555 de
1432 1523 1573 1562 Castro,
1598 1522 1782 1555 Johannes
1804 1522 1967 1567 Leporis,
1996 1523 2201 1554 Honoratus
2223 1521 2267 1554 de

405 1592 516 1623 Puteo
532 1590 671 1631 Villari,
695 1584 872 1622 Hem-icus
894 1589 1010 1630 Pilati,
1026 1589 1208 1622 Johannes
1226 1589 1269 1622 de
1287 1588 1409 1630 Marla,
1426 1588 1610 1622 Johannes
1627 1589 1670 1621 de
1693 1589 1876 1630 Fontanis,
1893 1588 2077 1622 Johannes
2098 1589 2153 1621 Du
2174 1589 2268 1621 Mar-

355 1702 359 1706 .
406 1665 495 1702 troy,
520 1657 728 1702 Radulphus
751 1656 920 1696 Blanehe,
944 1663 1010 1689 etc.

498 1755 596 1778 comm.
613 1756 660 1778 sar.
676 1756 755 1783 med„
768 1759 786 1778 t.
804 1755 823 1784 1,
840 1763 866 1786 p.
882 1755 906 1778 [ι.
920 1769 946 1772 -
963 1755 1112 1782 JOURDAIN,
1130 1759 1157 1776 11⁰
1172 1754 1227 1777 928.

498 1840 521 1865 1.
541 1841 576 1864 De
591 1840 639 1863 hoc
659 1840 755 1863 celebri
778 1840 843 1868 viro,
860 1840 912 1863 vid.
935 1839 1003 1862 infra
1026 1839 1058 1862 ud
1076 1847 1117 1862 un.
1137 1839 1206 1868 1396,
1226 1840 1351 1862 Novemh.
1365 1840 1387 1864 li.
1404 1853 1434 1857 —-
1449 1839 1473 1864 2.
1490 1840 1537 1863 Ms.
1554 1839 1596 1862 hic
1612 1843 1636 1862 et
1654 1848 1712 1862 mox
1731 1839 1800 1862 infra
1817 1848 1827 1862 (ι
1843 1839 1920 1862 Pisiis
1934 1848 1956 1868 »,
1974 1839 2018 1862 sed
2040 1839 2098 1862 vide
2121 1838 2147 1861 in
2163 1838 2267 1861 docum.

407 1885 515 1908 inferius
530 1885 616 1908 editis.

412 2007 550 2044 1726.
574 2016 710 2042 Familias
726 2016 884 2042 medicinae
904 2016 1025 2041 leomae
1041 2017 1130 2041 Βνονη
1150 2025 1202 2042 sex
1221 2025 1320 2051 annos,
1336 2026 1389 2052 per
1405 2026 1474 2053 quos
1491 2018 1519 2043 in
1537 2017 1613 2043 Univ.
1635 2017 1791 2043 out-oniensi
1806 2017 1965 2042 medicinae
1980 2016 2099 2050 studuit,
2114 2024 2166 2052 pro
2179 2015 2270 2041 tribu-3

495 2066 579 2091 annis
595 2065 629 2090 de
645 2065 768 2100 speciali
782 2065 880 2099 gratia
897 2065 1034 2091 admittit.

1593 2103 1667 2131 7396,
1684 2102 1801 2128 februar.
1817 2103 1855 2131 21,
1872 2102 1984 2128 Parisiis.

497 2189 562 2220 Die
579 2200 664 2221 vero
686 2189 743 2220 21²¹
760 2188 922 2232 ejusdem
947 2189 1108 2229 [mensis]
1134 2189 1318 2234 magistris
1340 2191 1548 2223 convocatis
1569 2190 1605 2222 in
1626 2190 1732 2223 nonis
1758 2184 1888 2223 Nostre
1908 2190 2061 2222 Domine
2084 2189 2127 2222 ad
2143 2189 2270 2222 viden-

409 2255 491 2287 dum
522 2254 775 2299 probacionem
798 2255 972 2299 temporis
1000 2266 1064 2287 sue
1092 2256 1295 2289 audicionis
1321 2257 1357 2289 in
1383 2257 1490 2290 domo
1517 2269 1607 2298 mea,
1637 2257 1881 2302 probaverunt
1912 2268 1975 2301 per
2003 2256 2150 2289 modum
2178 2255 2270 2288 infra

410 2322 596 2366 seriptum,
628 2320 862 2366 presentibus
893 2322 1076 2366 magistris
1103 2322 1265 2355 Johanne
1296 2323 1339 2355 de
1370 2323 1609 2365 Bellomonte,
1637 2323 1825 2369 Radulpho
1852 2324 1896 2356 de
1926 2323 2068 2368 Herpis,
2099 2322 2269 2355 Alberico

411 2389 552 2429 Divitis,
576 2388 762 2420 Bonisacio
784 2387 828 2420 de
851 2388 1077 2430 Sanevieres,
1104 2389 1266 2422 Johanne
1296 2390 1475 2432 Plumion,
1501 2390 1664 2424 Johanne
1693 2391 1858 2435 Leporis,
1887 2390 2023 2423 Thoma
2048 2391 2268 2434 LeMauge,

410 2454 570 2487 Johanne
596 2454 640 2486 (le
666 2454 789 2495 Marla,
816 2454 979 2487 Johanne
1007 2455 1051 2487 de
1082 2457 1252 2489 Fontanis
1280 2463 1314 2489 et
1346 2447 1512 2502 pluribus
1539 2457 1620 2490 aliis
1651 2457 1834 2502 magistris
1866 2456 2077 2502 regentibus
2106 2455 2269 2501 ejusdem

411 2521 599 2553 facultatis.

500 2589 543 2619 Et
562 2587 689 2632 primo,
709 2588 880 2632 magister
895 2588 1079 2622 Johannes
1101 2590 1196 2622 Petri
1218 2590 1383 2634 probavit
1403 2591 1447 2624 de
1469 2598 1630 2636 tempore
1652 2604 1716 2625 sue
1737 2592 1939 2624 audicionis
1959 2592 2001 2624 33
2022 2602 2168 2623 menses
2189 2601 2269 2622 cum

413 2655 574 2695 dimidio,
595 2654 672 2687 sine
693 2666 786 2686 anno
809 2655 982 2699 presenti.

501 2721 679 2761 Secunde,
707 2721 862 2753 Thomas
893 2723 1026 2763 Brovn,
1057 2723 1229 2768 magister
1251 2724 1287 2756 in
1313 2724 1464 2766 artibus,
1493 2732 1529 2758 ut
1560 2725 1658 2766 dicit,
1685 2738 1749 2770 pro
1776 2725 1995 2770 probaeione
2015 2724 2071 2756 sui
2095 2723 2270 2767 temporis

414 2788 594 2831 quoddam
630 2787 907 2820 instrumentum
941 2789 977 2820 in
1007 2789 1137 2834 Anglia
1173 2791 1388 2832 consectum,
1425 2803 1530 2824 manu
1566 2792 1751 2836 cujusdam
1787 2792 1917 2824 notarii
1950 2790 2066 2824 vocati
2097 2789 2272 2822 Johannis

413 2856 599 2898 ltampton,
628 2854 898 2888 wintoniensis
928 2855 1099 2896 diocesis,
1123 2857 1312 2901 apostolici
1340 2858 1482 2899 notarii,
1511 2858 1691 2903 signatum
1721 2858 1895 2898 exhibuit,
1923 2858 1959 2889 in
1986 2860 2081 2901 [quo]
2110 2856 2268 2896 cavetur,
