2502 3418
380 328 444 360 392
960 339 1278 361 annTULAnluM
1313 339 1503 361 univans.
1541 339 1670 361 mals.
1888 335 1889 339 ’
2148 323 2245 361 [1421

381 411 573 444 collatione
594 411 855 445 beneficiorum
878 413 1116 458 spectantium
1138 413 1182 446 ad
1212 413 1490 458 dispositionem
1514 413 1782 453 Universitatis,
1805 419 1840 445 et
1860 412 2012 457 exposui
2039 412 2076 444 in
2101 412 2246 444 natione

381 478 478 523 quod
494 478 562 511 hoe
579 479 697 512 facere
714 486 813 512 esset
827 480 863 512 iu
882 480 1121 525 prejudicium
1142 480 1321 513 facultatis
1337 481 1481 522 artium,
1498 481 1581 525 quia
1597 486 1683 513 sunt
1703 479 1804 525 plura
1822 479 2009 524 supposita
2031 479 2068 511 in
2085 490 2124 511 ea
2141 490 2246 523 quam

381 545 417 577 in
438 551 512 579 toto
534 546 683 579 residuo
705 546 980 588 Universitatis3
1012 546 1079 580 hoc
1108 547 1211 580 etiam
1241 553 1340 580 esset
1369 547 1405 579 in
1431 547 1672 592 prejudicium
1695 546 1852 580 nationis
1874 545 2036 587 Francie,
2060 545 2142 590 quia
2163 551 2248 578 sunt

382 612 543 657 quinque
564 613 601 645 in
623 625 662 645 ea
683 613 869 658 provincie
893 626 899 646 ε
923 614 1155 655 Parisiensis,
1180 614 1416 655 Senonensis,
1445 614 1650 655 Remensis,
1673 613 1900 646 Turonensis
1922 619 1957 646 et
1985 612 2245 652 Biturieensis;

381 679 417 711 in
439 683 589 724 quarum
611 680 772 724 qualibet
801 681 876 713 fere
898 687 983 713 sunt
1004 687 1054 713 tot
1079 681 1266 726 supposita
1294 687 1382 725 quot
1406 688 1489 714 sunt
1516 681 1554 713 in
1579 681 1697 726 aliqua
1722 681 1871 713 aliarum
1903 680 2100 713 nationum.
2132 679 2246 712 Etiam

381 752 501 791 patres
523 747 638 779 nostri
660 746 886 791 temporibus
908 748 1097 780 retroactis
1118 747 1230 780 nichil
1251 748 1287 780 in
1309 747 1376 780 hoc
1397 748 1674 789 innovaverunt,
1698 748 1762 780 sed
1785 759 1930 792 semper
1950 746 2124 779 remansit
2143 745 2247 779 colla-

383 813 449 854 tio,
483 813 704 857 presentatio
736 826 774 846 ac
805 814 1010 846 omnimoda
1041 814 1234 859 dispositio
1265 814 1419 847 istorum
1448 814 1709 847 beneficiorum
1739 814 1783 848 ad
1814 821 1921 847 totam
1954 813 2246 847 Universitatein.

381 879 500 921 Quare
522 880 639 924 quoad
667 880 735 912 hoc
763 881 994 913 concorditer
1015 881 1196 914 conclusit
1226 881 1322 914 natio
1350 893 1389 914 se
1411 893 1598 926 opponere
1625 882 1662 914 in
1686 893 1784 922 casu,
1814 882 1912 926 quod
1938 881 2108 914 dominus
2129 886 2249 913 rector

381 952 487 990 atque
509 947 735 979 Universitas
756 947 867 979 vellet
896 959 1032 992 ponere
1060 948 1239 989 ordinem,
1268 955 1303 981 et
1330 948 1599 993 protestabatur
1618 949 1715 981 natio
1736 949 1781 981 de
1802 947 2031 993 appellando,
2059 954 2094 980 et
2117 947 2154 979 in
2179 946 2247 980 hoe

380 1024 507 1057 capere
534 1025 655 1045 casum
687 1013 869 1046 novitatis.
898 1016 1047 1056 Verum,
1072 1022 1110 1047 ut
1130 1027 1274 1060 semper
1300 1022 1467 1048 servetur
1494 1016 1580 1048 unio
1610 1022 1645 1048 et
1672 1015 1866 1048 concordia
1896 1015 1991 1047 inter
2018 1014 2183 1047 nationes
2213 1020 2249 1047 et

380 1078 579 1120 facultates,
607 1079 766 1112 advisate
797 1087 882 1113 sunt
910 1081 1061 1125 quedam
1096 1082 1398 1122 modificationes,
1425 1082 1559 1127 quibus
1588 1082 1775 1115 concessis
1804 1093 1868 1127 per
1894 1080 2174 1114 Universitatem
2202 1080 2246 1113 de

380 1145 483 1178 facile
505 1146 775 1179 condescendet
795 1148 838 1180 ad
859 1147 953 1180 velle
974 1149 1060 1193 poni
1081 1149 1246 1181 ordinem
1269 1149 1305 1181 in
1327 1148 1530 1191 beneficiis,
1551 1149 1639 1182 alias
1660 1161 1745 1182 non.

469 1213 626 1255 Quarum
649 1214 957 1247 modificationum
979 1215 1092 1260 prima
1115 1223 1181 1257 est,
1205 1216 1302 1260 quod
1333 1216 1496 1261 quelibet
1523 1217 1620 1249 natio
1651 1216 1874 1261 equipolleat
1900 1215 2050 1248 cuilibet
2075 1215 2246 1257 facultati,

381 1279 427 1311 ita
448 1279 545 1323 quod
567 1279 628 1312 ubi
648 1280 837 1314 facultates
858 1282 1070 1326 superiores
1092 1282 1269 1316 haberent
1290 1283 1368 1324 tria,
1390 1283 1540 1316 facultas
1561 1284 1690 1316 artium
1711 1283 1862 1316 haberet
1882 1289 2048 1327 quatuor.

468 1347 501 1378 2²
525 1347 631 1388 Quod
662 1359 704 1380 ex
734 1355 833 1392 parte
860 1348 1116 1382 Universitatis
1146 1350 1368 1395 deputentur
1397 1357 1549 1395 septem,
1580 1350 1623 1383 de
1654 1350 1815 1395 qualibet
1843 1349 2009 1382 facultate
2037 1356 2074 1383 et
2102 1350 2247 1382 natione

380 1424 487 1454 unus,
511 1413 572 1458 qui
597 1414 773 1458 jurabunt
801 1415 838 1447 in
866 1416 1049 1460 presentia
1071 1417 1328 1450 Universitatis
1348 1424 1559 1462 presentare
1584 1417 1686 1450 illum
1714 1417 1961 1458 Universitati,
1984 1428 2090 1462 quem
2117 1429 2248 1450 secun-

380 1479 463 1511 dum
486 1480 744 1514 conscientiam
767 1494 867 1515 suam
889 1483 1007 1515 scient
1027 1495 1109 1516 esse
1131 1484 1398 1529 pauperiorem,
1428 1485 1544 1529 magis
1572 1484 1796 1529 indigentem
1818 1491 1853 1517 et
1875 1484 1992 1529 magis
2017 1484 2187 1517 idoneum
2209 1484 2247 1517 in

378 1546 438 1578 illa
459 1547 627 1580 facultate
647 1555 707 1581 aut
727 1550 885 1589 natione,
904 1551 1009 1594 cujus
1030 1550 1179 1584 debebit
1197 1552 1300 1584 esse¹
1323 1552 1413 1585 ordo
1434 1551 1491 1585 vel
1512 1558 1658 1602 turnus,

468 1617 502 1647 3⁸
526 1615 631 1657 Quod
662 1615 723 1648 ille
755 1616 806 1649 sic
835 1624 1068 1661 presentatus
1095 1619 1196 1663 juret
1225 1619 1322 1664 quod
1348 1631 1414 1652 nec
1444 1619 1480 1651 in
1509 1619 1740 1664 patrimonio,
1767 1631 1834 1652 nec
1864 1619 2033 1652 benificio
2063 1618 2172 1652 habet.
2201 1619 2245 1652 ad

380 1681 634 1725 exponendum
656 1682 747 1715 ultra
770 1695 942 1716 summam
965 1685 1007 1717 40
1028 1684 1200 1718 librarum
1223 1685 1259 1718 in
1281 1686 1444 1731 portatis.

468 1749 502 1780 4²
527 1748 562 1781 Si
583 1749 814 1795 contingeret
834 1757 1026 1793 rectorem,
1045 1752 1106 1796 qui
1127 1758 1211 1785 tunc
1229 1760 1339 1794 esset,
1358 1760 1520 1798 tempore
1537 1753 1734 1786 vacationis
1750 1752 1919 1786 beneficii
1936 1765 2243 1798 essepauperem,

379 1814 517 1847 nullum
540 1822 600 1848 aut
621 1816 800 1849 modicum
823 1817 1039 1851 heneficium
1062 1818 1267 1861 habentem,
1290 1820 1342 1852 illi
1368 1827 1506 1865 septem
1534 1820 1694 1866 deputati
1722 1820 1985 1866 presentabunt
2012 1820 2131 1866 ipsum
2158 1820 2246 1854 Uni-

379 1882 557 1923 versitati,
580 1883 679 1916 salvo
701 1890 807 1917 turno
824 1885 882 1917 vel
903 1886 1031 1918 ordine
1052 1886 1231 1919 facultatis
1252 1894 1312 1920 aut
1333 1888 1503 1920 nationis.

468 1950 501 1981 5¹²
526 1950 631 1990 Quod
653 1950 775 1984 nullus
797 1958 832 1984 et
858 1952 953 1985 idem
983 1954 1099 1998 possit
1129 1953 1262 1987 habere
1285 1954 1393 1987 simul
1418 1962 1479 1988 aut
1503 1956 1711 1989 successive
1733 1955 1803 1988 duo
1829 1955 2006 1988 beneficia
2027 1955 2097 1988 sibi
2118 1955 2245 1989 collata

377 2027 442 2060 per
463 2016 756 2051 Universitatem.

465 2083 498 2115 6³
523 2090 578 2116 est
603 2084 713 2128 quod,
742 2085 772 2117 si
794 2086 981 2131 contingat
1005 2087 1161 2132 aliquem
1184 2088 1228 2121 de
1249 2088 1417 2122 facultate
1438 2089 1566 2122 artium
1593 2088 1784 2122 habentem
1811 2089 2029 2122 beneficium
2056 2089 2245 2123 Universi-

378 2150 472 2191 tatis,
496 2151 650 2183 transire
671 2151 714 2184 ad
734 2151 837 2184 aliam
859 2153 1061 2186 facultatem
1085 2156 1327 2200 superiorem,
1350 2168 1392 2188 eo
1414 2163 1498 2189 tunc
1520 2156 1670 2191 facultas
1691 2157 1734 2189 ad
1755 2169 1860 2202 quam
1882 2157 2022 2198 transit,
2043 2156 2246 2202 privabitur

376 2228 442 2249 suo
464 2223 583 2250 turno.
605 2219 702 2260 [Nec
722 2219 961 2261 Universitas,
980 2233 1039 2255 nec
1054 2223 1152 2256 natio
1168 2223 1230 2256 llas
1246 2223 1524 2268 modificationes
1539 2230 1793 2258 concesserunt.
1794 2227 1819 2267 ]

469 2324 544 2352 But„
563 2324 592 2354 V,
608 2325 662 2355 347,
678 2334 691 2348 e
707 2325 763 2349 Lib.
779 2334 883 2357 procur.
900 2330 952 2351 nat.
968 2328 1062 2351 Gallie.
1078 2329 1161 2353 stle'm.
1175 2330 1239 2354 hist.
1251 2337 1304 2354 sur
1319 2331 1356 2354 les
1371 2331 1509 2363 be’ne'fices,
1525 2340 1552 2363 p.
1569 2332 1623 2362 139,
1639 2332 1683 2355 ubi
1698 2332 1731 2355 ad
1744 2332 1820 2357 Febr.
1838 2333 1876 2356 25.

470 2421 494 2446 1.
511 2422 576 2446 But.
594 2431 598 2446 z
617 2432 628 2445 «
645 2427 723 2448 esset.
739 2433 750 2447 )›

377 2552 521 2590 2173.
548 2565 612 2589 Cum
629 2565 657 2590 in
677 2565 776 2591 ordine
791 2566 1030 2593 praedicatorum
1046 2568 1144 2604 plures
1160 2569 1218 2594 sint
1235 2570 1361 2596 Parisiis
1377 2570 1520 2596 licentiati
1535 2571 1564 2596 in
1580 2571 1734 2606 theologia,
1753 2572 1803 2607 qui
1818 2575 1913 2598 tamen
1924 2575 2045 2608 propter
2062 2579 2079 2598 ‹
2091 2580 2213 2606 guerras
2226 2580 2241 2598 >

465 2611 599 2648 aliasque
619 2614 803 2641 calamitates
819 2615 847 2641 in
866 2625 952 2651 regno
967 2618 1109 2643 Franciae
1132 2618 1254 2652 vigentes
1271 2619 1437 2645 doctoratus
1453 2619 1586 2646 honorem
1601 2621 1727 2647 Parisiis
1744 2621 1890 2658 suscipere
1905 2625 2058 2657 nequeunt,
2075 2620 2244 2647 Leonardus

467 2662 577 2687 Statius
593 2662 628 2688 de
646 2663 800 2698 Florentia,
818 2666 957 2700 magister
969 2666 1124 2702 generalis,
1140 2668 1265 2694 Martino
1287 2669 1311 2695 V
1324 2669 1480 2705 supplicat,
1497 2673 1527 2695 ut
1545 2670 1636 2696 tribus
1652 2670 1809 2697 licentiatis
1825 2670 1910 2697 theol.
1928 2670 2094 2697 doctoratus
2110 2670 2243 2696 honorem

466 2710 494 2735 in
513 2711 645 2747 Capitulo
663 2713 794 2746 generali
813 2715 935 2741 Metensi
955 2715 1118 2752 impendere
1136 2718 1238 2752 possit.
1259 2733 1294 2737 *-
1310 2718 1371 2744 Fiat
1392 2719 1427 2745 de
1444 2727 1515 2748 uno.
1533 2718 1555 2745 si
1572 2720 1638 2746 fecit
1653 2728 1754 2746 cursus
1772 2728 1848 2751 suos,
1864 2728 1917 2747 nec
1929 2720 1965 2746 sit
1984 2720 2085 2746 contra
2105 2720 2244 2746 reforma-

465 2759 576 2786 tionem
592 2759 737 2797 [Ordinis].
753 2763 786 2789 Ο.
802 2778 837 2782 -
852 2764 916 2791 Dat.
933 2765 1024 2791 Rome
1039 2766 1118 2799 apud
1132 2766 1159 2792 S.
1178 2767 1298 2793 Petrum
1314 2768 1509 2794 sextodecimo
1524 2769 1580 2794 kal.
1598 2769 1701 2804 April.,
1719 2777 1797 2796 anno
1813 2771 1928 2803 quarto.

1614 2868 1684 2898 1427,
1699 2868 1788 2895 Martii
1802 2869 1840 2898 17,
1855 2869 1956 2895 Romae,

470 2899 534 2930 Reg.
551 2901 644 2933 Suppl.
661 2903 737 2927 Mart.
754 2904 782 2934 V,
800 2910 828 2928 ΠΟ
842 2906 895 2935 144,
913 2907 957 2931 rol.
974 2908 1026 2932 67¹³.
