2502 3418
273 320 368 356 1411]
621 333 666 353 ΑΒ
700 333 805 354 Anno
840 332 1127 354 mcccl.xxxx1v
1158 333 1289 360 USQUE
1325 333 1371 353 An
1406 333 1544 354 ANNUM
1580 333 1784 355 mccccmi.
2074 327 2138 358 213

270 408 371 439 orta?
390 407 528 451 Itaque,
545 405 754 439 beatissime
772 412 884 450 pater,
902 405 967 438 hec
989 413 1026 439 ut
1047 406 1294 451 supplicamus
1316 406 1490 451 perficite,
1510 413 1547 438 ut
1567 419 1644 450 pax,
1664 406 1781 439 honos
1799 414 1833 440 et
1854 408 1964 441 decus
1983 409 2138 442 ecclesie

270 472 474 506 coalescant
495 479 530 505 et
550 484 617 505 nos
638 472 706 505 sub
728 473 958 505 sanctissimo
980 484 1018 505 ac
1041 473 1298 517 providissimo
1320 479 1420 517 patre
1440 472 1606 505 letemur.

361 570 477 594 Minuta
496 569 612 593 chartac.
634 570 660 592 in
683 570 760 593 Arch.
783 572 836 593 nat.
853 569 945 598 Paris„
968 570 992 593 M
1005 571 1055 597 65¹,
1073 575 1101 592 n⁰
1121 571 1158 593 12.
1180 570 1313 598 Quantum
1329 570 1362 593 ad
1377 570 1504 601 temporis
1524 573 1614 593 notam
1629 570 1682 593 vid.
1705 575 1788 593 num⁰⁸
1810 572 2004 601 praecedentes,
2023 573 2054 594 nd
2071 581 2137 603 quos

266 615 388 637 refertur.

361 698 384 723 1.
410 699 458 722 Ms.
479 699 584 722 omittit.
609 712 640 716 -·
662 698 686 723 2.
707 699 794 722 Prima
817 699 953 722 redactio:
978 709 991 720 «
1006 699 1127 722 clausula
1149 698 1280 722 diabolico
1305 707 1377 722 more
1401 699 1499 722 inserta
1522 709 1544 722 n.
1566 713 1596 716 —
1618 698 1643 724 3.
1666 699 1724 723 Vid.
1750 707 1831 729 supra
1853 699 1879 721 in
1902 700 1951 722 fine
1974 700 1997 722 ni
2022 700 2091 723 1325.
2108 714 2140 718 —

267 742 291 767 4.
308 743 395 766 Prima
411 743 526 766 redactio
540 751 545 766 ’.
560 753 572 764 α
589 747 675 766 amota
690 753 713 767 ιι.
728 757 755 762 —-
774 743 799 768 5.
816 743 903 766 Prima
916 744 1031 766 redactio
1051 751 1056 767 :
1079 753 1092 765 α
1109 752 1189 774 super
1204 743 1294 774 quinto
1310 743 1431 774 articulo,
1445 744 1489 774 qui
1505 747 1544 766 est
1557 744 1588 766 de
1601 743 1726 766 antidatis
1743 753 1765 766 ».
1780 757 1809 760 —
1822 743 1848 768 6.
1861 744 1994 766 Johannes
2009 745 2040 766 de
2054 745 2138 775 Rupe-

268 787 361 816 scissu,
374 796 451 819 quem
468 787 510 810 hic
525 787 691 811 Universitas
707 788 790 811 Paris.
808 789 1011 815 recommendat,
1023 791 1047 811 et
1062 788 1105 819 qui
1122 796 1164 811 nn.
1182 788 1242 810 1412
1259 789 1342 811 sactus
1358 791 1398 811 est
1413 788 1565 819 patriarcha
1583 788 1811 819 Constantinopol.
1823 787 1881 811 Vid.
1899 788 1975 812 infra.
1996 802 2016 805 —
2028 788 2051 813 ’1.
2064 789 2137 816 Quod

267 833 364 856 Romae
379 840 421 855 un.
438 832 507 860 1412,
524 832 619 863 April„
633 833 819 856 celebrandum
833 836 897 856 erat.

272 998 411 1035 1928.
439 1007 557 1033 Carolus
573 1008 633 1033 duan
644 1008 871 1042 Aurelianensis,
889 1008 1042 1044 Philippus
1056 1018 1147 1034 comes
1168 1009 1304 1034 Virtutum
1319 1013 1346 1034 et
1357 1008 1500 1034 lohannes
1513 1018 1604 1034 comes
1617 1009 1824 1043 Engolismens.
1840 1008 1880 1034 ad
1892 1017 1984 1043 regem
2001 1009 2139 1034 Franciae

356 1056 469 1082 litteras
484 1056 620 1091 dirigunt,
635 1057 662 1082 in
678 1057 781 1092 quibus
795 1061 1005 1092 conqueruntur
1017 1057 1052 1083 de
1068 1061 1163 1083 atroce
1179 1062 1266 1083 morte
1276 1058 1382 1093 patris,
1395 1057 1457 1083 scil.
1475 1058 1609 1083 Ludovici
1620 1058 1847 1092 Aurelianensis,
1864 1062 1891 1084 et
1904 1057 1938 1083 de
1947 1058 2065 1093 justitia
2082 1058 2139 1083 sibi

352 1106 467 1142 penitus
487 1105 638 1140 denegata.
662 1107 781 1142 Propter
800 1106 852 1132 hoc
872 1107 979 1132 armati
999 1107 1118 1132 veniunt.
1142 1105 1244 1132 Donne
1263 1106 1279 1133 a
1297 1107 1442 1140 Jargueau
1464 1115 1513 1133 sur
1536 1108 1618 1133 Loire
1639 1108 1665 1133 le
1681 1107 1739 1141 xiiij
1761 1108 1861 1134 Juillet
1881 1107 1933 1133 mil
1953 1109 2057 1141 quatre
2073 1115 2139 1134 cens

354 1157 382 1181 et
397 1163 479 1181 unze.
497 1165 511 1179 (ι
524 1156 641 1181 Charles
655 1156 712 1181 duc
727 1154 876 1182 d'Orleans
891 1156 967 1182 etde
980 1156 1082 1182 Valois.
1101 1177 1106 1181 .
1124 1156 1155 1181 Ja
1171 1156 1226 1182 soit
1241 1164 1272 1182 ce
1286 1166 1311 1182 >›.

1518 1202 1584 1230 1411,
1601 1201 1661 1226 ιΙιιΙῘῘ
1676 1201 1711 1230 74,
1728 1202 1849 1233 daryeau.

357 1288 426 1313 Bibl.
442 1289 544 1318 Arsen„
560 1289 629 1315 3728,
652 1288 696 1311 fot.
712 1289 812 1311 96-109.
831 1289 933 1313 Chron.
953 1290 985 1312 de
999 1289 1174 1320 Menarchi,
1195 1289 1236 1312 ed.
1253 1289 1470 1317 DOUET—D'ARCQ,
1493 1290 1526 1319 11,
1544 1290 1660 1319 ‘mli-149,
1677 1289 1710 1312 ad
1729 1289 1793 1312 Julii
1813 1291 1836 1312 9.
1858 1290 2016 1320 Fragmenta
2037 1290 2136 1319 (latine)

264 1332 335 1363 apud
351 1332 410 1357 Bel.
424 1334 456 1356 de
471 1333 672 1363 Saint-Dertys,
691 1333 732 1360 IV,
747 1334 862 1360 418-434,
881 1336 909 1356 ut
924 1341 1005 1364 supra
1024 1333 1057 1356 ad
1072 1334 1126 1357 Jul.
1146 1334 1181 1362 14,
1202 1334 1246 1356 uhi
1264 1337 1401 1365 praeterea
1417 1342 1443 1364 p.
1460 1334 1506 1356 [118
1526 1337 1658 1362 narratur,
1681 1334 1772 1357 ducem
1789 1334 1867 1357 etiam
1883 1335 1916 1357 nd
1932 1334 2136 1358 Universitatem

266 1377 385 1408 aliosque
398 1377 445 1400 hus
458 1377 560 1401 litteras
577 1377 691 1401 misisse.
706 1379 757 1401 Rex
772 1378 825 1402 Jul.
841 1378 870 1401 20
885 1378 945 1401 duci
959 1378 1141 1401 Aurelianensi
1158 1378 1294 1401 mandavit
1309 1382 1337 1402 ut
1348 1387 1422 1401 arma
1436 1379 1586 1409 deponeret.

271 1569 411 1606 1929.
435 1580 594 1614 Instigante
617 1580 717 1605 comite
740 1581 768 1605 S.
784 1579 872 1605 Pauli
894 1584 955 1605 octo
977 1580 1139 1606 consiliarii
1162 1581 1233 1615 regii
1258 1585 1285 1607 et
1309 1581 1425 1606 totidem
1446 1581 1578 1615 magistri
1606 1581 1804 1607 Universitatis
1824 1581 1919 1606 Paris.
1945 1591 2005 1606 cum
2021 1581 2137 1607 totidem

355 1628 460 1654 civibus
476 1629 571 1655 Paris.
589 1628 791 1654 deliber-abant
811 1629 881 1664 quid
895 1629 1061 1663 faciendum
1075 1638 1129 1665 pro
1149 1630 1304 1655 securitate
1325 1634 1383 1655 tam
1406 1630 1481 1664 regis
1505 1639 1590 1665 quam
1609 1630 1716 1664 civium,
1742 1634 1769 1655 et
1788 1632 1861 1664 Aug.
1879 1632 1912 1656 216
1928 1630 2025 1656 (lucem
2046 1631 2136 1665 Aqui-

355 1677 454 1702 taniae
470 1677 608 1703 adeuntes
625 1677 786 1703 deliberata
801 1682 969 1713 proponunt.

1481 1724 1544 1753 1471,
1561 1724 1666 1756 Augusti
1679 1724 1722 1753 26,
1738 1724 1851 1749 Parisiis.

358 1797 417 1820 Rel.
435 1798 467 1820 de
484 1797 686 1828 Saint-Denys,
702 1798 743 1826 lv,
759 1798 815 1821 448.
829 1798 868 1821 Cf.
886 1799 986 1822 Chron.
1003 1799 1035 1822 de
1048 1799 1220 1828 Mons-crem,
1237 1799 1269 1829 11,
1286 1799 1331 1821 168
1345 1807 1384 1830 sq.

270 1985 410 2022 1930.
435 1995 496 2021 Lite
522 1999 598 2021 mota
623 1996 696 2021 inter
721 1996 867 2022 scholares
892 1997 1004 2031 collegii
1027 1997 1224 2022 Cluniacensis
1243 1997 1367 2022 Parisiis
1390 1997 1517 2031 fundati,
1545 2006 1615 2032 quos
1637 1996 1798 2022 sustinebat
1829 1996 2010 2028 Uuiversitas,
2037 2001 2134 2021 contra

355 2043 489 2070 abbatem
508 2044 721 2071 Cluniacensem
742 2046 799 2081 qui,
819 2045 931 2071 violatis
947 2046 1065 2071 statutis
1088 2046 1225 2081 antiquis,
1245 2046 1347 2071 bursas
1370 2045 1550 2071 scholaribus
1573 2045 1679 2071 solvere
1699 2045 1870 2079 negligebat,
1886 2049 1999 2080 partem
2021 2045 2132 2070 schola-

355 2093 427 2118 rium
442 2094 611 2119 Avenionem
627 2096 786 2128 transferre
804 2094 913 2120 volebat
935 2099 962 2120 et
982 2095 1071 2120 multa
1090 2095 1151 2120 alia
1167 2095 1364 2131 perpetrabat,
1385 2095 1466 2120 curia
1481 2094 1660 2130 parlamenti
1679 2094 1812 2120 abbatem
1832 2094 2045 2119 Cluniacensem
2067 2104 2134 2119 ron-

354 2141 477 2168 demnat.

1467 2189 1529 2217 1411,
1546 2189 1673 2220 Septemb.
1695 2190 1717 2218 7,
1733 2189 1847 2214 Parisiis.

356 2275 432 2307 Lite
454 2281 547 2308 mota
565 2276 602 2307 in
623 2283 745 2308 nostra
767 2277 979 2321 parlamenti
1001 2277 1099 2309 curia
1117 2278 1211 2310 inter
1227 2277 1394 2309 dilectam
1412 2277 1520 2309 filiam
1539 2283 1697 2309 nostram
1720 2276 1999 2309 Universitatcm
2018 2275 2131 2308 Paris.

266 2347 301 2373 et
326 2341 522 2385 religiosos
543 2342 642 2375 viros
670 2343 827 2386 priorem
857 2350 891 2376 et
917 2343 1077 2376 scolares
1106 2344 1254 2388 collegii
1280 2343 1534 2377 Cluniacensis
1564 2343 1724 2375 Parisius
1752 2342 1902 2382 fundati,
1930 2348 2070 2374 actores
2100 2349 2131 2374 et

265 2415 533 2452 conquerentes
551 2409 587 2440 in
607 2421 692 2441 casu
714 2410 883 2443 novitatis
905 2417 938 2443 et
960 2411 1108 2451 saisine,
1126 2417 1361 2455 procuratore
1383 2417 1507 2443 nostro
1530 2422 1610 2442 cum
1632 2409 1768 2441 eisdem
1787 2409 1956 2453 adjuncto
1974 2420 2016 2440 ex
2034 2415 2132 2452 parte

266 2486 354 2514 una3
378 2481 413 2507 et
434 2474 603 2507 dilectum
627 2483 790 2508 nostrum
812 2476 976 2510 abbatem
1000 2477 1277 2510 Cluniacensem
1300 2477 1529 2509 defensorem
1553 2483 1585 2509 ct
1607 2482 1851 2520 opponentem
1874 2487 1916 2507 ex
1936 2474 2058 2507 altera.

355 2541 471 2585 Super
495 2554 537 2574 eo
558 2542 655 2586 quod
676 2543 844 2576 dicebant
864 2544 949 2576 dicti
966 2551 1107 2576 actores
1130 2544 1227 2588 quod
1249 2544 1444 2588 collegium
1463 2543 1704 2576 Cluniacense
1727 2541 1891 2586 pulcrum
1914 2548 1947 2574 et
1972 2541 2131 2574 notabile

264 2606 307 2639 ab
334 2608 482 2652 antiquo
512 2609 548 2640 in
575 2609 668 2641 dicta
697 2610 940 2643 Universitate
966 2611 1162 2643 parisiens.
1186 2611 1455 2655 incorporatum
1483 2611 1610 2648 fuerat,
1634 2609 1669 2640 in
1694 2620 1764 2652 quo
1788 2608 1975 2640 retroactis
1998 2614 2131 2652 tempo-

268 2673 367 2707 ribus
390 2675 624 2719 quamplures
646 2676 824 2709 notabiles
847 2689 1003 2721 persone
1021 2690 1150 2722 magne
1168 2677 1392 2710 auctoritatis
1414 2683 1449 2709 et
1468 2675 1729 2721 prcminencie,
1745 2674 1918 2707 videlicet
1938 2674 2130 2707 defunctus

266 2752 353 2785 papa
378 2741 545 2774 Urbanus
567 2742 715 2786 quintus
738 2750 771 2775 et
792 2743 902 2788 aliqui
924 2744 1139 2784 cardinales,
1162 2743 1440 2788 archiepiscopi,
1466 2742 1641 2787 episcopi,
1664 2741 1826 2781 abbates,
1848 2741 1990 2785 priores
2012 2747 2046 2773 et
2070 2741 2128 2773 alii

265 2806 444 2840 notabiles
466 2809 630 2853 magistri
650 2809 686 2841 in
708 2809 891 2854 theologia
912 2810 1018 2843 latius
1040 2811 1075 2843 in
1098 2822 1273 2855 processu
1295 2810 1469 2842 nominati
1495 2809 1629 2840 ibidem
1651 2808 1828 2852 degentes
1850 2814 1884 2839 et
1909 2808 2127 2848 residentes,

265 2884 417 2917 quorum
435 2874 546 2919 aliqui
568 2875 684 2908 adhuc
706 2876 749 2908 de
772 2877 932 2921 presenti
954 2877 989 2908 in
1009 2889 1126 2909 rerum
1150 2883 1274 2909 natura
1296 2875 1510 2915 existebant,
1529 2876 1618 2907 sacta
1640 2876 1756 2907 suain
1774 2874 1866 2906 dieta
1884 2874 2127 2907 Universitate
