2502 3418
364 342 428 375 728
939 347 1260 370 CHARTULARIUM
1295 334 1487 369 umvnns.
1528 346 1659 368 mnis.
2127 333 2226 370 [1452

365 425 566 459 districtius
593 424 762 458 volumus
790 430 824 456 ct
852 423 1062 456 mandamus
1090 421 1278 455 observari
1313 421 1438 454 eadem
1469 422 1698 462 auctoritate,
1728 420 1912 461 videlicet,
1941 420 2038 465 quod
2067 420 2227 454 scolares

365 500 554 537 antequam
584 492 627 524 ad
659 491 973 524 determinandum
1001 490 1038 522 in
1066 488 1204 522 artibus
1234 488 1479 530 admittantur,
1507 500 1670 533 congrue
1691 488 1765 521 sint
1785 488 1822 520 in
1843 487 2073 532 grammatica
2094 487 2227 529 edocti,

366 567 398 593 et
421 558 663 592 Doctrinale⁵¹
687 570 725 591 ac
747 558 1013 591 Greeismum5²
1035 556 1194 600 legerint
1213 555 1271 588 vel
1291 555 1485 597 audierint,
1510 555 1706 588 dummodo
1728 555 1765 587 in
1787 554 1918 587 studiis
1940 561 2000 587 aut
2019 554 2100 588 aliis
2121 554 2226 596 locis,

366 627 426 660 ubi
455 626 719 672 grammaticam
743 625 983 665 didiscerunt,
1011 623 1097 656 dicti
1128 622 1213 655 libri
1243 622 1423 667 legantur.
1455 622 1510 655 Ad
1538 622 1701 667 predicta
1719 634 1806 655 vero
1828 621 2004 654 adicimus
2026 621 2228 655 districtius

366 694 573 727 inhibentes
595 692 793 738 magistris,
816 703 860 724 ne
882 691 1091 736 permittant
1112 689 1272 722 scolares
1293 689 1337 722 ad
1358 689 1534 734 logicales
1556 689 1734 722 lectiones
1755 688 2016 730 conscendere,
2035 688 2107 722 nisi
2127 688 2229 734 prius

366 762 402 794 in
423 761 597 806 predictis
619 767 653 793 ct
673 760 709 792 in
731 766 805 792 arte
827 758 1066 791 metrificandi
1087 757 1223 790 suerint
1243 763 1493 802 competenter
1513 756 1645 789 edocti.

455 830 541 861 Item
565 838 723 871 sequens
744 825 987 871 approbamus
1009 831 1194 865 statutum,
1213 823 1310 869 quod
1331 823 1504 865 scolares,
1523 823 1733 868 priusquam
1750 823 1983 856 admittantur
1998 822 2042 856 ad
2060 822 2230 856 determi-

366 895 537 936 nandum,
556 894 881 927 audiantVeterem
898 892 1021 924 Artem
1040 898 1162 932 totam,
1179 890 1311 923 librum
1327 890 1572 935 Thopicorum
1590 890 1779 935 potissime
1797 889 1915 935 quoad
1932 896 2086 934 quatuor
2100 889 2229 930 libros,

366 970 401 996 et
421 962 536 995 libros
559 961 790 1001 Elencorum,
808 960 973 992 Priorum
996 965 1031 991 et
1051 958 1298 991 Posteriorum
1321 957 1514 1003 complete,
1533 958 1638 990 etiam
1660 957 1793 990 librum
1815 957 1859 990 de
1874 957 2004 990 Anima
2024 956 2062 989 in
2082 963 2156 989 toto
2172 956 2230 990 vel

366 1030 402 1062 in
425 1036 535 1074 parte.
557 1028 745 1061 Adicimus
766 1033 898 1067 autem,
917 1033 954 1059 ut
975 1038 1087 1071 super
1106 1025 1290 1058 auditione
1312 1025 1558 1070 predictorum
1581 1024 1757 1057 librorum
1779 1031 1970 1057 teneantur
1984 1024 2102 1057 facere
2122 1023 2229 1056 fidem

367 1096 497 1129 rectori
526 1102 559 1128 et
590 1094 815 1140 procuratori
845 1105 909 1126 sue
936 1093 1093 1126 nationis
1123 1105 1188 1138 per
1213 1092 1377 1125 cedulam
1409 1093 1465 1125 sui
1496 1092 1673 1137 magistri,
1705 1098 1893 1136 antequam
1923 1090 2168 1124 determinent
2194 1091 2230 1123 in

365 1164 445 1197 vico
467 1162 676 1202 Straminis3
700 1161 788 1194 alias
810 1172 875 1206 pro
897 1159 1225 1193 determinantibus
1247 1172 1319 1192 non
1340 1159 1552 1193 habeantur.
1576 1158 1631 1192 Ab
1659 1159 1750 1204 ipsis
1776 1165 1895 1191 autem
1922 1157 2126 1191 scolaribus
2147 1170 2232 1203 pro-

366 1238 445 1276 pter
466 1230 532 1263 hoe
555 1229 748 1274 quidquam
771 1240 789 1261 a
810 1239 991 1273 quoquam
1014 1227 1111 1273 exigi
1132 1227 1335 1260 districtius
1357 1226 1579 1260 inhibemus.

455 1299 542 1330 Item
566 1296 755 1328 laudamus
777 1301 811 1328 et
832 1294 1075 1340 approbamus
1097 1294 1187 1327 illud
1209 1297 1379 1327 statutum
1398 1294 1516 1339 quoad
1534 1293 1832 1334 determinantes,
1851 1293 1947 1338 quod
1965 1292 2088 1326 nullus
2109 1292 2233 1325 admit-

366 1372 460 1398 tatur
486 1364 529 1397 ad
559 1362 874 1396 determinandum
906 1362 942 1394 in
972 1361 1124 1403 artibus,
1154 1362 1225 1394 nisi
1252 1362 1362 1394 suerit
1393 1361 1545 1394 studens
1578 1361 1738 1393 Parisius
1769 1373 1834 1406 per
1864 1360 1956 1393 duos
1983 1372 2112 1402 annos,
2134 1360 2232 1393 omni

370 1431 644 1477 dispensatione
666 1430 869 1462 interdicta.
893 1429 1127 1462 Declaramus
1148 1435 1265 1461 autem
1288 1441 1430 1461 omnem
1453 1428 1765 1473 dispensationem
1786 1427 1973 1468 interdici,
1996 1427 2067 1460 nisi
2088 1427 2124 1460 in
2146 1439 2230 1460 casu

368 1512 438 1544 quo
461 1499 540 1532 talis
562 1497 714 1531 scolaris
734 1497 862 1530 suisset
884 1497 920 1529 in
942 1496 1011 1529 alio
1033 1495 1197 1541 generali
1218 1496 1353 1537 studio,
1372 1496 1408 1528 in
1430 1507 1501 1540 quo
1518 1495 1590 1528 duo
1607 1495 1691 1528 anni
1712 1495 1748 1527 in
1770 1495 1868 1527 omni
1887 1494 2055 1528 facultate
2076 1506 2141 1539 pro
2158 1505 2230 1527 uno

367 1566 528 1600 parisius
550 1565 670 1598 solent
690 1564 903 1610 computari.
921 1563 1101 1597 Volumus
1122 1569 1241 1596 tamen
1263 1563 1360 1608 quod
1382 1563 1462 1596 talis
1485 1562 1649 1604 scolaris,
1667 1562 1728 1607 qui
1750 1562 1786 1594 in
1803 1561 1909 1595 alio⁵³
1926 1561 2089 1607 generali
2111 1560 2231 1594 studio

367 1634 487 1675 fuerit,
516 1632 733 1678 condignam
762 1643 874 1676 super
894 1631 974 1672 hoc,
1000 1637 1060 1663 aut
1087 1642 1151 1675 per
1172 1630 1311 1663 litteras
1332 1637 1392 1663 aut
1416 1642 1481 1675 per
1502 1636 1615 1663 testes
1643 1629 1750 1662 fidem
1776 1629 1882 1662 saciat
1910 1628 2136 1674 procuratori
2166 1640 2231 1661 sue

368 1700 524 1734 nationis
546 1706 734 1744 antequam
758 1698 988 1731 determinet.

1108 1800 1160 1834 De
1185 1799 1486 1834 haclzalariandis.

458 1902 545 1933 Item
568 1900 649 1945 quia
671 1899 934 1932 bachalariatus
955 1899 992 1931 in
1012 1898 1152 1931 artibus
1169 1898 1313 1931 videtur
1329 1909 1411 1931 esse
1427 1898 1537 1943 janua
1559 1898 1671 1943 prima
1688 1909 1753 1942 pro
1771 1897 1902 1930 ceteris
1924 1896 2100 1942 gradibus
2121 1896 2234 1930 susci-

369 1967 526 2013 piendis,
554 1974 588 2000 et
616 1966 747 1999 melius
769 1973 824 1999 est
851 1966 1025 2011 indignos
1046 1965 1089 1998 ab
1115 1966 1287 2010 ingressu
1313 1965 1442 2006 arceri,
1467 1977 1586 2009 quam,
1612 1971 1801 2009 postquam
1825 1964 1985 2009 ingressi
2006 1970 2102 2005 sunt,
2123 1975 2233 2009 ygno-

369 2035 524 2068 miniose
547 2034 688 2079 repelli,
707 2033 900 2066 statuimus
922 2039 957 2066 et
977 2033 1202 2074 ordinamus,
1224 2039 1264 2065 ut
1284 2032 1461 2077 magistri,
1480 2032 1540 2077 qui
1563 2044 1626 2077 per
1647 2031 1811 2077 singulas
1833 2032 1999 2064 nationes
2020 2031 2063 2064 ad
2084 2042 2234 2064 examen

369 2102 727 2135 bachalariandorum
751 2100 871 2133 solent
891 2100 993 2145 eligi,
1018 2100 1062 2132 de
1083 2106 1205 2133 cetero
1227 2099 1410 2144 eligantur
1430 2112 1509 2132 cum
1533 2099 1626 2132 bona
1648 2098 1926 2140 deliberatione,
1948 2110 2014 2131 nec
2036 2098 2109 2131 sint
2129 2097 2234 2143 eligi-

369 2170 462 2203 biles
484 2169 648 2214 magistri
669 2169 931 2213 cujuscumque
953 2167 1111 2200 nationis
1133 2167 1175 2199 ad
1198 2166 1288 2199 illud
1309 2178 1459 2200 examen
1484 2166 1703 2208 faciendum,
1726 2166 1796 2198 nisi
1823 2166 1896 2199 sint
1916 2166 1952 2198 in
1974 2165 2080 2199 tertio
2101 2177 2195 2198 anno
2216 2177 2234 2198 a

370 2237 483 2282 gradu
506 2236 705 2281 magisterii
727 2241 911 2280 suscepto.
938 2236 981 2267 Et
1005 2234 1072 2267 hoc
1094 2233 1232 2279 absque
1254 2234 1326 2267 ulla
1347 2233 1622 2279 dispensatione
1642 2232 1823 2274 volumus,
1853 2239 1889 2266 et
1917 2233 2130 2266 auctoritate
2150 2244 2235 2277 apo-

372 2304 498 2337 stolica
519 2303 706 2336 observari
726 2302 952 2335 mandamus.

460 2372 547 2404 Item
575 2370 780 2411 statuimus,
807 2376 843 2402 et
866 2369 902 2401 in
922 2369 1055 2402 virtute
1082 2375 1204 2401 sancte
1232 2367 1441 2401 obedientie
1466 2368 1678 2402 mandamus
1710 2375 1744 2401 ct
1770 2368 1993 2413 precipimus
2022 2366 2235 2412 hujusmodi

373 2438 556 2483 magistris
578 2436 897 2477 examinatoribus,
917 2436 1011 2469 sicut
1033 2435 1267 2481 premittitur,
1289 2442 1324 2468 et
1349 2447 1421 2468 non
1443 2435 1532 2468 alias
1554 2435 1693 2477 electis,
1713 2442 1892 2481 quatenus
1913 2434 1982 2467 sub
2003 2433 2128 2467 debito
2140 2435 2238 2478 jura-

373 2505 495 2546 menti,
521 2504 618 2549 quod
643 2504 679 2536 in
708 2516 814 2536 manu
842 2503 1089 2548 procuratoris
1119 2514 1184 2535 sue
1213 2502 1370 2536 nationis
1397 2509 1559 2547 prestare
1585 2502 1740 2535 habeant
1765 2502 1810 2535 de
1835 2514 1908 2535 non
1931 2500 2156 2534 admittendo
2181 2501 2236 2533 in-

374 2572 518 2616 dignos,
542 2571 699 2604 fideliter
719 2577 755 2603 et
775 2570 972 2615 diligenter
991 2570 1182 2602 intendant
1201 2569 1244 2602 ad
1266 2569 1518 2615 probationem
1541 2569 1734 2602 scolarium
1756 2568 2089 2602 examinandorum.
2112 2569 2156 2600 Et
2175 2567 2236 2600 fiat

374 2650 522 2671 examen
543 2638 641 2671 istud
663 2638 705 2670 de
727 2637 955 2682 congruitate
976 2636 1250 2682 grammaticali,
1269 2637 1313 2669 de
1334 2637 1458 2670 Parvis
1480 2636 1728 2681 Logicalibus,
1747 2643 1782 2669 et
1803 2636 1884 2669 aliis
1904 2635 2010 2668 libris
2030 2646 2123 2680 quos
2139 2634 2236 2667 audi-

374 2705 470 2738 visse
492 2705 710 2746 debuerunt,
730 2710 767 2736 ut
787 2704 1035 2749 experimento
1056 2703 1179 2736 habito
1202 2704 1245 2736 de
1267 2703 1353 2745 illis,
1373 2703 1573 2736 seeundum
1596 2703 1813 2748 exigentiam
1836 2709 1872 2735 et
1891 2701 2143 2735 sufficientiam
2165 2713 2235 2746 que

376 2771 417 2803 ad
439 2771 715 2804 bachalariatum
739 2770 949 2815 requiritur,
972 2771 1003 2803 si
1022 2782 1115 2815 quos
1136 2771 1338 2815 incongrue
1361 2770 1555 2815 loquentes
1577 2777 1611 2803 et
1631 2770 1719 2803 alias
1740 2782 1813 2803 non
1831 2770 1996 2815 ydoneos
2017 2768 2233 2814 repererint,

378 2850 532 2882 onmyno
558 2838 625 2870 sul>
651 2850 741 2882 pena
767 2837 917 2882 perjurii
943 2837 1027 2870 illos
1053 2837 1244 2882 repellant,
1267 2844 1302 2870 et
1328 2837 1372 2870 ad
1396 2838 1598 2871 ferventius
1624 2837 1843 2870 studendum
1873 2837 1950 2869 suis
1973 2835 2158 2881 magistris
2179 2846 2235 2867 re-

379 2905 529 2936 mittant.
