2502 3418
403 303 462 334 116
976 313 1291 335 annTUmeiUM
1326 313 1516 335 UN{VERS.
1554 314 1683 335 rmus.
2161 302 2259 338 [1403

400 420 540 456 1798.
571 439 585 454 «
601 429 720 455 Botulus
734 429 920 465 quorumdam
934 429 1088 455 scolarium
1104 429 1323 456 Parisiensium.
1342 439 1355 453 »

1612 500 1685 529 7403,
1702 500 1787 526 Octob.
1804 501 1847 529 23.
1863 501 1969 526 Sauone.

483 586 662 630 Dignetur
683 587 716 618 S.
736 588 777 619 V.
801 587 1049 631 infrascriptas
1070 586 1357 631 supplicationes
1374 587 1417 619 ad
1439 587 1687 619 exaudicionis
1703 587 1853 631 gratiam
1876 587 2035 633 benigne
2052 588 2254 621 admittere.

483 654 524 685 Et
545 653 660 697 primo
682 653 887 697 supplicant
907 653 1127 698 infrascripti
1149 653 1308 686 scolares
1332 654 1556 686 parisienses
1578 654 1675 697 quod
1699 666 1779 686 cum
1802 654 1838 686 in
1860 654 1979 687 rotulo
2001 654 2152 687 aliorum
2175 667 2255 688 sco-

387 719 514 751 larium
536 731 651 764 nuper
673 720 706 752 S.
726 721 767 753 V.
792 726 998 764 presentato
1024 720 1132 764 positi
1155 731 1227 751 non
1248 720 1406 760 fuerunt7
1430 720 1601 764 quatinus
1623 720 1767 752 easdem
1793 721 2058 766 signacionem,
2080 721 2195 755 datam
2218 729 2253 755 et

388 786 636 831 prerogativas
658 798 746 830 quas
767 798 987 819 concessura
1009 793 1065 819 est
1086 787 1119 819 S.
1138 788 1181 819 V.
1200 786 1236 818 in
1258 787 1374 831 primo
1397 786 1516 819 rotulo
1540 787 1669 831 positis
1686 787 1891 820 scolaribus
1907 788 2150 833 infrascriptis
2167 800 2253 822 con-

388 852 518 885 cedere
540 853 723 898 dignetur.

473 952 545 977 Item
562 952 592 977 in
607 959 761 984 personam
775 952 912 977 Bcrnardi
929 952 1012 978 Fabri
1026 952 1131 981 clerici.
1146 953 1206 978 bac.
1223 953 1254 978 in
1267 952 1344 978 decr.
1359 952 1505 978 Aurelian.
1523 954 1551 979 et
1567 952 1633 978 scol.
1652 952 1774 978 Parisius
1789 953 1819 978 in
1833 953 1884 979 sac.
1902 953 1978 979 decr.

471 1001 613 1026 Johannis
628 1001 663 1026 de
677 1001 819 1029 Barbasia,
834 1001 901 1027 cler.
918 1001 1051 1027 Remens.
1066 1001 1140 1027 dioc.

472 1049 625 1075 Bertrandi
640 1050 676 1075 de
691 1050 833 1078 Barbasia,
850 1050 916 1075 cler.
932 1050 1157 1076 CathalaunenS.
1172 1050 1245 1076 dioc.

472 1099 605 1131 Symonis
620 1099 717 1124 Karoli
733 1099 864 1126 Martelli.
881 1099 947 1125 cler.
965 1099 1000 1125 de
1012 1099 1134 1125 Parisius
1148 1099 1277 1127 oriundi,
1294 1101 1348 1125 etc.

471 1147 609 1179 Stephani
623 1147 691 1172 dicti
707 1148 742 1173 de
758 1148 897 1173 Fomches
910 1148 1088 1181 (ronchesffl.
1106 1149 1171 1174 cler.
1190 1148 1390 1174 Aurelianens.
1408 1148 1481 1174 dioc.
1498 1148 1533 1174 de
1548 1148 1639 1174 nobili
1654 1156 1758 1181 genere
1772 1150 1923 1182 procreati.

470 1196 610 1221 Johannis
625 1196 651 1221 lc
664 1196 763 1223 Grain.
776 1197 869 1229 presb.
885 1197 1010 1229 Sagiens.
1028 1197 1114 1224 dioc..
1129 1197 1195 1222 scol.
1213 1197 1297 1222 Paris.
1315 1197 1345 1222 in
1362 1197 1413 1222 sac.
1430 1197 1506 1223 decr.
1522 1197 1551 1222 in
1567 1199 1674 1230 quarto
1689 1205 1766 1223 anno
1782 1206 1832 1224 sue
1846 1198 2043 1224 audicicionis.

469 1245 610 1270 Johannis
624 1245 659 1271 de
676 1245 853 1274 Pulcrovisu,
870 1246 936 1271 cler.
955 1246 1149 1272 Lemovicens.
1167 1246 1253 1272 dioc..
1271 1246 1337 1271 scol.
1357 1246 1441 1271 Paris.
1457 1246 1487 1271 in
1501 1247 1552 1272 sac.
1570 1248 1624 1272 art.

468 1294 563 1320 Gilleti
575 1294 736 1327 Jaqueline.
754 1294 820 1320 cler.
839 1295 924 1320 Paris.
942 1295 1028 1324 dioe.,
1045 1296 1099 1321 etc.

467 1343 571 1369 Nicolai
587 1343 737 1372 Maillardi,
753 1344 819 1370 cler,
839 1344 996 1370 Senonens.
1013 1344 1099 1372 dioc..
1117 1346 1170 1370 etc.

467 1392 607 1418 Johannis
623 1392 727 1422 Grossi,
745 1393 810 1419 cler.
830 1393 928 1423 Paris,
944 1395 997 1419 etc.

466 1442 606 1467 Johannis
630 1442 778 1471 Triboleti,
800 1442 893 1475 presb.
918 1443 1035 1468 rectoris
1057 1443 1124 1469 eccl.
1148 1443 1280 1476 parroch.
1298 1443 1334 1468 de
1357 1443 1510 1469 Leinevilla
1531 1443 1657 1470 Tullens¹
1680 1444 1766 1473 dioc..
1787 1445 1854 1471 scol.
1877 1445 1961 1470 Paris.
1986 1445 2017 1471 in
2040 1446 2092 1471 fac.
2114 1445 2191 1473 decr.
2211 1446 2242 1472 in

376 1490 503 1516 secundo
518 1498 596 1516 anno
612 1498 661 1516 sue
677 1491 845 1516 audicionis.

464 1540 608 1566 Michaelis
621 1540 656 1565 de
672 1540 922 1569 Sicomonasterio,
937 1541 1030 1574 presb.
1048 1541 1222 1573 Lingonens.
1238 1541 1324 1570 dioc..
1342 1541 1409 1567 scol.
1426 1541 1511 1567 Paris.
1529 1541 1559 1567 in
1576 1542 1628 1567 sac.
1644 1542 1720 1568 decr.
1739 1542 1768 1568 in
1784 1543 1871 1568 tercio
1886 1550 1965 1569 anno
1979 1551 2030 1570 sue
2043 1543 2215 1571 audicionis.

462 1589 603 1615 Johannis
619 1589 757 1615 Francisci
774 1590 908 1619 Draconi,
924 1590 1049 1623 Sagiens.
1067 1590 1153 1619 dioc.,
1172 1590 1239 1615 scol.
1258 1590 1343 1616 Paris.
1358 1590 1389 1616 in
1405 1591 1457 1616 sac.
1475 1591 1564 1620 decr..
1579 1593 1632 1617 etc.

464 1638 605 1664 Johannis
620 1638 787 1668 Bezaumer.
802 1639 869 1665 cler.
887 1639 1056 1665 Bituricens.
1074 1639 1160 1670 dioc.y
1178 1639 1244 1665 scol.
1261 1639 1346 1665 Paris.
1361 1640 1393 1665 in
1408 1640 1460 1666 sac.
1478 1641 1532 1666 art.
1972 1642 2027 1675 [14]

463 1726 538 1758 Fiat
559 1738 623 1771 pro
645 1726 826 1759 omnihus.
851 1728 888 1759 L.
906 1748 949 1751 ——
970 1729 1047 1760 Dat.
1072 1728 1216 1761 Sallone
1237 1728 1442 1762 ArelatenS.
1462 1730 1555 1762 dioc.
1580 1742 1600 1763 x
1621 1730 1688 1763 kal.
1712 1731 1942 1772 Novembris,
1964 1743 2059 1763 anno
2081 1731 2235 1770 decimo.

464 1825 527 1855 Reg.
544 1825 636 1855 Suppl.
652 1825 747 1848 Bened.
765 1826 832 1854 XlII,
845 1830 872 1848 n⁰
883 1827 923 1855 93,
938 1826 982 1849 sol.
999 1827 1036 1849 87.

375 1991 514 2028 1799.
539 2011 553 2026 «
570 2001 690 2027 Botulus
706 2002 929 2028 hucallariorum
944 2004 970 2029 in
988 2003 1100 2029 artibus
1121 2005 1319 2030 [Jniversitatis
1332 2006 1518 2032 Parisiensis.
1538 2016 1552 2031 ›>

1588 2094 1661 2124 7403,
1681 2095 1766 2124 Octob.
1780 2096 1823 2125 23,
1838 2096 1944 2122 Sullane.

458 2178 692 2210 sanctissimo
724 2179 760 2210 in
790 2178 935 2211 Christo
966 2180 1056 2224 patri
1085 2187 1119 2213 et
1148 2181 1296 2215 domino
1326 2183 1474 2217 domino
1506 2184 1703 2217 Benedicto
1734 2191 1963 2218 sacrosancte
2001 2186 2159 2218 Romane
2191 2196 2230 2218 ac

369 2244 585 2277 universalis
606 2245 761 2278 ecclesie
787 2258 927 2278 summo
950 2247 1112 2291 pontifici
1133 2247 1282 2282 humilis
1303 2257 1337 2283 et
1358 2251 1486 2284 devota
1508 2251 1579 2284 filia
1603 2258 1722 2285 vestra
1749 2252 1851 2285 nacio
1875 2251 2060 2285 Gallicana
2082 2252 2119 2284 in
2140 2251 2230 2285 alma

368 2311 610 2344 Universitate
641 2312 835 2345 Parisiensi
871 2325 909 2345 se
944 2314 1058 2358 ipsam
1090 2315 1133 2347 ad
1172 2316 1303 2360 pedum
1334 2318 1458 2350 oscula
1493 2318 1692 2352 beatorum.
1725 2319 2020 2352 Clementissime
2051 2319 2229 2352 sanctitati

365 2385 484 2410 vestre
502 2378 702 2411 humillime
724 2379 904 2424 supplicat
924 2388 1102 2425 quatenus
1124 2383 1240 2415 eidem
1262 2385 1412 2428 gratiam
1428 2386 1603 2418 facientes
1625 2386 1819 2431 specialem
1841 2386 1878 2419 in
1894 2386 2064 2431 personis
2081 2398 2229 2419 suorum

365 2444 649 2478 bachalariorum
679 2446 715 2478 in
740 2446 878 2479 artibus
907 2447 1061 2481 inferius
1082 2449 1372 2495 subscriptorum
1395 2452 1533 2485 eisdem
1555 2452 1770 2486 bachalariis
1791 2453 1835 2486 de
1856 2453 2059 2495 beneficiis,
2087 2453 2228 2495 officiis,

365 2512 620 2556 personatibus
641 2513 698 2546 vel
726 2513 806 2546 aliis
829 2515 929 2558 juxta
956 2527 1081 2548 eorum
1108 2517 1394 2562 supplicationes
1422 2519 1669 2565 infrascriptas
1691 2520 1893 2564 dignemini
1916 2520 2122 2565 providere,
2145 2532 2230 2565 sup-

364 2578 652 2624 plicationesque
673 2581 864 2625 generales
886 2581 1134 2627 infrascriptas
1155 2585 1325 2618 exaudire
1347 2598 1426 2619 cum
1449 2587 1578 2620 effectu
1601 2594 1635 2620 et
1662 2587 1807 2632 signare
1828 2600 1933 2620 manu
1955 2594 2073 2621 vestra
2095 2587 2229 2620 beatis-

365 2645 466 2687 sima,
484 2646 541 2679 vel
560 2647 638 2680 viva
654 2659 742 2680 voce
764 2649 967 2681 concedere
987 2650 1081 2683 sicut
1094 2652 1293 2695 petitm-....

1125 2760 1230 2781 NATIO
1259 2761 1459 2782 GALLICANA.

452 2834 524 2858 Item
545 2834 671 2860 Johanni
692 2836 834 2867 Jossouiu,
861 2838 897 2864 de
921 2839 1011 2865 nobili
1034 2848 1138 2873 genere
1160 2844 1317 2874 procreato,
1335 2843 1401 2869 cler.
1418 2843 1546 2868 TrecenS.
1570 2842 1656 2872 dioc,
1680 2842 1740 2868 hac.
1762 2842 1793 2868 in
1813 2844 1866 2868 art.
1889 2844 1917 2868 et
1937 2842 2088 2868 secretario
2113 2841 2226 2867 domini

363 2881 444 2907 ducis
458 2882 612 2915 Aquitanic
628 2886 655 2909 ct
669 2885 805 2918 Dalphini
824 2887 1002 2915 Viennensis.
