<?xml version="1.0" encoding="UTF-8"?>
<!DOCTYPE html PUBLIC "-//W3C//DTD XHTML 1.0 Transitional//EN"
    "http://www.w3.org/TR/xhtml1/DTD/xhtml1-transitional.dtd">
<html xmlns="http://www.w3.org/1999/xhtml" xml:lang="en" lang="en">
 <head>
  <title>
</title>
<meta http-equiv="Content-Type" content="text/html;charset=utf-8" />
  <meta name='ocr-system' content='tesseract 3.04.00' />
  <meta name='ocr-capabilities' content='ocr_page ocr_carea ocr_par ocr_line ocrx_word'/>
</head>
<body>
  <div class='ocr_page' id='page_1' title='image "./chartulariumuniv04univuoft_0220.png"; bbox 0 0 2502 3418; ppageno 0'>
   <div class='ocr_carea' id='block_1_1' title="bbox 419 316 2280 352">
    <p class='ocr_par' dir='ltr' id='par_1_1' title="bbox 419 316 2280 352">
     <span class='ocr_line' id='line_1_1' title="bbox 419 316 2280 352; baseline 0.001 -2"><span class='ocrx_word' id='word_1_1' title='bbox 419 320 479 351; x_wconf 62' lang='lat'>176</span> <span class='ocrx_word' id='word_1_2' title='bbox 991 329 1308 350; x_wconf 60' lang='lat' dir='ltr'>cnanronamum</span> <span class='ocrx_word' id='word_1_3' title='bbox 1346 329 1535 350; x_wconf 64' lang='lat' dir='ltr'>UNivrnffi.</span> <span class='ocrx_word' id='word_1_4' title='bbox 1574 329 1702 350; x_wconf 68' lang='lat' dir='ltr'>l‘AntS.</span> <span class='ocrx_word' id='word_1_5' title='bbox 2181 316 2280 352; x_wconf 82' lang='lat'>[1410</span> 
     </span>
    </p>
   </div>
   <div class='ocr_carea' id='block_1_2' title="bbox 411 402 2281 2855">
    <p class='ocr_par' dir='ltr' id='par_1_2' title="bbox 411 402 2281 2855">
     <span class='ocr_line' id='line_1_2' title="bbox 415 402 2277 447; baseline 0 -12"><span class='ocrx_word' id='word_1_6' title='bbox 415 403 471 435; x_wconf 87' lang='lat' dir='ltr'>hic</span> <span class='ocrx_word' id='word_1_7' title='bbox 496 410 670 447; x_wconf 82' lang='lat' dir='ltr'>tamquam</span> <span class='ocrx_word' id='word_1_8' title='bbox 694 403 876 435; x_wconf 81' lang='lat' dir='ltr'>hereticus</span> <span class='ocrx_word' id='word_1_9' title='bbox 898 403 942 435; x_wconf 85' lang='lat' dir='ltr'>sit</span> <span class='ocrx_word' id='word_1_10' title='bbox 964 403 1171 435; x_wconf 83' lang='lat' dir='ltr'>censendus</span> <span class='ocrx_word' id='word_1_11' title='bbox 1189 410 1219 435; x_wconf 85' lang='lat' dir='ltr'>et</span> <span class='ocrx_word' id='word_1_12' title='bbox 1243 403 1573 438; x_wconf 70' lang='lat' dir='ltr'>anathematizatus,</span> <span class='ocrx_word' id='word_1_13' title='bbox 1593 409 1625 434; x_wconf 82' lang='lat' dir='ltr'>ct</span> <span class='ocrx_word' id='word_1_14' title='bbox 1650 402 1901 434; x_wconf 85' lang='lat' dir='ltr'>cohercendus</span> <span class='ocrx_word' id='word_1_15' title='bbox 1929 414 1992 446; x_wconf 91' lang='lat' dir='ltr'>per</span> <span class='ocrx_word' id='word_1_16' title='bbox 2014 402 2277 435; x_wconf 72' lang='lat' dir='ltr'>invocationem</span> 
     </span>
     <span class='ocr_line' id='line_1_3' title="bbox 415 469 2279 514; baseline 0 -12"><span class='ocrx_word' id='word_1_17' title='bbox 415 470 552 503; x_wconf 84' lang='lat' dir='ltr'>brachii</span> <span class='ocrx_word' id='word_1_18' title='bbox 574 469 765 510; x_wconf 88' lang='lat' dir='ltr'>secularis,</span> <span class='ocrx_word' id='word_1_19' title='bbox 794 477 847 502; x_wconf 84' lang='lat' dir='ltr'>est</span> <span class='ocrx_word' id='word_1_20' title='bbox 875 470 1091 502; x_wconf 77' lang='lat' dir='ltr'>verissimus</span> <span class='ocrx_word' id='word_1_21' title='bbox 1114 482 1177 514; x_wconf 88' lang='lat' dir='ltr'>pro</span> <span class='ocrx_word' id='word_1_22' title='bbox 1204 470 1363 502; x_wconf 86' lang='lat' dir='ltr'>secunda</span> <span class='ocrx_word' id='word_1_23' title='bbox 1390 476 1508 514; x_wconf 84' lang='lat' dir='ltr'>parte;</span> <span class='ocrx_word' id='word_1_24' title='bbox 1533 481 1611 501; x_wconf 88' lang='lat' dir='ltr'>nam</span> <span class='ocrx_word' id='word_1_25' title='bbox 1636 469 1679 501; x_wconf 88' lang='lat' dir='ltr'>de</span> <span class='ocrx_word' id='word_1_26' title='bbox 1700 469 1851 501; x_wconf 87' lang='lat' dir='ltr'>veritate</span> <span class='ocrx_word' id='word_1_27' title='bbox 1877 469 1991 513; x_wconf 88' lang='lat' dir='ltr'>prime</span> <span class='ocrx_word' id='word_1_28' title='bbox 2018 469 2129 513; x_wconf 84' lang='lat' dir='ltr'>partis</span> <span class='ocrx_word' id='word_1_29' title='bbox 2149 470 2279 502; x_wconf 86' lang='lat' dir='ltr'>fratres</span> 
     </span>
     <span class='ocr_line' id='line_1_4' title="bbox 415 535 2279 580; baseline 0 -11"><span class='ocrx_word' id='word_1_30' title='bbox 415 537 664 569; x_wconf 79' lang='lat' dir='ltr'>Mendicantes</span> <span class='ocrx_word' id='word_1_31' title='bbox 686 549 758 569; x_wconf 93' lang='lat' dir='ltr'>non</span> <span class='ocrx_word' id='word_1_32' title='bbox 781 536 956 569; x_wconf 89' lang='lat' dir='ltr'>dubitant.</span> <span class='ocrx_word' id='word_1_33' title='bbox 982 537 1017 569; x_wconf 90' lang='lat' dir='ltr'>Si</span> <span class='ocrx_word' id='word_1_34' title='bbox 1038 543 1154 569; x_wconf 89' lang='lat' dir='ltr'>autem</span> <span class='ocrx_word' id='word_1_35' title='bbox 1182 536 1242 569; x_wconf 90' lang='lat' dir='ltr'>fiat</span> <span class='ocrx_word' id='word_1_36' title='bbox 1266 536 1470 569; x_wconf 70' lang='lat' dir='ltr'>restrictior</span> <span class='ocrx_word' id='word_1_37' title='bbox 1497 536 1659 580; x_wconf 87' lang='lat' dir='ltr'>acceptio</span> <span class='ocrx_word' id='word_1_38' title='bbox 1685 535 1794 579; x_wconf 87' lang='lat' dir='ltr'>hujus</span> <span class='ocrx_word' id='word_1_39' title='bbox 1825 535 1970 567; x_wconf 90' lang='lat' dir='ltr'>termini</span> <span class='ocrx_word' id='word_1_40' title='bbox 1990 536 2143 579; x_wconf 78' lang='lat' dir='ltr'>proprii</span> <span class='ocrx_word' id='word_1_41' title='bbox 2167 547 2279 569; x_wconf 78' lang='lat' dir='ltr'>sacer-</span> 
     </span>
     <span class='ocr_line' id='line_1_5' title="bbox 413 602 2280 648; baseline 0 -12"><span class='ocrx_word' id='word_1_42' title='bbox 413 603 510 637; x_wconf 74' lang='lat' dir='ltr'>dotis</span> <span class='ocrx_word' id='word_1_43' title='bbox 531 616 596 648; x_wconf 90' lang='lat' dir='ltr'>pro</span> <span class='ocrx_word' id='word_1_44' title='bbox 623 610 745 636; x_wconf 88' lang='lat' dir='ltr'>curato</span> <span class='ocrx_word' id='word_1_45' title='bbox 768 603 997 648; x_wconf 68' lang='lat' dir='ltr'>parrochiali,</span> <span class='ocrx_word' id='word_1_46' title='bbox 1019 603 1163 636; x_wconf 86' lang='lat' dir='ltr'>videant</span> <span class='ocrx_word' id='word_1_47' title='bbox 1189 603 1259 647; x_wconf 90' lang='lat' dir='ltr'>ipsi</span> <span class='ocrx_word' id='word_1_48' title='bbox 1284 604 1413 635; x_wconf 82' lang='lat' dir='ltr'>fratres</span> <span class='ocrx_word' id='word_1_49' title='bbox 1435 602 1618 647; x_wconf 89' lang='lat' dir='ltr'>quomodo</span> <span class='ocrx_word' id='word_1_50' title='bbox 1640 602 1937 634; x_wconf 87' lang='lat' dir='ltr'>constitutionem</span> <span class='ocrx_word' id='word_1_51' title='bbox 1960 602 2156 646; x_wconf 80' lang='lat' dir='ltr'>predictam</span> <span class='ocrx_word' id='word_1_52' title='bbox 2181 614 2187 635; x_wconf 89' lang='lat'><strong>:</strong></span> <span class='ocrx_word' id='word_1_53' title='bbox 2213 603 2280 638; x_wconf 78' lang='lat' dir='ltr'>Vas</span> 
     </span>
     <span class='ocr_line' id='line_1_6' title="bbox 413 668 2276 714; baseline -0.001 -11"><span class='ocrx_word' id='word_1_54' title='bbox 413 670 603 708; x_wconf 75' lang='lat' dir='ltr'>electionis.</span> <span class='ocrx_word' id='word_1_55' title='bbox 618 670 832 703; x_wconf 88' lang='lat' dir='ltr'>concordari</span> <span class='ocrx_word' id='word_1_56' title='bbox 849 682 920 702; x_wconf 92' lang='lat' dir='ltr'>non</span> <span class='ocrx_word' id='word_1_57' title='bbox 938 676 1076 702; x_wconf 86' lang='lat' dir='ltr'>extorte</span> <span class='ocrx_word' id='word_1_58' title='bbox 1094 681 1159 702; x_wconf 91' lang='lat' dir='ltr'>nec</span> <span class='ocrx_word' id='word_1_59' title='bbox 1178 669 1464 714; x_wconf 88' lang='lat' dir='ltr'>prejudicialiter</span> <span class='ocrx_word' id='word_1_60' title='bbox 1481 668 1640 713; x_wconf 85' lang='lat' dir='ltr'>potuerit</span> <span class='ocrx_word' id='word_1_61' title='bbox 1654 680 1734 700; x_wconf 90' lang='lat' dir='ltr'>cum</span> <span class='ocrx_word' id='word_1_62' title='bbox 1752 675 1884 701; x_wconf 86' lang='lat' dir='ltr'>statuto</span> <span class='ocrx_word' id='word_1_63' title='bbox 1899 668 2084 713; x_wconf 86' lang='lat' dir='ltr'>generalis</span> <span class='ocrx_word' id='word_1_64' title='bbox 2099 669 2276 702; x_wconf 90' lang='lat' dir='ltr'>Concilii:</span> 
     </span>
     <span class='ocr_line' id='line_1_7' title="bbox 414 735 2279 782; baseline -0.001 -11"><span class='ocrx_word' id='word_1_65' title='bbox 414 738 536 771; x_wconf 82' lang='lat' dir='ltr'>Omnis</span> <span class='ocrx_word' id='word_1_66' title='bbox 549 738 732 782; x_wconf 79' lang='lat' dir='ltr'>utriusque</span> <span class='ocrx_word' id='word_1_67' title='bbox 745 748 859 770; x_wconf 76' lang='lat' dir='ltr'>sexus.</span> <span class='ocrx_word' id='word_1_68' title='bbox 880 738 941 769; x_wconf 76' lang='lat' dir='ltr'>Est</span> <span class='ocrx_word' id='word_1_69' title='bbox 959 743 1075 769; x_wconf 88' lang='lat' dir='ltr'>antem</span> <span class='ocrx_word' id='word_1_70' title='bbox 1094 736 1267 769; x_wconf 77' lang='lat' dir='ltr'>articulus</span> <span class='ocrx_word' id='word_1_71' title='bbox 1285 737 1352 768; x_wconf 87' lang='lat' dir='ltr'>iste</span> <span class='ocrx_word' id='word_1_72' title='bbox 1370 737 1429 779; x_wconf 81' lang='lat' dir='ltr'><strong>vj¹¹⁵</strong></span> <span class='ocrx_word' id='word_1_73' title='bbox 1450 736 1486 767; x_wconf 92' lang='lat' dir='ltr'>in</span> <span class='ocrx_word' id='word_1_74' title='bbox 1507 735 1571 768; x_wconf 88' lang='lat' dir='ltr'>hac</span> <span class='ocrx_word' id='word_1_75' title='bbox 1592 736 1705 768; x_wconf 86' lang='lat' dir='ltr'>forma</span> <span class='ocrx_word' id='word_1_76' title='bbox 1729 747 1736 767; x_wconf 82' lang='lat'>2</span> <span class='ocrx_word' id='word_1_77' title='bbox 1760 749 1775 766; x_wconf 85' lang='lat'>‹&lt;</span> <span class='ocrx_word' id='word_1_78' title='bbox 1795 735 1967 777; x_wconf 86' lang='lat' dir='ltr'>Quamvis</span> <span class='ocrx_word' id='word_1_79' title='bbox 1983 736 2113 768; x_wconf 87' lang='lat' dir='ltr'>fratres</span> <span class='ocrx_word' id='word_1_80' title='bbox 2130 736 2279 769; x_wconf 84' lang='lat' dir='ltr'>admissi</span> 
     </span>
     <span class='ocr_line' id='line_1_8' title="bbox 413 801 2281 846; baseline -0.001 -10"><span class='ocrx_word' id='word_1_81' title='bbox 413 804 567 836; x_wconf 78' lang='lat' dir='ltr'>habeant,</span> <span class='ocrx_word' id='word_1_82' title='bbox 591 803 837 836; x_wconf 87' lang='lat' dir='ltr'>auctoritatem</span> <span class='ocrx_word' id='word_1_83' title='bbox 867 803 1080 835; x_wconf 85' lang='lat' dir='ltr'>absolvendi</span> <span class='ocrx_word' id='word_1_84' title='bbox 1107 810 1139 835; x_wconf 87' lang='lat' dir='ltr'>et</span> <span class='ocrx_word' id='word_1_85' title='bbox 1170 802 1342 835; x_wconf 80' lang='lat' dir='ltr'>audiendi</span> <span class='ocrx_word' id='word_1_86' title='bbox 1373 802 1641 841; x_wconf 85' lang='lat' dir='ltr'>consessiones,</span> <span class='ocrx_word' id='word_1_87' title='bbox 1671 801 1828 846; x_wconf 88' lang='lat' dir='ltr'>populus</span> <span class='ocrx_word' id='word_1_88' title='bbox 1855 801 2043 846; x_wconf 86' lang='lat' dir='ltr'>subjectus</span> <span class='ocrx_word' id='word_1_89' title='bbox 2073 814 2145 835; x_wconf 88' lang='lat' dir='ltr'>non</span> <span class='ocrx_word' id='word_1_90' title='bbox 2173 802 2281 838; x_wconf 78' lang='lat' dir='ltr'>habet</span> 
     </span>
     <span class='ocr_line' id='line_1_9' title="bbox 416 868 2278 915; baseline -0.001 -12"><span class='ocrx_word' id='word_1_91' title='bbox 416 877 625 915; x_wconf 82' lang='lat' dir='ltr'>potestatem</span> <span class='ocrx_word' id='word_1_92' title='bbox 649 870 845 903; x_wconf 80' lang='lat' dir='ltr'>accedendi</span> <span class='ocrx_word' id='word_1_93' title='bbox 866 870 909 902; x_wconf 90' lang='lat' dir='ltr'>ad</span> <span class='ocrx_word' id='word_1_94' title='bbox 926 869 1175 902; x_wconf 84' lang='lat' dir='ltr'>Mendicantes</span> <span class='ocrx_word' id='word_1_95' title='bbox 1197 869 1377 901; x_wconf 87' lang='lat' dir='ltr'>admissos</span> <span class='ocrx_word' id='word_1_96' title='bbox 1400 869 1478 901; x_wconf 86' lang='lat' dir='ltr'>sinc</span> <span class='ocrx_word' id='word_1_97' title='bbox 1499 868 1643 901; x_wconf 90' lang='lat' dir='ltr'>licentia</span> <span class='ocrx_word' id='word_1_98' title='bbox 1666 869 1803 913; x_wconf 90' lang='lat' dir='ltr'>proprii</span> <span class='ocrx_word' id='word_1_99' title='bbox 1821 868 2022 901; x_wconf 81' lang='lat' dir='ltr'>sacerdotis</span> <span class='ocrx_word' id='word_1_100' title='bbox 2041 882 2070 901; x_wconf 72' lang='lat' dir='ltr'>n.</span> <span class='ocrx_word' id='word_1_101' title='bbox 2094 870 2166 901; x_wconf 89' lang='lat' dir='ltr'>Hec</span> <span class='ocrx_word' id='word_1_102' title='bbox 2184 869 2278 901; x_wconf 91' lang='lat' dir='ltr'>enim</span> 
     </span>
     <span class='ocr_line' id='line_1_10' title="bbox 415 935 2278 981; baseline -0.001 -12"><span class='ocrx_word' id='word_1_103' title='bbox 415 937 573 969; x_wconf 83' lang='lat' dir='ltr'>secunda</span> <span class='ocrx_word' id='word_1_104' title='bbox 605 949 686 981; x_wconf 88' lang='lat' dir='ltr'>pars</span> <span class='ocrx_word' id='word_1_105' title='bbox 714 949 796 969; x_wconf 78' lang='lat' dir='ltr'>vcra</span> <span class='ocrx_word' id='word_1_106' title='bbox 828 943 882 969; x_wconf 91' lang='lat' dir='ltr'>est</span> <span class='ocrx_word' id='word_1_107' title='bbox 913 936 1128 981; x_wconf 88' lang='lat' dir='ltr'>appellando</span> <span class='ocrx_word' id='word_1_108' title='bbox 1160 936 1385 968; x_wconf 78' lang='lat' dir='ltr'>sacerdotem</span> <span class='ocrx_word' id='word_1_109' title='bbox 1420 935 1617 980; x_wconf 84' lang='lat' dir='ltr'>quemlibet</span> <span class='ocrx_word' id='word_1_110' title='bbox 1648 935 1776 968; x_wconf 92' lang='lat' dir='ltr'>horum</span> <span class='ocrx_word' id='word_1_111' title='bbox 1807 937 1928 975; x_wconf 89' lang='lat' dir='ltr'>trium,</span> <span class='ocrx_word' id='word_1_112' title='bbox 1968 935 2107 968; x_wconf 87' lang='lat' dir='ltr'>scilicet</span> <span class='ocrx_word' id='word_1_113' title='bbox 2138 948 2278 980; x_wconf 86' lang='lat' dir='ltr'>papam,</span> 
     </span>
     <span class='ocr_line' id='line_1_11' title="bbox 414 1001 2279 1048; baseline -0.001 -13"><span class='ocrx_word' id='word_1_114' title='bbox 414 1004 625 1048; x_wconf 82' lang='lat' dir='ltr'>episcopum</span> <span class='ocrx_word' id='word_1_115' title='bbox 648 1010 682 1035; x_wconf 91' lang='lat' dir='ltr'>et</span> <span class='ocrx_word' id='word_1_116' title='bbox 702 1009 877 1043; x_wconf 82' lang='lat' dir='ltr'>curatum,</span> <span class='ocrx_word' id='word_1_117' title='bbox 901 1003 995 1035; x_wconf 84' lang='lat' dir='ltr'>sicut</span> <span class='ocrx_word' id='word_1_118' title='bbox 1014 1003 1143 1035; x_wconf 84' lang='lat' dir='ltr'>fratres</span> <span class='ocrx_word' id='word_1_119' title='bbox 1172 1008 1369 1046; x_wconf 85' lang='lat' dir='ltr'>exponunt.</span> <span class='ocrx_word' id='word_1_120' title='bbox 1400 1001 1592 1034; x_wconf 82' lang='lat' dir='ltr'>Nescimus</span> <span class='ocrx_word' id='word_1_121' title='bbox 1620 1008 1784 1046; x_wconf 89' lang='lat' dir='ltr'>preterea</span> <span class='ocrx_word' id='word_1_122' title='bbox 1812 1014 1883 1046; x_wconf 87' lang='lat' dir='ltr'>quo</span> <span class='ocrx_word' id='word_1_123' title='bbox 1912 1008 2118 1034; x_wconf 87' lang='lat' dir='ltr'>commento</span> <span class='ocrx_word' id='word_1_124' title='bbox 2141 1002 2279 1047; x_wconf 89' lang='lat' dir='ltr'>primus</span> 
     </span>
     <span class='ocr_line' id='line_1_12' title="bbox 413 1068 2279 1113; baseline -0.001 -11"><span class='ocrx_word' id='word_1_125' title='bbox 413 1070 586 1102; x_wconf 75' lang='lat' dir='ltr'>articulus</span> <span class='ocrx_word' id='word_1_126' title='bbox 604 1070 697 1102; x_wconf 91' lang='lat' dir='ltr'>inter</span> <span class='ocrx_word' id='word_1_127' title='bbox 713 1076 793 1102; x_wconf 90' lang='lat' dir='ltr'>octo</span> <span class='ocrx_word' id='word_1_128' title='bbox 812 1069 950 1102; x_wconf 85' lang='lat' dir='ltr'>dicatur</span> <span class='ocrx_word' id='word_1_129' title='bbox 966 1069 1081 1101; x_wconf 84' lang='lat' dir='ltr'>fuisse</span> <span class='ocrx_word' id='word_1_130' title='bbox 1098 1069 1312 1113; x_wconf 88' lang='lat' dir='ltr'>dampnatus</span> <span class='ocrx_word' id='word_1_131' title='bbox 1330 1080 1393 1113; x_wconf 90' lang='lat' dir='ltr'>per</span> <span class='ocrx_word' id='word_1_132' title='bbox 1408 1068 1607 1101; x_wconf 86' lang='lat' dir='ltr'>Johanncm</span> <span class='ocrx_word' id='word_1_133' title='bbox 1626 1069 1741 1109; x_wconf 86' lang='lat' dir='ltr'>XXII,</span> <span class='ocrx_word' id='word_1_134' title='bbox 1758 1068 1941 1113; x_wconf 87' lang='lat' dir='ltr'>quoniam,</span> <span class='ocrx_word' id='word_1_135' title='bbox 1960 1068 1997 1101; x_wconf 89' lang='lat' dir='ltr'>in</span> <span class='ocrx_word' id='word_1_136' title='bbox 2017 1068 2279 1102; x_wconf 87' lang='lat' dir='ltr'>constitutione</span> 
     </span>
     <span class='ocr_line' id='line_1_13' title="bbox 420 1135 2279 1180; baseline -0.001 -11"><span class='ocrx_word' id='word_1_137' title='bbox 420 1138 486 1169; x_wconf 69' lang='lat' dir='ltr'>Vas</span> <span class='ocrx_word' id='word_1_138' title='bbox 510 1137 702 1174; x_wconf 73' lang='lat' dir='ltr'>electionis,</span> <span class='ocrx_word' id='word_1_139' title='bbox 725 1136 847 1168; x_wconf 83' lang='lat' dir='ltr'>nullus</span> <span class='ocrx_word' id='word_1_140' title='bbox 874 1137 909 1168; x_wconf 91' lang='lat' dir='ltr'>in</span> <span class='ocrx_word' id='word_1_141' title='bbox 936 1137 1048 1169; x_wconf 88' lang='lat' dir='ltr'>sorma</span> <span class='ocrx_word' id='word_1_142' title='bbox 1077 1136 1158 1168; x_wconf 82' lang='lat' dir='ltr'>talis</span> <span class='ocrx_word' id='word_1_143' title='bbox 1184 1136 1359 1168; x_wconf 86' lang='lat' dir='ltr'>articulus</span> <span class='ocrx_word' id='word_1_144' title='bbox 1385 1136 1605 1176; x_wconf 75' lang='lat' dir='ltr'>continetur,</span> <span class='ocrx_word' id='word_1_145' title='bbox 1629 1135 1780 1176; x_wconf 78' lang='lat' dir='ltr'>scilicet,</span> <span class='ocrx_word' id='word_1_146' title='bbox 1809 1150 1824 1166; x_wconf 83' lang='lat'>«</span> <span class='ocrx_word' id='word_1_147' title='bbox 1849 1136 1945 1180; x_wconf 91' lang='lat' dir='ltr'>quod</span> <span class='ocrx_word' id='word_1_148' title='bbox 1966 1136 2159 1168; x_wconf 87' lang='lat' dir='ltr'>confessus</span> <span class='ocrx_word' id='word_1_149' title='bbox 2180 1136 2279 1169; x_wconf 86' lang='lat' dir='ltr'>fratri</span> 
     </span>
     <span class='ocr_line' id='line_1_14' title="bbox 412 1202 2277 1247; baseline 0 -11"><span class='ocrx_word' id='word_1_150' title='bbox 412 1204 571 1236; x_wconf 83' lang='lat' dir='ltr'>admisso</span> <span class='ocrx_word' id='word_1_151' title='bbox 598 1204 633 1236; x_wconf 91' lang='lat' dir='ltr'>in</span> <span class='ocrx_word' id='word_1_152' title='bbox 659 1204 771 1235; x_wconf 91' lang='lat' dir='ltr'>sorma</span> <span class='ocrx_word' id='word_1_153' title='bbox 797 1203 938 1236; x_wconf 78' lang='lat' dir='ltr'>Dudum</span> <span class='ocrx_word' id='word_1_154' title='bbox 969 1210 1133 1236; x_wconf 88' lang='lat' dir='ltr'>teneatur</span> <span class='ocrx_word' id='word_1_155' title='bbox 1161 1203 1284 1235; x_wconf 88' lang='lat' dir='ltr'>eadem</span> <span class='ocrx_word' id='word_1_156' title='bbox 1319 1209 1462 1247; x_wconf 83' lang='lat' dir='ltr'>peccata</span> <span class='ocrx_word' id='word_1_157' title='bbox 1490 1203 1526 1234; x_wconf 94' lang='lat' dir='ltr'>in</span> <span class='ocrx_word' id='word_1_158' title='bbox 1555 1214 1706 1235; x_wconf 86' lang='lat' dir='ltr'>numero</span> <span class='ocrx_word' id='word_1_159' title='bbox 1735 1203 1865 1235; x_wconf 81' lang='lat' dir='ltr'>iteruin</span> <span class='ocrx_word' id='word_1_160' title='bbox 1898 1209 2021 1235; x_wconf 89' lang='lat' dir='ltr'>curato</span> <span class='ocrx_word' id='word_1_161' title='bbox 2052 1202 2218 1236; x_wconf 82' lang='lat' dir='ltr'>confiteri</span> <span class='ocrx_word' id='word_1_162' title='bbox 2247 1217 2277 1236; x_wconf 72' lang='lat' dir='ltr'>n.</span> 
     </span>
     <span class='ocr_line' id='line_1_15' title="bbox 412 1269 2278 1315; baseline -0.001 -12"><span class='ocrx_word' id='word_1_163' title='bbox 412 1271 522 1303; x_wconf 82' lang='lat' dir='ltr'>Multa</span> <span class='ocrx_word' id='word_1_164' title='bbox 545 1271 642 1315; x_wconf 90' lang='lat' dir='ltr'>ponit</span> <span class='ocrx_word' id='word_1_165' title='bbox 671 1271 706 1302; x_wconf 92' lang='lat' dir='ltr'>in</span> <span class='ocrx_word' id='word_1_166' title='bbox 735 1270 830 1302; x_wconf 91' lang='lat' dir='ltr'>hunc</span> <span class='ocrx_word' id='word_1_167' title='bbox 858 1270 1003 1302; x_wconf 90' lang='lat' dir='ltr'>modum</span> <span class='ocrx_word' id='word_1_168' title='bbox 1034 1270 1136 1315; x_wconf 87' lang='lat' dir='ltr'>copia</span> <span class='ocrx_word' id='word_1_169' title='bbox 1166 1269 1265 1302; x_wconf 84' lang='lat' dir='ltr'>hulle</span> <span class='ocrx_word' id='word_1_170' title='bbox 1293 1269 1405 1310; x_wconf 92' lang='lat' dir='ltr'>illius,</span> <span class='ocrx_word' id='word_1_171' title='bbox 1429 1282 1498 1314; x_wconf 89' lang='lat' dir='ltr'>que</span> <span class='ocrx_word' id='word_1_172' title='bbox 1523 1269 1579 1302; x_wconf 87' lang='lat' dir='ltr'>vel</span> <span class='ocrx_word' id='word_1_173' title='bbox 1610 1269 1915 1314; x_wconf 80' lang='lat' dir='ltr'>reprehensibilia</span> <span class='ocrx_word' id='word_1_174' title='bbox 1944 1276 2040 1310; x_wconf 90' lang='lat' dir='ltr'>sunt,</span> <span class='ocrx_word' id='word_1_175' title='bbox 2064 1270 2121 1303; x_wconf 88' lang='lat' dir='ltr'>vel</span> <span class='ocrx_word' id='word_1_176' title='bbox 2149 1270 2278 1315; x_wconf 85' lang='lat' dir='ltr'>glosis,</span> 
     </span>
     <span class='ocr_line' id='line_1_16' title="bbox 411 1336 2280 1382; baseline 0.001 -13"><span class='ocrx_word' id='word_1_177' title='bbox 411 1350 479 1382; x_wconf 86' lang='lat' dir='ltr'>quo</span> <span class='ocrx_word' id='word_1_178' title='bbox 502 1337 753 1382; x_wconf 87' lang='lat' dir='ltr'>prohibentur,</span> <span class='ocrx_word' id='word_1_179' title='bbox 781 1337 938 1381; x_wconf 77' lang='lat' dir='ltr'>egentia,</span> <span class='ocrx_word' id='word_1_180' title='bbox 968 1349 1046 1369; x_wconf 90' lang='lat' dir='ltr'>cum</span> <span class='ocrx_word' id='word_1_181' title='bbox 1079 1343 1197 1369; x_wconf 82' lang='lat' dir='ltr'>textus</span> <span class='ocrx_word' id='word_1_182' title='bbox 1230 1349 1301 1369; x_wconf 91' lang='lat' dir='ltr'>non</span> <span class='ocrx_word' id='word_1_183' title='bbox 1332 1337 1544 1381; x_wconf 81' lang='lat' dir='ltr'>distinguat.</span> <span class='ocrx_word' id='word_1_184' title='bbox 1568 1336 1662 1379; x_wconf 86' lang='lat' dir='ltr'>Quid</span> <span class='ocrx_word' id='word_1_185' title='bbox 1694 1348 1835 1377; x_wconf 81' lang='lat' dir='ltr'>rursus,</span> <span class='ocrx_word' id='word_1_186' title='bbox 1867 1337 1964 1381; x_wconf 90' lang='lat' dir='ltr'>quod</span> <span class='ocrx_word' id='word_1_187' title='bbox 1993 1336 2135 1369; x_wconf 82' lang='lat' dir='ltr'>articuli</span> <span class='ocrx_word' id='word_1_188' title='bbox 2156 1338 2204 1370; x_wconf 88' lang='lat' dir='ltr'>XI</span> <span class='ocrx_word' id='word_1_189' title='bbox 2228 1337 2280 1371; x_wconf 90' lang='lat' dir='ltr'>sic</span> 
     </span>
     <span class='ocr_line' id='line_1_17' title="bbox 411 1403 2279 1448; baseline 0.001 -12"><span class='ocrx_word' id='word_1_190' title='bbox 411 1405 592 1448; x_wconf 89' lang='lat' dir='ltr'>dampnati</span> <span class='ocrx_word' id='word_1_191' title='bbox 613 1404 712 1437; x_wconf 85' lang='lat' dir='ltr'>velut</span> <span class='ocrx_word' id='word_1_192' title='bbox 733 1403 883 1436; x_wconf 87' lang='lat' dir='ltr'>hereses</span> <span class='ocrx_word' id='word_1_193' title='bbox 906 1403 1014 1436; x_wconf 87' lang='lat' dir='ltr'>multa</span> <span class='ocrx_word' id='word_1_194' title='bbox 1036 1403 1233 1448; x_wconf 83' lang='lat' dir='ltr'>implicant,</span> <span class='ocrx_word' id='word_1_195' title='bbox 1253 1416 1404 1448; x_wconf 89' lang='lat' dir='ltr'>quorum</span> <span class='ocrx_word' id='word_1_196' title='bbox 1424 1403 1556 1436; x_wconf 79' lang='lat' dir='ltr'>veritas</span> <span class='ocrx_word' id='word_1_197' title='bbox 1573 1410 1632 1436; x_wconf 92' lang='lat' dir='ltr'>aut</span> <span class='ocrx_word' id='word_1_198' title='bbox 1648 1403 1786 1436; x_wconf 87' lang='lat' dir='ltr'>salsitas</span> <span class='ocrx_word' id='word_1_199' title='bbox 1803 1403 2042 1448; x_wconf 88' lang='lat' dir='ltr'>impertinens</span> <span class='ocrx_word' id='word_1_200' title='bbox 2059 1410 2115 1436; x_wconf 87' lang='lat' dir='ltr'>est</span> <span class='ocrx_word' id='word_1_201' title='bbox 2135 1404 2279 1448; x_wconf 87' lang='lat' dir='ltr'>penitus</span> 
     </span>
     <span class='ocr_line' id='line_1_18' title="bbox 411 1470 2277 1516; baseline 0 -13"><span class='ocrx_word' id='word_1_202' title='bbox 411 1472 453 1503; x_wconf 92' lang='lat' dir='ltr'>ad</span> <span class='ocrx_word' id='word_1_203' title='bbox 476 1484 514 1503; x_wconf 90' lang='lat' dir='ltr'>ca</span> <span class='ocrx_word' id='word_1_204' title='bbox 537 1484 606 1516; x_wconf 90' lang='lat' dir='ltr'>quc</span> <span class='ocrx_word' id='word_1_205' title='bbox 633 1477 717 1503; x_wconf 83' lang='lat' dir='ltr'>sunt</span> <span class='ocrx_word' id='word_1_206' title='bbox 738 1471 835 1511; x_wconf 86' lang='lat' dir='ltr'>fidei,</span> <span class='ocrx_word' id='word_1_207' title='bbox 858 1483 1009 1515; x_wconf 87' lang='lat' dir='ltr'>quorum</span> <span class='ocrx_word' id='word_1_208' title='bbox 1040 1471 1191 1515; x_wconf 89' lang='lat' dir='ltr'>perinde</span> <span class='ocrx_word' id='word_1_209' title='bbox 1215 1471 1369 1503; x_wconf 73' lang='lat' dir='ltr'>assertio</span> <span class='ocrx_word' id='word_1_210' title='bbox 1396 1470 1452 1503; x_wconf 80' lang='lat' dir='ltr'>vel</span> <span class='ocrx_word' id='word_1_211' title='bbox 1480 1471 1639 1515; x_wconf 83' lang='lat' dir='ltr'>negatio,</span> <span class='ocrx_word' id='word_1_212' title='bbox 1662 1477 1796 1515; x_wconf 90' lang='lat' dir='ltr'>quanto</span> <span class='ocrx_word' id='word_1_213' title='bbox 1827 1471 1946 1503; x_wconf 90' lang='lat' dir='ltr'>minus</span> <span class='ocrx_word' id='word_1_214' title='bbox 1976 1470 2145 1515; x_wconf 88' lang='lat' dir='ltr'>glosatio,</span> <span class='ocrx_word' id='word_1_215' title='bbox 2176 1470 2277 1504; x_wconf 92' lang='lat' dir='ltr'>nullo</span> 
     </span>
     <span class='ocr_line' id='line_1_19' title="bbox 417 1537 2278 1583; baseline 0 -12"><span class='ocrx_word' id='word_1_216' title='bbox 417 1545 517 1583; x_wconf 85' lang='lat' dir='ltr'>pacto</span> <span class='ocrx_word' id='word_1_217' title='bbox 540 1538 658 1571; x_wconf 85' lang='lat' dir='ltr'>reddit</span> <span class='ocrx_word' id='word_1_218' title='bbox 679 1538 859 1570; x_wconf 89' lang='lat' dir='ltr'>hominem</span> <span class='ocrx_word' id='word_1_219' title='bbox 884 1545 1061 1582; x_wconf 78' lang='lat' dir='ltr'>tamquam</span> <span class='ocrx_word' id='word_1_220' title='bbox 1084 1538 1129 1570; x_wconf 88' lang='lat' dir='ltr'>sit</span> <span class='ocrx_word' id='word_1_221' title='bbox 1149 1537 1332 1570; x_wconf 86' lang='lat' dir='ltr'>hereticus</span> <span class='ocrx_word' id='word_1_222' title='bbox 1360 1537 1567 1570; x_wconf 86' lang='lat' dir='ltr'>censendus</span> <span class='ocrx_word' id='word_1_223' title='bbox 1593 1544 1627 1570; x_wconf 85' lang='lat' dir='ltr'>et</span> <span class='ocrx_word' id='word_1_224' title='bbox 1654 1537 1878 1570; x_wconf 85' lang='lat' dir='ltr'>anathemate</span> <span class='ocrx_word' id='word_1_225' title='bbox 1910 1537 2064 1570; x_wconf 84' lang='lat' dir='ltr'>terribili</span> <span class='ocrx_word' id='word_1_226' title='bbox 2090 1537 2278 1571; x_wconf 86' lang='lat' dir='ltr'>feriendus</span> 
     </span>
     <span class='ocr_line' id='line_1_20' title="bbox 411 1604 2203 1650; baseline -0.001 -12"><span class='ocrx_word' id='word_1_227' title='bbox 411 1612 445 1638; x_wconf 82' lang='lat' dir='ltr'>ct</span> <span class='ocrx_word' id='word_1_228' title='bbox 462 1617 525 1650; x_wconf 90' lang='lat' dir='ltr'>per</span> <span class='ocrx_word' id='word_1_229' title='bbox 546 1606 808 1638; x_wconf 86' lang='lat' dir='ltr'>invocationem</span> <span class='ocrx_word' id='word_1_230' title='bbox 828 1605 964 1637; x_wconf 81' lang='lat' dir='ltr'>brachii</span> <span class='ocrx_word' id='word_1_231' title='bbox 985 1605 1161 1637; x_wconf 86' lang='lat' dir='ltr'>secularis</span> <span class='ocrx_word' id='word_1_232' title='bbox 1182 1604 1448 1646; x_wconf 74' lang='lat' dir='ltr'>cohercendus,</span> <span class='ocrx_word' id='word_1_233' title='bbox 1473 1605 1730 1650; x_wconf 87' lang='lat' dir='ltr'>presupposito</span> <span class='ocrx_word' id='word_1_234' title='bbox 1753 1617 1794 1638; x_wconf 84' lang='lat' dir='ltr'>ex</span> <span class='ocrx_word' id='word_1_235' title='bbox 1812 1605 1976 1638; x_wconf 89' lang='lat' dir='ltr'>doctrina</span> <span class='ocrx_word' id='word_1_236' title='bbox 1997 1604 2203 1650; x_wconf 86' lang='lat' dir='ltr'>theologica</span> 
     </span>
     <span class='ocr_line' id='line_1_21' title="bbox 413 1671 2277 1717; baseline -0.001 -12"><span class='ocrx_word' id='word_1_237' title='bbox 413 1673 508 1716; x_wconf 92' lang='lat' dir='ltr'>quod</span> <span class='ocrx_word' id='word_1_238' title='bbox 532 1684 635 1705; x_wconf 93' lang='lat' dir='ltr'>nemo</span> <span class='ocrx_word' id='word_1_239' title='bbox 657 1672 864 1704; x_wconf 84' lang='lat' dir='ltr'>censendus</span> <span class='ocrx_word' id='word_1_240' title='bbox 886 1678 939 1704; x_wconf 82' lang='lat' dir='ltr'>cst</span> <span class='ocrx_word' id='word_1_241' title='bbox 958 1671 1155 1713; x_wconf 83' lang='lat' dir='ltr'>hereticus,</span> <span class='ocrx_word' id='word_1_242' title='bbox 1174 1672 1244 1704; x_wconf 90' lang='lat' dir='ltr'>nisi</span> <span class='ocrx_word' id='word_1_243' title='bbox 1266 1672 1482 1717; x_wconf 89' lang='lat' dir='ltr'>depravatus</span> <span class='ocrx_word' id='word_1_244' title='bbox 1504 1672 1551 1705; x_wconf 87' lang='lat' dir='ltr'>sit</span> <span class='ocrx_word' id='word_1_245' title='bbox 1571 1684 1635 1717; x_wconf 90' lang='lat' dir='ltr'>per</span> <span class='ocrx_word' id='word_1_246' title='bbox 1659 1684 1819 1704; x_wconf 86' lang='lat' dir='ltr'>errorem</span> <span class='ocrx_word' id='word_1_247' title='bbox 1843 1678 1966 1704; x_wconf 89' lang='lat' dir='ltr'>contra</span> <span class='ocrx_word' id='word_1_248' title='bbox 1988 1671 2095 1704; x_wconf 89' lang='lat' dir='ltr'>fidem</span> <span class='ocrx_word' id='word_1_249' title='bbox 2117 1672 2154 1704; x_wconf 90' lang='lat' dir='ltr'>in</span> <span class='ocrx_word' id='word_1_250' title='bbox 2174 1671 2277 1705; x_wconf 86' lang='lat' dir='ltr'>intel·</span> 
     </span>
     <span class='ocr_line' id='line_1_22' title="bbox 413 1738 2139 1784; baseline 0 -13"><span class='ocrx_word' id='word_1_251' title='bbox 413 1739 505 1771; x_wconf 89' lang='lat' dir='ltr'>lectu</span> <span class='ocrx_word' id='word_1_252' title='bbox 525 1746 557 1771; x_wconf 89' lang='lat' dir='ltr'>ct</span> <span class='ocrx_word' id='word_1_253' title='bbox 581 1751 643 1784; x_wconf 87' lang='lat' dir='ltr'>per</span> <span class='ocrx_word' id='word_1_254' title='bbox 659 1738 939 1771; x_wconf 82' lang='lat' dir='ltr'>obstinationem</span> <span class='ocrx_word' id='word_1_255' title='bbox 962 1738 1018 1771; x_wconf 85' lang='lat' dir='ltr'>vel</span> <span class='ocrx_word' id='word_1_256' title='bbox 1040 1739 1285 1783; x_wconf 82' lang='lat' dir='ltr'>pertinaciam,</span> <span class='ocrx_word' id='word_1_257' title='bbox 1309 1751 1380 1772; x_wconf 90' lang='lat' dir='ltr'>non</span> <span class='ocrx_word' id='word_1_258' title='bbox 1404 1751 1467 1784; x_wconf 91' lang='lat' dir='ltr'>per</span> <span class='ocrx_word' id='word_1_259' title='bbox 1489 1739 1600 1772; x_wconf 90' lang='lat' dir='ltr'>solam</span> <span class='ocrx_word' id='word_1_260' title='bbox 1621 1739 1930 1784; x_wconf 88' lang='lat' dir='ltr'>presumptionem</span> <span class='ocrx_word' id='word_1_261' title='bbox 1953 1739 1990 1771; x_wconf 90' lang='lat' dir='ltr'>in</span> <span class='ocrx_word' id='word_1_262' title='bbox 2010 1738 2139 1771; x_wconf 84' lang='lat' dir='ltr'>affectu</span> 
     </span>
     <span class='ocr_line' id='line_1_23' title="bbox 501 1805 2279 1850; baseline 0 -12"><span class='ocrx_word' id='word_1_263' title='bbox 501 1808 563 1838; x_wconf 83' lang='lat' dir='ltr'>Est</span> <span class='ocrx_word' id='word_1_264' title='bbox 584 1806 695 1850; x_wconf 78' lang='lat' dir='ltr'>igitur</span> <span class='ocrx_word' id='word_1_265' title='bbox 715 1805 956 1838; x_wconf 86' lang='lat' dir='ltr'>intolerabilis</span> <span class='ocrx_word' id='word_1_266' title='bbox 983 1806 1188 1850; x_wconf 86' lang='lat' dir='ltr'>dampnatio</span> <span class='ocrx_word' id='word_1_267' title='bbox 1210 1806 1303 1838; x_wconf 90' lang='lat' dir='ltr'>talis.</span> <span class='ocrx_word' id='word_1_268' title='bbox 1332 1806 1542 1850; x_wconf 82' lang='lat' dir='ltr'>Adjecimus</span> <span class='ocrx_word' id='word_1_269' title='bbox 1565 1818 1640 1838; x_wconf 87' lang='lat' dir='ltr'>eam</span> <span class='ocrx_word' id='word_1_270' title='bbox 1664 1818 1746 1839; x_wconf 87' lang='lat' dir='ltr'>esse</span> <span class='ocrx_word' id='word_1_271' title='bbox 1773 1806 1884 1838; x_wconf 88' lang='lat' dir='ltr'>totius</span> <span class='ocrx_word' id='word_1_272' title='bbox 1905 1805 2143 1838; x_wconf 87' lang='lat' dir='ltr'>ecclesiastici</span> <span class='ocrx_word' id='word_1_273' title='bbox 2165 1812 2279 1838; x_wconf 87' lang='lat' dir='ltr'>status</span> 
     </span>
     <span class='ocr_line' id='line_1_24' title="bbox 414 1872 2279 1918; baseline -0.001 -13"><span class='ocrx_word' id='word_1_274' title='bbox 414 1873 639 1906; x_wconf 78' lang='lat' dir='ltr'>turbativam.</span> <span class='ocrx_word' id='word_1_275' title='bbox 663 1872 767 1914; x_wconf 82' lang='lat' dir='ltr'>Quod</span> <span class='ocrx_word' id='word_1_276' title='bbox 789 1873 1037 1905; x_wconf 74' lang='lat' dir='ltr'>existimamus</span> <span class='ocrx_word' id='word_1_277' title='bbox 1060 1879 1180 1917; x_wconf 88' lang='lat' dir='ltr'>patere</span> <span class='ocrx_word' id='word_1_278' title='bbox 1198 1879 1269 1905; x_wconf 90' lang='lat' dir='ltr'>tum</span> <span class='ocrx_word' id='word_1_279' title='bbox 1292 1885 1334 1905; x_wconf 86' lang='lat' dir='ltr'>ex</span> <span class='ocrx_word' id='word_1_280' title='bbox 1358 1873 1561 1918; x_wconf 74' lang='lat' dir='ltr'>premissis,</span> <span class='ocrx_word' id='word_1_281' title='bbox 1579 1880 1651 1906; x_wconf 89' lang='lat' dir='ltr'>tum</span> <span class='ocrx_word' id='word_1_282' title='bbox 1670 1885 1713 1905; x_wconf 89' lang='lat' dir='ltr'>ex</span> <span class='ocrx_word' id='word_1_283' title='bbox 1730 1872 1959 1917; x_wconf 87' lang='lat' dir='ltr'>inspectione</span> <span class='ocrx_word' id='word_1_284' title='bbox 1976 1879 2133 1905; x_wconf 88' lang='lat' dir='ltr'>statuum</span> <span class='ocrx_word' id='word_1_285' title='bbox 2154 1872 2279 1918; x_wconf 87' lang='lat' dir='ltr'>singu-</span> 
     </span>
     <span class='ocr_line' id='line_1_25' title="bbox 414 1939 2278 1984; baseline -0.001 -11"><span class='ocrx_word' id='word_1_286' title='bbox 414 1940 528 1973; x_wconf 93' lang='lat' dir='ltr'>lorum</span> <span class='ocrx_word' id='word_1_287' title='bbox 552 1940 587 1972; x_wconf 91' lang='lat' dir='ltr'>in</span> <span class='ocrx_word' id='word_1_288' title='bbox 609 1939 764 1972; x_wconf 83' lang='lat' dir='ltr'>ccclesia</span> <span class='ocrx_word' id='word_1_289' title='bbox 786 1939 1019 1984; x_wconf 70' lang='lat' dir='ltr'>prelatorum,</span> <span class='ocrx_word' id='word_1_290' title='bbox 1043 1940 1180 1972; x_wconf 91' lang='lat' dir='ltr'>scilicet</span> <span class='ocrx_word' id='word_1_291' title='bbox 1206 1947 1240 1972; x_wconf 90' lang='lat' dir='ltr'>et</span> <span class='ocrx_word' id='word_1_292' title='bbox 1260 1940 1489 1974; x_wconf 89' lang='lat' dir='ltr'>dominorum</span> <span class='ocrx_word' id='word_1_293' title='bbox 1513 1940 1731 1973; x_wconf 88' lang='lat' dir='ltr'>secularium</span> <span class='ocrx_word' id='word_1_294' title='bbox 1754 1946 1790 1972; x_wconf 92' lang='lat' dir='ltr'>et</span> <span class='ocrx_word' id='word_1_295' title='bbox 1810 1939 1897 1972; x_wconf 90' lang='lat' dir='ltr'>cleri</span> <span class='ocrx_word' id='word_1_296' title='bbox 1919 1946 1952 1972; x_wconf 90' lang='lat' dir='ltr'>et</span> <span class='ocrx_word' id='word_1_297' title='bbox 1973 1939 2098 1984; x_wconf 88' lang='lat' dir='ltr'>populi</span> <span class='ocrx_word' id='word_1_298' title='bbox 2120 1947 2156 1972; x_wconf 86' lang='lat' dir='ltr'>et</span> <span class='ocrx_word' id='word_1_299' title='bbox 2178 1939 2278 1984; x_wconf 89' lang='lat' dir='ltr'>ipso—</span> 
     </span>
     <span class='ocr_line' id='line_1_26' title="bbox 415 2006 2277 2052; baseline 0 -13"><span class='ocrx_word' id='word_1_300' title='bbox 415 2020 489 2039; x_wconf 91' lang='lat' dir='ltr'>rum</span> <span class='ocrx_word' id='word_1_301' title='bbox 512 2007 782 2051; x_wconf 84' lang='lat' dir='ltr'>religiosorum.</span> <span class='ocrx_word' id='word_1_302' title='bbox 806 2006 941 2039; x_wconf 74' lang='lat' dir='ltr'>&#39;rm-bai</span> <span class='ocrx_word' id='word_1_303' title='bbox 962 2007 1081 2051; x_wconf 89' lang='lat' dir='ltr'>itaque</span> <span class='ocrx_word' id='word_1_304' title='bbox 1104 2007 1219 2051; x_wconf 90' lang='lat' dir='ltr'>primo</span> <span class='ocrx_word' id='word_1_305' title='bbox 1247 2014 1375 2040; x_wconf 76' lang='lat' dir='ltr'>statum</span> <span class='ocrx_word' id='word_1_306' title='bbox 1406 2007 1567 2052; x_wconf 89' lang='lat' dir='ltr'>ipsorum</span> <span class='ocrx_word' id='word_1_307' title='bbox 1597 2008 1743 2040; x_wconf 83' lang='lat' dir='ltr'>fratrum</span> <span class='ocrx_word' id='word_1_308' title='bbox 1778 2007 2061 2039; x_wconf 89' lang='lat' dir='ltr'>Mendicantium</span> <span class='ocrx_word' id='word_1_309' title='bbox 2089 2013 2124 2039; x_wconf 88' lang='lat' dir='ltr'>et</span> <span class='ocrx_word' id='word_1_310' title='bbox 2148 2017 2277 2039; x_wconf 88' lang='lat' dir='ltr'>conse-</span> 
     </span>
     <span class='ocr_line' id='line_1_27' title="bbox 414 2073 2277 2119; baseline -0.001 -12"><span class='ocrx_word' id='word_1_311' title='bbox 414 2081 567 2119; x_wconf 87' lang='lat' dir='ltr'>quenter</span> <span class='ocrx_word' id='word_1_312' title='bbox 589 2073 739 2106; x_wconf 89' lang='lat' dir='ltr'>alterum</span> <span class='ocrx_word' id='word_1_313' title='bbox 763 2073 960 2118; x_wconf 83' lang='lat' dir='ltr'>quemlibet</span> <span class='ocrx_word' id='word_1_314' title='bbox 987 2074 1188 2118; x_wconf 87' lang='lat' dir='ltr'>indisponit</span> <span class='ocrx_word' id='word_1_315' title='bbox 1213 2086 1323 2118; x_wconf 87' lang='lat' dir='ltr'>quare</span> <span class='ocrx_word' id='word_1_316' title='bbox 1349 2081 1381 2107; x_wconf 92' lang='lat' dir='ltr'>et</span> <span class='ocrx_word' id='word_1_317' title='bbox 1403 2074 1484 2119; x_wconf 86' lang='lat' dir='ltr'>quia</span> <span class='ocrx_word' id='word_1_318' title='bbox 1509 2081 1606 2107; x_wconf 91' lang='lat' dir='ltr'>certe</span> <span class='ocrx_word' id='word_1_319' title='bbox 1628 2074 1732 2107; x_wconf 87' lang='lat' dir='ltr'>datur</span> <span class='ocrx_word' id='word_1_320' title='bbox 1753 2074 2032 2107; x_wconf 88' lang='lat' dir='ltr'>instrumentum</span> <span class='ocrx_word' id='word_1_321' title='bbox 2055 2073 2113 2106; x_wconf 91' lang='lat' dir='ltr'>vel</span> <span class='ocrx_word' id='word_1_322' title='bbox 2134 2073 2277 2106; x_wconf 86' lang='lat' dir='ltr'>occasio</span> 
     </span>
     <span class='ocr_line' id='line_1_28' title="bbox 414 2140 2277 2186; baseline -0.001 -13"><span class='ocrx_word' id='word_1_323' title='bbox 414 2141 535 2173; x_wconf 90' lang='lat' dir='ltr'>multis</span> <span class='ocrx_word' id='word_1_324' title='bbox 557 2153 599 2173; x_wconf 86' lang='lat' dir='ltr'>ex</span> <span class='ocrx_word' id='word_1_325' title='bbox 620 2140 792 2173; x_wconf 82' lang='lat' dir='ltr'>fratribus</span> <span class='ocrx_word' id='word_1_326' title='bbox 815 2143 869 2182; x_wconf 78' lang='lat' dir='ltr'>(ne</span> <span class='ocrx_word' id='word_1_327' title='bbox 891 2140 1081 2185; x_wconf 85' lang='lat' dir='ltr'>loquamur</span> <span class='ocrx_word' id='word_1_328' title='bbox 1102 2141 1145 2173; x_wconf 90' lang='lat' dir='ltr'>de</span> <span class='ocrx_word' id='word_1_329' title='bbox 1168 2141 1259 2185; x_wconf 88' lang='lat' dir='ltr'>ipsis</span> <span class='ocrx_word' id='word_1_330' title='bbox 1286 2141 1481 2185; x_wconf 87' lang='lat' dir='ltr'>omnibus),</span> <span class='ocrx_word' id='word_1_331' title='bbox 1505 2148 1542 2174; x_wconf 87' lang='lat' dir='ltr'>ut</span> <span class='ocrx_word' id='word_1_332' title='bbox 1568 2141 1638 2186; x_wconf 90' lang='lat' dir='ltr'>ipsi</span> <span class='ocrx_word' id='word_1_333' title='bbox 1736 2147 1948 2186; x_wconf 87' lang='lat' dir='ltr'>presumant</span> <span class='ocrx_word' id='word_1_334' title='bbox 1968 2140 2085 2173; x_wconf 89' lang='lat' dir='ltr'>statim</span> <span class='ocrx_word' id='word_1_335' title='bbox 2107 2151 2277 2185; x_wconf 85' lang='lat' dir='ltr'>supreme</span> 
     </span>
     <span class='ocr_line' id='line_1_29' title="bbox 414 2207 2278 2253; baseline -0.001 -12"><span class='ocrx_word' id='word_1_336' title='bbox 414 2208 646 2253; x_wconf 78' lang='lat' dir='ltr'>perfectionis</span> <span class='ocrx_word' id='word_1_337' title='bbox 674 2208 918 2252; x_wconf 87' lang='lat' dir='ltr'>operationem</span> <span class='ocrx_word' id='word_1_338' title='bbox 949 2219 1131 2249; x_wconf 81' lang='lat' dir='ltr'>exercere,</span> <span class='ocrx_word' id='word_1_339' title='bbox 1161 2220 1229 2252; x_wconf 89' lang='lat' dir='ltr'>que</span> <span class='ocrx_word' id='word_1_340' title='bbox 1258 2215 1314 2241; x_wconf 86' lang='lat' dir='ltr'>est</span> <span class='ocrx_word' id='word_1_341' title='bbox 1343 2208 1542 2253; x_wconf 87' lang='lat' dir='ltr'>predicatio</span> <span class='ocrx_word' id='word_1_342' title='bbox 1578 2208 1777 2241; x_wconf 89' lang='lat' dir='ltr'>secundum</span> <span class='ocrx_word' id='word_1_343' title='bbox 1812 2207 2035 2253; x_wconf 86' lang='lat' dir='ltr'>apostolum;</span> <span class='ocrx_word' id='word_1_344' title='bbox 2068 2213 2278 2252; x_wconf 86' lang='lat' dir='ltr'>presumant</span> 
     </span>
     <span class='ocr_line' id='line_1_30' title="bbox 412 2274 2278 2320; baseline -0.001 -13"><span class='ocrx_word' id='word_1_345' title='bbox 412 2275 562 2319; x_wconf 87' lang='lat' dir='ltr'>insuper</span> <span class='ocrx_word' id='word_1_346' title='bbox 583 2274 685 2315; x_wconf 88' lang='lat' dir='ltr'>alios,</span> <span class='ocrx_word' id='word_1_347' title='bbox 709 2286 781 2306; x_wconf 93' lang='grc'>11011</span> <span class='ocrx_word' id='word_1_348' title='bbox 803 2274 1089 2319; x_wconf 76' lang='lat' dir='ltr'>qualescunque,v</span> <span class='ocrx_word' id='word_1_349' title='bbox 1108 2275 1171 2307; x_wconf 88' lang='lat' dir='ltr'>sed</span> <span class='ocrx_word' id='word_1_350' title='bbox 1191 2275 1348 2320; x_wconf 90' lang='lat' dir='ltr'>prelatos</span> <span class='ocrx_word' id='word_1_351' title='bbox 1371 2282 1404 2308; x_wconf 88' lang='lat' dir='ltr'>et</span> <span class='ocrx_word' id='word_1_352' title='bbox 1425 2275 1594 2308; x_wconf 89' lang='lat' dir='ltr'>dominos</span> <span class='ocrx_word' id='word_1_353' title='bbox 1615 2287 1702 2308; x_wconf 89' lang='lat' dir='ltr'>suos</span> <span class='ocrx_word' id='word_1_354' title='bbox 1723 2275 1923 2319; x_wconf 72' lang='lat' dir='ltr'>corrigere,</span> <span class='ocrx_word' id='word_1_355' title='bbox 1946 2286 1990 2307; x_wconf 87' lang='lat' dir='ltr'>ne</span> <span class='ocrx_word' id='word_1_356' title='bbox 2013 2274 2178 2306; x_wconf 80' lang='lat' dir='ltr'>dicamus·</span> <span class='ocrx_word' id='word_1_357' title='bbox 2197 2285 2278 2306; x_wconf 90' lang='lat' dir='ltr'>cor-</span> 
     </span>
     <span class='ocr_line' id='line_1_31' title="bbox 413 2340 2275 2387; baseline -0.001 -13"><span class='ocrx_word' id='word_1_358' title='bbox 413 2342 559 2382; x_wconf 76' lang='lat' dir='ltr'>rodere3</span> <span class='ocrx_word' id='word_1_359' title='bbox 592 2348 802 2386; x_wconf 85' lang='lat' dir='ltr'>presumant</span> <span class='ocrx_word' id='word_1_360' title='bbox 835 2348 998 2386; x_wconf 87' lang='lat' dir='ltr'>preterea</span> <span class='ocrx_word' id='word_1_361' title='bbox 1026 2353 1065 2374; x_wconf 90' lang='lat' dir='ltr'>se</span> <span class='ocrx_word' id='word_1_362' title='bbox 1093 2341 1188 2374; x_wconf 90' lang='lat' dir='ltr'>laute</span> <span class='ocrx_word' id='word_1_363' title='bbox 1221 2355 1361 2383; x_wconf 89' lang='lat' dir='ltr'>curare,</span> <span class='ocrx_word' id='word_1_364' title='bbox 1392 2343 1537 2375; x_wconf 85' lang='lat' dir='ltr'>divitias</span> <span class='ocrx_word' id='word_1_365' title='bbox 1571 2343 1774 2387; x_wconf 87' lang='lat' dir='ltr'>acquirere,</span> <span class='ocrx_word' id='word_1_366' title='bbox 1809 2354 1847 2375; x_wconf 87' lang='lat' dir='ltr'>se</span> <span class='ocrx_word' id='word_1_367' title='bbox 1882 2341 2056 2387; x_wconf 89' lang='lat' dir='ltr'>periculis</span> <span class='ocrx_word' id='word_1_368' title='bbox 2091 2340 2275 2382; x_wconf 89' lang='lat' dir='ltr'>omnibus,</span> 
     </span>
     <span class='ocr_line' id='line_1_32' title="bbox 414 2408 2276 2454; baseline 0 -14"><span class='ocrx_word' id='word_1_369' title='bbox 414 2409 637 2453; x_wconf 89' lang='lat' dir='ltr'>impudicitie</span> <span class='ocrx_word' id='word_1_370' title='bbox 658 2415 692 2441; x_wconf 87' lang='lat' dir='ltr'>et</span> <span class='ocrx_word' id='word_1_371' title='bbox 713 2408 798 2453; x_wconf 84' lang='lat' dir='ltr'>gule</span> <span class='ocrx_word' id='word_1_372' title='bbox 820 2415 851 2440; x_wconf 91' lang='lat' dir='ltr'>et</span> <span class='ocrx_word' id='word_1_373' title='bbox 874 2408 1104 2449; x_wconf 86' lang='lat' dir='ltr'>adulationis,</span> <span class='ocrx_word' id='word_1_374' title='bbox 1128 2409 1228 2441; x_wconf 90' lang='lat' dir='ltr'>horis</span> <span class='ocrx_word' id='word_1_375' title='bbox 1246 2409 1416 2442; x_wconf 90' lang='lat' dir='ltr'>omnihus</span> <span class='ocrx_word' id='word_1_376' title='bbox 1437 2421 1633 2454; x_wconf 86' lang='lat' dir='ltr'>exponere,</span> <span class='ocrx_word' id='word_1_377' title='bbox 1652 2422 1747 2442; x_wconf 89' lang='lat' dir='ltr'>nunc</span> <span class='ocrx_word' id='word_1_378' title='bbox 1770 2408 1994 2454; x_wconf 89' lang='lat' dir='ltr'>penetrando</span> <span class='ocrx_word' id='word_1_379' title='bbox 2015 2408 2158 2448; x_wconf 88' lang='lat' dir='ltr'>domos,</span> <span class='ocrx_word' id='word_1_380' title='bbox 2181 2419 2276 2440; x_wconf 92' lang='lat' dir='ltr'>nunc</span> 
     </span>
     <span class='ocr_line' id='line_1_33' title="bbox 414 2475 2276 2521; baseline -0.001 -13"><span class='ocrx_word' id='word_1_381' title='bbox 414 2475 481 2508; x_wconf 86' lang='lat' dir='ltr'>sub</span> <span class='ocrx_word' id='word_1_382' title='bbox 503 2475 652 2508; x_wconf 84' lang='lat' dir='ltr'>obtentu</span> <span class='ocrx_word' id='word_1_383' title='bbox 674 2475 917 2508; x_wconf 88' lang='lat' dir='ltr'>consessionis</span> <span class='ocrx_word' id='word_1_384' title='bbox 939 2475 1097 2520; x_wconf 87' lang='lat' dir='ltr'>captivas</span> <span class='ocrx_word' id='word_1_385' title='bbox 1119 2476 1285 2509; x_wconf 91' lang='lat' dir='ltr'>ducendo</span> <span class='ocrx_word' id='word_1_386' title='bbox 1309 2476 1541 2509; x_wconf 85' lang='lat' dir='ltr'>mulierculas</span> <span class='ocrx_word' id='word_1_387' title='bbox 1562 2483 1713 2509; x_wconf 88' lang='lat' dir='ltr'>onustas</span> <span class='ocrx_word' id='word_1_388' title='bbox 1735 2477 1892 2521; x_wconf 85' lang='lat' dir='ltr'>peccatis</span> <span class='ocrx_word' id='word_1_389' title='bbox 1985 2475 2059 2519; x_wconf 86' lang='lat' dir='ltr'>Ipsi</span> <span class='ocrx_word' id='word_1_390' title='bbox 2081 2482 2153 2507; x_wconf 87' lang='lat' dir='ltr'>non</span> <span class='ocrx_word' id='word_1_391' title='bbox 2174 2486 2276 2507; x_wconf 86' lang='lat' dir='ltr'>vere-</span> 
     </span>
     <span class='ocr_line' id='line_1_34' title="bbox 414 2542 2275 2588; baseline -0.001 -14"><span class='ocrx_word' id='word_1_392' title='bbox 414 2542 548 2574; x_wconf 85' lang='lat' dir='ltr'>buntur</span> <span class='ocrx_word' id='word_1_393' title='bbox 569 2554 607 2575; x_wconf 88' lang='lat' dir='ltr'>se</span> <span class='ocrx_word' id='word_1_394' title='bbox 634 2542 810 2575; x_wconf 85' lang='lat' dir='ltr'>adversus</span> <span class='ocrx_word' id='word_1_395' title='bbox 839 2554 902 2574; x_wconf 93' lang='lat' dir='ltr'>eos</span> <span class='ocrx_word' id='word_1_396' title='bbox 924 2542 1095 2587; x_wconf 89' lang='lat' dir='ltr'>[prelatos</span> <span class='ocrx_word' id='word_1_397' title='bbox 1124 2550 1157 2575; x_wconf 87' lang='lat' dir='ltr'>et</span> <span class='ocrx_word' id='word_1_398' title='bbox 1183 2547 1339 2584; x_wconf 87' lang='lat' dir='ltr'>curatos]</span> <span class='ocrx_word' id='word_1_399' title='bbox 1361 2544 1623 2576; x_wconf 88' lang='lat' dir='ltr'>contumaciter</span> <span class='ocrx_word' id='word_1_400' title='bbox 1650 2545 1807 2588; x_wconf 84' lang='lat' dir='ltr'>erigere,</span> <span class='ocrx_word' id='word_1_401' title='bbox 1829 2543 2062 2587; x_wconf 87' lang='lat' dir='ltr'>impudenter</span> <span class='ocrx_word' id='word_1_402' title='bbox 2091 2542 2275 2586; x_wconf 86' lang='lat' dir='ltr'>ingerere,</span> 
     </span>
     <span class='ocr_line' id='line_1_35' title="bbox 413 2608 2277 2655; baseline -0.001 -14"><span class='ocrx_word' id='word_1_403' title='bbox 413 2609 667 2653; x_wconf 79' lang='lat' dir='ltr'>calumpnosas</span> <span class='ocrx_word' id='word_1_404' title='bbox 690 2609 941 2642; x_wconf 86' lang='lat' dir='ltr'>accusationes</span> <span class='ocrx_word' id='word_1_405' title='bbox 963 2621 1026 2653; x_wconf 90' lang='lat' dir='ltr'>per</span> <span class='ocrx_word' id='word_1_406' title='bbox 1051 2609 1142 2642; x_wconf 89' lang='lat' dir='ltr'>hanc</span> <span class='ocrx_word' id='word_1_407' title='bbox 1162 2609 1297 2643; x_wconf 85' lang='lat' dir='ltr'>bullam</span> <span class='ocrx_word' id='word_1_408' title='bbox 1326 2617 1482 2651; x_wconf 87' lang='lat' dir='ltr'>struere,</span> <span class='ocrx_word' id='word_1_409' title='bbox 1510 2622 1602 2655; x_wconf 89' lang='lat' dir='ltr'>quos</span> <span class='ocrx_word' id='word_1_410' title='bbox 1630 2617 1842 2655; x_wconf 84' lang='lat' dir='ltr'>oportuerat</span> <span class='ocrx_word' id='word_1_411' title='bbox 1862 2621 1926 2655; x_wconf 87' lang='lat' dir='ltr'>per</span> <span class='ocrx_word' id='word_1_412' title='bbox 1951 2609 2053 2654; x_wconf 86' lang='lat' dir='ltr'>ipsos</span> <span class='ocrx_word' id='word_1_413' title='bbox 2079 2609 2221 2648; x_wconf 79' lang='lat' dir='ltr'>fratres,</span> <span class='ocrx_word' id='word_1_414' title='bbox 2245 2608 2277 2640; x_wconf 78' lang='lat' dir='ltr'>si</span> 
     </span>
     <span class='ocr_line' id='line_1_36' title="bbox 413 2674 2273 2722; baseline -0.002 -13"><span class='ocrx_word' id='word_1_415' title='bbox 413 2682 641 2715; x_wconf 85' lang='lat' dir='ltr'>vocarentur,</span> <span class='ocrx_word' id='word_1_416' title='bbox 664 2676 792 2708; x_wconf 88' lang='lat' dir='ltr'>sedulo</span> <span class='ocrx_word' id='word_1_417' title='bbox 820 2676 1028 2720; x_wconf 87' lang='lat' dir='ltr'>coadjuvari</span> <span class='ocrx_word' id='word_1_418' title='bbox 1053 2676 1090 2708; x_wconf 89' lang='lat' dir='ltr'>in</span> <span class='ocrx_word' id='word_1_419' title='bbox 1114 2688 1232 2709; x_wconf 90' lang='lat' dir='ltr'>messe</span> <span class='ocrx_word' id='word_1_420' title='bbox 1259 2677 1451 2710; x_wconf 89' lang='lat' dir='ltr'>dominica.</span> <span class='ocrx_word' id='word_1_421' title='bbox 1483 2678 1583 2720; x_wconf 88' lang='lat' dir='ltr'>Quos</span> <span class='ocrx_word' id='word_1_422' title='bbox 1613 2677 1738 2710; x_wconf 89' lang='lat' dir='ltr'>itidem</span> <span class='ocrx_word' id='word_1_423' title='bbox 1765 2677 1859 2722; x_wconf 89' lang='lat' dir='ltr'>apud</span> <span class='ocrx_word' id='word_1_424' title='bbox 1885 2676 2057 2721; x_wconf 90' lang='lat' dir='ltr'>populum</span> <span class='ocrx_word' id='word_1_425' title='bbox 2089 2674 2273 2707; x_wconf 89' lang='lat' dir='ltr'>subditum</span> 
     </span>
     <span class='ocr_line' id='line_1_37' title="bbox 415 2741 2275 2788; baseline -0.001 -14"><span class='ocrx_word' id='word_1_426' title='bbox 415 2743 649 2782; x_wconf 79' lang='lat' dir='ltr'>reverendos,</span> <span class='ocrx_word' id='word_1_427' title='bbox 672 2742 859 2782; x_wconf 88' lang='lat' dir='ltr'>colendos,</span> <span class='ocrx_word' id='word_1_428' title='bbox 879 2743 1124 2787; x_wconf 87' lang='lat' dir='ltr'>amandosque</span> <span class='ocrx_word' id='word_1_429' title='bbox 1142 2743 1296 2776; x_wconf 87' lang='lat' dir='ltr'>reddere</span> <span class='ocrx_word' id='word_1_430' title='bbox 1314 2744 1483 2777; x_wconf 86' lang='lat' dir='ltr'>omnibus</span> <span class='ocrx_word' id='word_1_431' title='bbox 1501 2744 1618 2776; x_wconf 90' lang='lat' dir='ltr'>modis</span> <span class='ocrx_word' id='word_1_432' title='bbox 1639 2756 1771 2788; x_wconf 90' lang='lat' dir='ltr'>equum</span> <span class='ocrx_word' id='word_1_433' title='bbox 1790 2750 1878 2784; x_wconf 88' lang='lat' dir='ltr'>erat,</span> <span class='ocrx_word' id='word_1_434' title='bbox 1894 2743 1966 2788; x_wconf 92' lang='lat' dir='ltr'>ipsi</span> <span class='ocrx_word' id='word_1_435' title='bbox 1983 2753 2046 2774; x_wconf 86' lang='lat' dir='ltr'>eos</span> <span class='ocrx_word' id='word_1_436' title='bbox 2064 2753 2106 2774; x_wconf 90' lang='lat' dir='ltr'>ex</span> <span class='ocrx_word' id='word_1_437' title='bbox 2122 2741 2275 2774; x_wconf 81' lang='lat' dir='ltr'>adverso</span> 
     </span>
     <span class='ocr_line' id='line_1_38' title="bbox 415 2807 2276 2855; baseline -0.001 -15"><span class='ocrx_word' id='word_1_438' title='bbox 415 2809 655 2853; x_wconf 86' lang='lat' dir='ltr'>spernendos,</span> <span class='ocrx_word' id='word_1_439' title='bbox 684 2809 923 2850; x_wconf 86' lang='lat' dir='ltr'>descrendos,</span> <span class='ocrx_word' id='word_1_440' title='bbox 946 2809 1138 2850; x_wconf 89' lang='lat' dir='ltr'>odiendos,</span> <span class='ocrx_word' id='word_1_441' title='bbox 1165 2822 1204 2842; x_wconf 88' lang='lat' dir='ltr'>se</span> <span class='ocrx_word' id='word_1_442' title='bbox 1226 2811 1434 2855; x_wconf 87' lang='lat' dir='ltr'>sequendos</span> <span class='ocrx_word' id='word_1_443' title='bbox 1457 2811 1571 2855; x_wconf 87' lang='lat' dir='ltr'>palam</span> <span class='ocrx_word' id='word_1_444' title='bbox 1593 2810 1833 2851; x_wconf 80' lang='lat' dir='ltr'>affirmabunt,</span> <span class='ocrx_word' id='word_1_445' title='bbox 1856 2817 1891 2842; x_wconf 92' lang='lat' dir='ltr'>et</span> <span class='ocrx_word' id='word_1_446' title='bbox 1910 2809 1978 2842; x_wconf 88' lang='lat' dir='ltr'>hoc</span> <span class='ocrx_word' id='word_1_447' title='bbox 1999 2809 2159 2853; x_wconf 85' lang='lat' dir='ltr'>impune,</span> <span class='ocrx_word' id='word_1_448' title='bbox 2178 2807 2276 2852; x_wconf 90' lang='lat' dir='ltr'>quod</span> 
     </span>
    </p>
   </div>
   <div class='ocr_carea' id='block_1_3' title="bbox 415 2874 2275 2921">
    <p class='ocr_par' dir='ltr' id='par_1_3' title="bbox 415 2874 2275 2921">
     <span class='ocr_line' id='line_1_39' title="bbox 415 2874 2275 2921; baseline -0.001 -14"><span class='ocrx_word' id='word_1_449' title='bbox 415 2876 681 2920; x_wconf 84' lang='lat' dir='ltr'>iniquissimum</span> <span class='ocrx_word' id='word_1_450' title='bbox 714 2876 873 2908; x_wconf 91' lang='lat' dir='ltr'>omnium</span> <span class='ocrx_word' id='word_1_451' title='bbox 901 2882 967 2909; x_wconf 90' lang='lat' dir='ltr'>est.</span> <span class='ocrx_word' id='word_1_452' title='bbox 999 2877 1084 2908; x_wconf 81' lang='lat' dir='ltr'>Nam</span> <span class='ocrx_word' id='word_1_453' title='bbox 1114 2877 1143 2908; x_wconf 90' lang='lat' dir='ltr'>si</span> <span class='ocrx_word' id='word_1_454' title='bbox 1174 2877 1255 2921; x_wconf 86' lang='lat' dir='ltr'>quis</span> <span class='ocrx_word' id='word_1_455' title='bbox 1286 2877 1438 2910; x_wconf 86' lang='lat' dir='ltr'>aliorum</span> <span class='ocrx_word' id='word_1_456' title='bbox 1471 2884 1627 2911; x_wconf 91' lang='lat' dir='ltr'>statuum</span> <span class='ocrx_word' id='word_1_457' title='bbox 1655 2877 1849 2918; x_wconf 88' lang='lat' dir='ltr'>obmutire,</span> <span class='ocrx_word' id='word_1_458' title='bbox 1873 2877 1903 2910; x_wconf 90' lang='lat' dir='ltr'>si</span> <span class='ocrx_word' id='word_1_459' title='bbox 1925 2876 2007 2921; x_wconf 89' lang='lat' dir='ltr'>quis</span> <span class='ocrx_word' id='word_1_460' title='bbox 2028 2874 2174 2909; x_wconf 84' lang='lat' dir='ltr'>obviare</span> <span class='ocrx_word' id='word_1_461' title='bbox 2196 2874 2275 2913; x_wconf 74' lang='lat' dir='ltr'>suis]</span> 
     </span>
    </p>
   </div>
  </div>
 </body>
</html>
