2502 3418
287 310 384 347 1439]
631 322 676 344 AB
711 322 812 343 ANNO
848 320 1138 343 MCCCLxxxxw
1174 320 1304 348 USQUE
1340 321 1388 342 An
1423 321 1562 343 ANNUM
1598 321 1804 343 mccchu.
2086 311 2149 345 607

375 396 507 430 Biblici
529 396 691 441 ejusdem
714 396 798 428 anni
821 407 827 428 ι

374 497 449 522 Frat.
464 496 598 522 Matheus
631 495 667 521 de
699 493 916 523 Claromarisco‚
951 493 1020 520 Ord.
1058 493 1185 523 Cistcrc.,
1319 494 1395 519 Frat.
1413 493 1532 519 Michael
1545 493 1706 527 Vlilssing³.
1721 493 1789 519 Ord.
1807 494 1915 523 Carm„
1931 502 1967 520 xx
1983 494 2055 529 [sol.]

496 553 532 570 xx
550 543 623 579 [soL]
1968 543 2006 578 [2]

377 632 446 656 Bibl.
463 635 517 655 nnt.
533 632 629 661 Puris„
645 640 694 656 ms.
711 632 757 655 lat.
774 632 843 660 5494,
859 639 886 662 p.
903 631 957 654 201.

375 725 400 750 1.
416 725 465 753 Qui
479 734 521 749 nn.
538 726 608 754 1448,
625 725 647 748 si
663 733 714 747 non
732 724 882 756 inquisitor,
898 724 991 747 saltem
1006 724 1031 746 in
1048 723 1155 746 servitio
1169 723 1348 755 inquisitionis
1366 724 1440 755 regni
1454 724 1579 747 Francis-e
1591 724 1647 747 suit.
1657 724 1715 747 Vid.
1725 726 1853 753 Λυσίαν..
1866 725 1899 753 ll,
1913 733 1938 756 p.
1952 725 2004 753 731,
2020 727 2073 748 not.
2086 725 2109 748 4.
2120 738 2149 743 -

281 769 306 794 2.
319 771 347 793 In
363 771 413 794 fine
428 769 596 794 biblicorum.
610 783 640 787 —
652 769 677 794 3.
691 769 740 797 Qui
752 777 794 792 an.
807 769 868 792 1445
881 769 971 798 (1446),
985 769 1060 792 Febr.
1076 770 1100 797 9,
1117 772 1225 792 vocatur
1239 777 1249 792 ι
1267 769 1298 791 de
1313 769 1436 792 Zelnndiu
1450 777 1473 792 υ.

278 952 422 989 2526.
449 960 585 996 Magistri
599 964 729 995 regentes
746 960 774 986 in
788 959 943 994 theologia.

1502 1003 1574 1032 7438,
1591 1003 1731 1035 Septemb„
1747 1003 1860 1029 Parisiis.

369 1092 523 1125 Nomina
567 1092 823 1137 magistrorum
881 1097 1090 1124 nostrorum
1143 1091 1204 1136 qui
1255 1091 1472 1136 inceperunt
1519 1091 1644 1136 legere
1690 1091 1726 1124 in
1774 1103 1899 1125 mense
1943 1090 2148 1137 Septembri

279 1160 592 1194 CCCCXXXVIII
617 1170 624 1192 ι
674 1174 677 1177 <

365 1259 439 1292 Mag.
456 1258 630 1292 Radulphus
644 1258 679 1284 de
695 1259 790 1287 Porta,
807 1258 943 1284 decanus.
1315 1257 1387 1290 Mag.
1406 1258 1553 1283 Johannes
1568 1257 1603 1282 de
1619 1257 1718 1283 Ponte.

382 1323 416 1327 —
454 1308 602 1334 Johannes
616 1308 652 1333 de
666 1307 769 1333 Trecis.
1333 1323 1367 1325 —
1405 1306 1586 1332 Guillermus
1600 1306 1706 1332 lleuze.

405 1373 413 1376 ⁴
453 1357 623 1383 Roulandus
636 1356 808 1390 Barguenel.
1330 1372 1365 1374 —
1403 1356 1550 1381 Johannes
1564 1355 1687 1381 Postelli.

382 1423 414 1426 —
452 1407 599 1433 Johannes
613 1406 649 1432 de
664 1406 851 1432 Gondiviller.
1330 1421 1364 1423 —
1401 1405 1582 1431 Guillermus
1595 1405 1702 1431 Adelie.

1401 1455 1549 1480 Johannes
1565 1454 1659 1480 Vinet.

1400 1504 1527 1530 Thomas
1541 1503 1681 1537 Dyonisii.

1400 1553 1553 1579 Nicholaus
1568 1552 1700 1579 Emerici.

1400 1602 1547 1628 Johannes
1562 1602 1654 1629 Soret.

1400 1652 1500 1678 Petrus
1515 1651 1676 1678 Godemen.

1398 1700 1560 1727 Alexander
1574 1700 1683 1727 Volart.

380 1472 413 1475 —
449 1457 598 1482 Johannes
613 1455 810 1488 Pulcripatris.

383 1521 417 1524 —
453 1506 583 1538 Rogerus
597 1505 633 1531 de
648 1504 764 1531 Gallon.

452 1555 600 1581 Johannes
613 1554 748 1581 Beroudi.

451 1604 606 1638 Dyonisius
620 1604 657 1630 de
672 1603 837 1636 Sabrevoys.

451 1652 608 1678 Gaut'ridus
621 1651 770 1678 Coclearis.

451 1701 590 1728 aicardus
605 1701 641 1728 de
655 1701 796 1727 Mesnillo.

450 1751 580 1777 Nicolaus
595 1751 746 1777 Consrant.
1836 1748 1889 1784 [21]

1327 1470 1365 1719 111111

379 1570 415 1769 ΙΙΙΙΙ

363 1839 431 1863 Bibl.
449 1842 502 1862 nat.
519 1839 615 1867 Puris„
632 1847 680 1862 ms.
698 1839 744 1862 lat.
762 1841 831 1868 5494,
846 1848 873 1870 p.
887 1841 941 1863 201.

270 2026 415 2063 2527.
439 2036 575 2070 Magistri
589 2039 719 2070 regentes
734 2035 888 2070 facultatis
902 2035 1062 2062 medicinae
1078 2044 1126 2061 an.
1144 2036 1271 2062 1438-39.

1364 2118 1438 2147 7438,
1456 2117 1593 2143 Novembre
1608 2117 1717 2145 ineunte.
1734 2118 1841 2144 Parisiis

359 2181 569 2226 Sequuntur
590 2181 735 2214 nomina
758 2181 961 2226 regentium
984 2181 1083 2214 illius
1104 2181 1187 2214 anni
1210 2193 1217 2213 :

357 2280 497 2306 Henricus
511 2280 647 2306 Thibout.
1305 2280 1453 2306 Rotundus
1469 2280 1630 2313 Scriptoris.

357 2329 506 2355 Johannes
520 2330 713 2364 Lengrenoys.
1307 2329 1524 2363 Inguerrandus
1536 2329 1572 2355 de
1585 2330 1709 2355 Parenti.

358 2378 501 2404 Robertus
517 2378 655 2405 Poitevin.
1306 2379 1482 2405 Guiltelmus
1492 2378 1528 2404 de
1543 2378 1634 2411 Algia.

357 2427 506 2453 Johannes
520 2427 691 2460 Thiphaine.
1304 2428 1480 2454 Guillolmus
1495 2427 1530 2454 de
1547 2427 1696 2461 Longolio.

357 2477 459 2502 Petrus
471 2476 507 2502 de
521 2476 626 2510 Chacy.
1846 2476 1880 2512 [9]

360 2573 506 2597 Comment.
522 2575 571 2597 suc.
588 2574 667 2603 med„
683 2575 715 2602 11,
732 2583 758 2606 p.
774 2575 812 2600 27.
823 2575 927 2598 —Nov.
942 2576 955 2598 4
971 2575 1129 2599 Guillelmus
1146 2576 1177 2598 de
1193 2575 1267 2606 Algia
1283 2584 1294 2598 «
1310 2575 1407 2598 electus
1421 2575 1470 2598 suit
1485 2575 1510 2598 in
1527 2574 1654 2598 decanum
1671 2574 1803 2597 facultatis
1816 2583 1864 2605 pro
1878 2575 1991 2598 secundo
2002 2583 2070 2598 anno
2086 2583 2132 2606 per

266 2618 446 2641 venerabitem
464 2627 536 2649 mag.
552 2618 698 2642 Johannem
715 2619 874 2651 Lengrenois
892 2628 912 2643 1³.
928 2621 989 2643 Inde
1004 2620 1213 2643 concludendum
1225 2623 1342 2643 caeteros
1359 2628 1430 2651 mag.
1446 2622 1566 2651 regentes
1582 2628 1597 2642 a
1613 2618 1816 2650 congregatione
1830 2619 1939 2643 afuisse.

266 2811 411 2849 2528.
440 2820 596 2857 Gerolphas
613 2821 700 2856 Ilohe,
719 2830 794 2856 mag.
811 2826 867 2849 art.
889 2827 916 2848 et
931 2822 976 2848 lic.
998 2823 1026 2848 in
1041 2822 1147 2848 decret.
1167 2822 1302 2856 Parisiis,
1325 2823 1453 2857 Eugenio
1469 2824 1512 2849 IV
1526 2823 1681 2859 supplicat,
1701 2827 1731 2849 ut
1750 2832 1805 2849 non
1821 2824 1952 2850 obstante
1965 2825 2131 2860 juramento

356 2870 522 2896 doctoratus
536 2871 664 2905 ‘gradum
690 2871 718 2897 in
739 2872 815 2898 Rom.
839 2872 921 2897 curia
944 2872 985 2898 vel
1005 2872 1033 2898 in
1053 2872 1112 2898 alio
1135 2871 1231 2898 studio
1252 2871 1358 2898 ltaliae
1379 2872 1505 2908 recipere
1524 2873 1626 2908 possit,
1645 2882 1660 2898 ‹
1676 2882 1737 2898 cum
1757 2873 1796 2899 ad
1815 2874 1955 2900 civitatem
1970 2874 2130 2901 Parisiens.
