2502 3418
380 344 444 376 410
959 354 1277 377 CHARTULARIUM
1312 354 1502 376 UNIVERS.
1539 353 1668 375 ranis.
2142 339 2240 376 [1422

382 440 500 472 neque
527 428 604 473 ipsa
629 435 775 470 artatur,
798 435 952 470 tenetur‚
979 441 1042 461 seu
1069 428 1252 473 obligatur
1272 428 1478 461 conducere
1500 439 1633 472 corpus
1659 438 1775 471 usque
1801 426 1997 459 ad‘certam
2020 427 2239 465 distantiam,

382 495 433 527 uti
454 495 607 528 ecclesia
627 496 739 528 Paris.
763 507 832 540 que
854 495 896 528 ad
918 495 985 528 hoc
1006 495 1201 540 obligatur.

474 593 542 617 Bihi
556 593 719 621 Carnotens.‚
734 602 783 617 ms.
800 595 844 617 595
860 593 932 622 (Cod.
957 593 1087 624 floreum),
1106 593 1150 616 sol.
1168 592 1233 616 lssssb.
1247 606 1277 610 —
1292 592 1367 619 Bm...
1385 592 1561 622 Remarques
1576 598 1628 615 sur
1641 592 1670 615 la
1684 592 1796 621 diynite'
1812 593 1851 614 du
1863 595 1982 619 recteur,
1998 599 2026 622 p.
2039 592 2078 620 69,
2091 599 2104 615 e
2120 591 2241 622 Registro

381 638 514 661 Castelleti
530 638 616 668 (Arch.
630 641 692 665 nat.,
707 639 726 661 Y
736 639 770 667 6¹,
784 638 828 662 fol.
842 638 902 668 dieb),
917 646 976 661 cum
991 638 1124 660 nonnullis
1138 637 1238 660 mendis
1254 640 1280 660 et
1294 637 1493 660 omissionibus.
1506 650 1535 653 —-
1548 636 1694 667 Opinamur
1710 636 1895 658 documentum
1908 635 2083 667 compositum
2098 644 2156 659 esse
2171 636 2241 659 circa

381 686 484 714 tempus
500 683 592 706 mortis
606 682 693 706 Caroli
705 683 747 706 Vt.
762 683 890 714 Tempore
901 682 1028 705 Johannis
1042 685 1067 705 et.
1080 682 1167 705 Caroli
1180 682 1200 703 V
1211 682 1395 704 defunctorum
1410 689 1451 704 res
1471 681 1586 703 nondum
1602 680 1776 703 definiebatur
1792 680 1855 709 (vid.
1874 680 2015 709 Chartul„
2028 681 2072 709 ΙΙΙ,
2088 685 2116 703 n⁰
2130 681 2199 710 1293,
2216 684 2241 704 et

381 736 407 758 p.
421 728 475 757 297,
491 731 545 751 not.
561 729 595 757 5).
607 727 675 755 Quin
692 730 779 750 autem
794 727 872 750 morti
888 727 975 750 Caroli
992 727 1036 749 VII
1049 727 1232 749 documentum
1249 725 1352 748 tribuas
1372 725 1482 756 impedit
1501 725 1633 756 scripturn
1649 724 1675 747 in
1690 724 1778 747 codice
1793 724 1921 753 adhibita,
1937 724 1984 747 illa
2000 728 2084 748 aetate
2097 725 2239 757 antiquior.

381 913 523 950 2200.
547 922 675 948 Novemb.
693 923 727 948 19
742 922 770 946 in
785 921 866 946 curia
881 920 1067 956 parlamenti,
1086 919 1267 954 congregatis
1283 918 1409 954 ejusdem
1421 918 1619 954 praesidibus,
1638 919 1770 954 episcopo
1791 920 1897 953 Paris„
1916 924 2023 946 rectore
2043 929 2078 945 ac
2093 919 2240 956 deputatis

472 971 669 997 Universitatis
684 971 789 1004 Paris„
809 974 871 1004 etc„
887 969 948 995 dux
959 969 1136 1003 Bedfordiae
1151 968 1246 994 sedem
1259 968 1345 1004 primi
1360 967 1554 1004 praesidentis
1570 968 1718 1004 occupavit
1733 972 1760 994 et
1777 968 1982 994 cancellarium
2001 969 2139 995 Franciae
2150 970 2242 1005 jussit

468 1021 590 1046 recitare
605 1019 751 1055 quomodo,
771 1023 878 1045 mortuo
897 1019 997 1044 Carolo
1019 1019 1060 1052 VI,
1079 1027 1093 1043 e
1105 1017 1222 1052 foedere
1241 1017 1372 1043 Trecensi
1386 1017 1526 1042 Henricus
1549 1018 1590 1050 Vl,
1608 1017 1688 1051 filius
1702 1017 1832 1052 defuncti
1848 1018 1965 1044 Hem-ici
1984 1019 2010 1053 V,
2031 1027 2083 1044 rea:
2100 1019 2240 1045 Franciae

466 1069 646 1104 Angliaeque
666 1069 747 1094 unice
766 1068 804 1093 sit
831 1067 1037 1102 agnoscendus,
1062 1066 1181 1092 Carolus
1206 1075 1267 1092 vero
1287 1066 1381 1091 dictus
1401 1065 1554 1102 delphinus
1574 1066 1716 1100 [Carolus
1744 1067 1809 1101 Vll]
1833 1067 1974 1102 regnandi
1995 1069 2046 1102 jus
2069 1067 2238 1103 perdiderit,

465 1118 630 1153 cunctisque
645 1117 848 1143 assistentibus
862 1117 992 1151 fidelitas
1008 1116 1148 1142 tractatui
1159 1115 1241 1151 pacis
1255 1115 1356 1141 iterum
1366 1114 1509 1150 juranda.
1530 1115 1612 1148 Quod
1627 1119 1654 1141 et
1666 1117 1797 1150 fecerunt
1810 1120 1902 1142 rector
1914 1116 2104 1152 deputatique
2124 1117 2240 1143 Univer-

461 1167 558 1192 sitatis
573 1176 625 1192 suo
636 1167 756 1200 νιοηιίηεΙ
772 1167 870 1201 eisque
883 1165 1076 1191 cancellarius
1092 1165 1227 1199 injunxit,
1245 1173 1260 1190 «
1277 1163 1364 1199 qu'ilz
1378 1164 1501 1198 feissent
1515 1164 1674 1190 assembler
1689 1164 1796 1190 ladicte
1817 1166 1972 1192 Universite'
1982 1175 2057 1202 pour·
2071 1167 2148 1200 faire
2158 1167 2241 1202 juret·

466 1220 529 1241 touz
545 1216 586 1241 lez
601 1220 700 1241 autres
712 1219 848 1251 suppostz
863 1214 974 1240 d'icelle
992 1214 1147 1240 Universite'
1159 1223 1185 1239 ».

1568 1250 1642 1279 7422,
1657 1250 1771 1276 Νονειηό.
1787 1251 1824 1280 19,
1839 1251 1952 1277 Parisiis.

469 1341 545 1363 Arch.
564 1343 618 1363 nat.
634 1340 728 1367 Paris„
747 1340 792 1362 Xl·
813 1340 883 1368 1480,
902 1339 947 1362 sol.
964 1339 1030 1362 2621’.
1049 1352 1079 1356 —-
1097 1338 1166 1361 Bihl.
1185 1341 1239 1361 nat.
1255 1337 1349 1366 Paris„
1372 1346 1421 1360 ms.
1439 1338 1471 1361 sr.
1490 1338 1560 1367 8427,
1581 1338 1626 1361 fol.
1647 1339 1684 1367 76,
1701 1347 1714 1361 e
1733 1347 1785 1370 quo
1802 1339 1858 1362 Jos.
1875 1339 2044 1369 Srl-:vnxsom
2059 1341 2164 1365 Leuers
2181 1342 2240 1365 and

372 1392 476 1415 papers
490 1385 597 1409 illustr.
614 1387 645 1414 of
655 1385 700 1408 the
715 1391 786 1408 wars
801 1386 836 1414 of
843 1385 887 1408 the
901 1384 1023 1414 Enqlish
1037 1385 1070 1408 in
1085 1384 1202 1412 France,
1219 1383 1239 1412 l,
1250 1391 1277 1414 p.
1293 1382 1383 1414 lxxvij,
1399 1387 1429 1405 nv
1444 1390 1484 1406 111.

378 1575 517 1614 2201.
544 1584 717 1610 Universieas
732 1585 829 1610 Paris.
849 1585 974 1610 Martino
998 1586 1186 1622 Vsupplc'cat,
1209 1592 1239 1614 ut
1254 1597 1329 1623 mag.
1345 1588 1501 1614 Iohannem
1517 1588 1640 1621 Nanton2
1658 1585 1763 1611 decret.
1780 1584 1932 1619 doctorem,
1949 1585 1977 1610 in
1993 1584 2239 1621 archiepiscopum

466 1636 653 1659 Senonensem
669 1636 824 1668 confirmet.

1493 1673 1568 1702 7422,
1586 1672 1683 1702 Octob„
1701 1671 1826 1700 Moremb..
1841 1671 1955 1697 Parisiis.

465 1759 575 1791 Tanta
603 1765 669 1800 est,
699 1758 910 1792 beatissime
934 1767 1047 1805 pater,
1076 1773 1260 1794 sacrorum
1298 1761 1545 1795 Consiliorum
1574 1760 1782 1801 auctoritas,
1814 1765 1852 1792 ut
1877 1759 2040 1804 ipsorum
2068 1758 2238 1792 universa

375 1825 612 1858 humanorum
639 1826 868 1870 ingeniorum
891 1838 1026 1871 genera
1047 1829 1152 1873 sequi
1173 1841 1346 1862 neccesse
1368 1830 1416 1862 sit
1435 1828 1654 1869 firmitatem,
1672 1839 1791 1872 neque
1813 1826 1885 1859 ulla
1906 1832 1962 1858 est
1981 1826 2018 1858 in
2039 1825 2147 1858 terris
2168 1832 2236 1858 tam

375 1892 524 1937 grandis
547 1889 719 1937 potestas,
745 1905 810 1926 nec
838 1893 950 1926 ullum
981 1901 1051 1927 tam
1082 1896 1265 1929 excellens
1290 1903 1325 1929 et
1352 1895 1564 1929 admirabile
1594 1906 1713 1941 genus
1735 1893 1971 1934 inventionis,
1995 1892 2093 1938 quod
2113 1892 2236 1926 divino

376 1971 556 1992 sacrarum
588 1960 799 1992 sinodorum
831 1972 902 1994 non
933 1969 1079 2007 regatur
1107 1975 1271 2005 munere,
1299 1964 1434 2009 quippe
1462 1975 1542 1996 cum
1572 1963 1616 1995 ab
1646 1961 1777 1995 iisdem
1805 1960 1967 1993 fontibus
1998 1959 2238 2005 profluxerint

374 2026 507 2070 quibus
534 2027 654 2060 divina
678 2027 749 2069 lex,
777 2027 910 2072 quibus
938 2028 1029 2062 fides
1058 2029 1269 2072 orthodoxa,
1300 2030 1433 2075 quibus
1459 2030 1552 2063 sacri
1582 2029 1741 2070 codices,
1772 2027 1905 2072 quibus
1935 2027 2080 2060 demum
2109 2033 2236 2060 cuncta

375 2104 485 2138 super
501 2093 683 2126 hominem
705 2094 832 2127 collata
854 2103 1101 2129 manaverunt.
1124 2097 1224 2130 Idem
1247 2098 1342 2130 enim
1365 2109 1468 2131 sacer
1488 2104 1524 2130 et
1542 2097 1732 2130 inmensus
1753 2095 1904 2140 spiritus
1920 2094 2056 2139 ubique
2077 2094 2236 2134 locutus,

374 2160 508 2205 ubique
540 2167 709 2205 operatus
738 2168 803 2194 est.
834 2163 1028 2207 Propterea
1059 2176 1131 2196 uon
1164 2164 1382 2210 ambigimus
1413 2171 1571 2198 sanctam
1607 2163 1730 2196 sedem
1762 2161 1997 2208 apostolicam
2029 2161 2236 2194 sanctiones

373 2227 597 2272 generalium
629 2228 876 2270 Conciliorum
902 2236 937 2262 et
966 2231 1154 2275 potissime
1185 2232 1498 2273 Constanciensis⁷
1531 2243 1602 2276 quo
1629 2237 1750 2265 vestra
1784 2229 1955 2262 sanctitas
1985 2240 2106 2262 curam
2141 2228 2236 2276 beati

373 2294 468 2327 Petri
486 2294 597 2327 subiit
613 2295 747 2339 pariter
767 2303 802 2328 et
822 2296 1026 2330 cathedram
1044 2298 1080 2330 in
1102 2311 1168 2331 suo
1186 2298 1319 2332 robore
1341 2306 1540 2340 servatura,
1564 2305 1599 2331 et
1615 2310 1675 2330 eas
1691 2297 1843 2330 maxime
1860 2308 1930 2341 que
1947 2295 2233 2329 ecclesiasticum

372 2362 534 2406 regimen
555 2369 780 2395 concernunt
796 2364 1019 2406 universum,
1042 2365 1137 2398 inter
1158 2378 1246 2410 quas
1268 2379 1341 2399 non
1362 2366 1540 2399 modicam
1563 2372 1697 2411 partem
1720 2364 1860 2397 obtinet
1879 2363 2120 2408 legitimarum
2139 2362 2234 2396 elec-

371 2428 507 2460 tionum
530 2429 766 2462 confirmatio.
791 2430 930 2463 Idcirco
953 2444 1016 2476 pro
1038 2433 1240 2466 venerabili
1261 2441 1360 2478 patre
1383 2434 1530 2466 domino
1551 2432 1714 2466 Johanne
1736 2432 1780 2465 de
1801 2433 1944 2464 Nanton
1964 2430 2092 2463 abbate
2114 2430 2233 2463 Sancti

371 2495 540 2527 Germani
561 2497 930 2539 Autissiodorensisss
954 2510 1059 2543 quem
1081 2500 1136 2533 via
1159 2501 1279 2533 Sancti
1300 2501 1456 2546 Spiritus
1479 2501 1692 2533 Senonense
1715 2498 1911 2544 capitulum
1932 2498 1969 2530 in
1991 2509 2095 2530 suum
2122 2496 2234 2542 elegit

370 2568 548 2605 pastorem
573 2589 638 2604 ....7
662 2575 726 2608 pro
748 2565 991 2609 expeditionis
1014 2567 1276 2600 acceleratione
1297 2567 1483 2600 humiliter
1507 2575 1541 2600 et
1562 2567 1691 2600 devote
1713 2565 1952 2611 supplicaturi
1975 2564 2133 2598 sumus².
2156 2565 2231 2597 Jam

369 2635 515 2661 octavus
536 2630 671 2662 mensis
693 2631 811 2675 agitur
832 2644 874 2664 cx
903 2644 973 2676 quo
998 2634 1137 2666 vacavit
1165 2635 1390 2668 Senonensis
1412 2634 1579 2675 ecclesia,
1603 2635 1687 2678 jure
1710 2633 1846 2678 regalie
1873 2632 1992 2665 omnia
2021 2630 2232 2676 temporalia

368 2694 484 2739 ipsius
501 2708 606 2728 manu
628 2698 728 2742 regia
748 2698 925 2739 levantur,
948 2699 1056 2733 habet
1077 2701 1210 2734 multos
1232 2708 1267 2735 et
1287 2702 1515 2747 importunos
1535 2701 1753 2746 direptoreS‚
1778 2700 1842 2733 sed
1864 2711 1936 2732 non
1956 2698 2065 2731 habet
2085 2710 2231 2731 suarum

369 2757 489 2789 edium
518 2759 749 2792 1-ei'ect0res³.
773 2762 852 2793 Non
880 2768 999 2806 potest
1027 2763 1106 2796 sine
1127 2764 1228 2808 gravi
1255 2771 1289 2797 et
1309 2764 1530 2809 importabili
1561 2764 1716 2808 dampno
1738 2763 1774 2795 in
1800 2762 1865 2795 hac
1886 2761 2071 2795 vacatione
2093 2760 2231 2794 diutius

367 2824 579 2857 consistere.
603 2826 707 2868 Quod
729 2827 759 2859 si
780 2828 823 2859 ad
844 2840 1036 2872 personam
1056 2829 1209 2863 habetur
1225 2838 1407 2876 aspectus,
1431 2838 1486 2864 est
1501 2831 1556 2864 vir
1576 2830 1800 2863 notabilitate
1821 2835 1976 2870 vetusta,
1997 2828 2090 2861 fama
2111 2827 2230 2861 clarus

366 2902 405 2922 ac
423 2890 599 2935 religione
617 2892 772 2926 celebris
790 2895 884 2938 apud
905 2907 985 2937 nos7
1004 2896 1154 2930 lecturis
1171 2905 1206 2931 et
1227 2898 1429 2932 scolasticis
1447 2898 1637 2931 exerciciis
1654 2898 1701 2930 ita
1717 2896 1904 2942 probatus,
1926 2896 2016 2929 utin
2038 2895 2229 2941 egregium

491 2950 529 2973 52.

2501 3105 2502 3108 „
2501 3086 2502 3089 „
2491 2966 2502 3074 92„=.,..e¹:·1:2.-
2499 2942 2502 2958 „-
