2502 3418
287 338 383 374 1442]
630 351 675 372 An
710 350 814 372 Auno
849 349 1136 371 MCCCLXXXXIV
1171 349 1301 377 USQUE
1336 349 1383 370 An
1418 348 1555 370 ANNUM
1592 349 1795 370 MCCCCLll.
2078 339 2143 371 620

285 426 463 458 dictorum
490 426 652 458 fratrum.
683 426 725 457 Et
748 424 792 457 de
813 423 983 456 omnibus
1009 424 1090 456 istis
1119 423 1277 468 quesivit
1296 423 1465 455 (lominus
1488 429 1606 455 rector
1628 423 1688 467 qui
1711 435 1775 467 pro
1800 430 1883 455 tunc
1907 430 1983 455 crat
2008 423 2143 456 instru-

285 499 404 525 menta
426 492 581 537 publica.
1560 490 1638 522 Ono
1665 501 1706 521 DE
1734 490 1950 522 Cumano&

378 591 453 619 Bur„
470 590 499 620 V,
515 591 569 619 52⁵2,
584 598 597 612 e
613 589 669 612 Lib.
684 592 817 620 procurat,
834 591 886 612 nat.
903 588 997 612 Gallie.
1016 588 1073 611 Vid.
1089 591 1117 610 n⁰
1134 588 1204 611 2570.

376 674 400 699 1.
416 675 521 698 Petrum
536 674 614 697 Corii.
630 687 661 691 —
675 673 699 698 2.
716 674 802 704 Supra
817 677 846 695 n⁰
859 673 928 696 2562.
944 686 971 690 —
987 671 1012 696 3.
1026 673 1185 695 Procurator
1200 675 1255 695 nat..
1269 671 1430 695 Gallicanae.

285 842 430 879 2568.
454 850 590 885 Magistri
605 853 734 885 regentes
749 849 903 884 facultatis
919 849 1079 876 medicinae
1095 838 1143 876 an.
1160 850 1287 876 1442-43.

1518 906 1593 935 1442.
1607 905 1729 935 Moremb..
1746 905 1859 931 Parisiis.

374 956 526 989 Nomina
547 955 804 1000 magistrorum
826 955 1031 1000 regentium
1057 966 1063 987 :

374 1055 514 1081 Henricus
528 1054 653 1088 Tybout.
1318 1053 1514 1086 lngerrandus
1529 1053 1564 1079 dc
1580 1053 1705 1078 Parenti.

374 1104 521 1130 Johannes
536 1104 730 1137 Langrenoys.
1316 1103 1492 1128 Guillclmus
1506 1102 1542 1128 de
1558 1102 1649 1136 Algia.

373 1152 515 1178 Robertus
531 1152 679 1185 Poytevin.
1317 1152 1492 1178 Guillelmus
1506 1152 1542 1178 de
1557 1152 1686 1178 Cainera.

373 1201 521 1227 Johannes
535 1201 654 1227 Tisaine.
1316 1201 1457 1227 Robcrtus
1470 1201 1628 1227 Jullienne.

373 1250 475 1276 Petrus
487 1250 523 1276 dc
538 1249 684 1276 Chaciaco.
1316 1251 1470 1284 Dyonisius
1484 1250 1627 1284 Nugues‘.
1860 1249 1915 1284 [10]

378 1338 523 1362 comment.
543 1339 593 1361 fac.
608 1338 687 1368 med„
705 1338 738 1367 11,
754 1347 780 1369 p.
796 1339 835 1361 43.
851 1352 882 1356 —
894 1338 959 1362 Nov.
975 1340 988 1361 3
1004 1339 1118 1361 decanus
1133 1339 1231 1362 electus
1247 1342 1286 1362 est
1301 1339 1375 1363 Dion.
1392 1340 1507 1369 Nugues.

377 1423 401 1448 1.
420 1423 532 1446 Nomina
547 1432 559 1446 «
573 1423 688 1447 Eustacii
704 1423 804 1447 Calculi
821 1431 832 1446 ι
848 1427 873 1446 et
894 1432 905 1446 «
922 1423 1051 1447 Roulandi
1069 1423 1213 1454 Scriptoris
1233 1432 1254 1453 1),
1270 1424 1345 1455 prius
1361 1424 1498 1455 inscripta,
1519 1424 1545 1446 in
1557 1424 1605 1446 hac
1620 1424 1687 1447 serie
1703 1423 1787 1447 deleta
1803 1427 1872 1447 sunt.
1891 1424 1925 1446 De
1941 1424 2058 1447 Rolnndo
2075 1423 2148 1447 Scri-

283 1468 367 1500 ptoris
381 1468 435 1491 vid.
449 1468 519 1491 infra
535 1468 603 1498 1443,
619 1468 684 1491 Nov.

285 1591 429 1628 2569.
457 1601 531 1633 Qaia
551 1609 565 1626 «
585 1609 602 1625 a
617 1601 720 1636 paucis
740 1600 842 1626 diebus
862 1601 936 1626 citra
957 1600 1038 1626 malti
1059 1601 1183 1633 impositi
1203 1605 1286 1627 erant
1307 1610 1343 1627 ex
1362 1601 1509 1634 officiariis
1535 1600 1733 1626 Uniuersitatis
1753 1600 1792 1625 ad
1808 1609 1929 1634 magnas
1948 1609 2075 1625 summas
2094 1609 2148 1636 per

373 1649 483 1675 modam
501 1650 591 1675 mutui
606 1649 722 1675 dandas
735 1649 848 1675 domino
866 1650 1004 1675 bosiardo
1020 1650 1225 1676 Aurelianensi
1240 1651 1313 1676 ituro
1329 1659 1382 1686 pro
1398 1650 1517 1676 levando
1533 1650 1709 1675 obsidionem
1728 1649 1762 1675 de
1781 1649 1847 1675 villa
1864 1649 1898 1674 de
1916 1649 2051 1685 Dieppe',
2068 1653 2094 1675 et
2112 1649 2147 1675 de

372 1701 451 1733 sacto
474 1698 556 1724 multi
580 1707 616 1724 ex
638 1699 786 1732 officiariis
811 1700 986 1725 incarcerati
1007 1703 1102 1725 essent
1119 1699 1146 1725 in
1168 1699 1288 1725 hastilia
1311 1709 1335 1733 »,
1362 1699 1538 1725 Universitas
1563 1698 1704 1725 intimavit
1727 1698 1903 1724 cessationes
1927 1707 1945 1723 a
1969 1698 2147 1724 sermonibus

374 1748 503 1774 Novemb.
520 1749 569 1782 16,-
584 1748 675 1774 sotum
689 1748 819 1774 Decemb.
838 1749 851 1774 1
869 1748 949 1784 apud
966 1751 993 1774 S.
1011 1749 1183 1783 Maglorium
1198 1758 1342 1775 sermones
1358 1750 1497 1784 resumpti
1511 1752 1585 1774 sunt.

1316 1839 1393 1869 7442,
1407 1838 1520 1865 Noremb.
1538 1838 1696 1864 76-Decemb.
1715 1839 1732 1867 1,
1750 1838 1862 1863 Parisiis.

380 1929 498 1952 Aue-tar.
517 1928 644 1952 Cliartul.
664 1928 788 1952 Univers.
802 1928 904 1956 Paris„
922 1928 954 1956 11,
970 1936 996 1959 p.
1013 1928 1066 1956 561,
1083 1929 1180 1956 lio-56¹2,
1196 1928 1234 1956 10,
1250 1928 1288 1955 30,
1302 1928 1340 1950 110.

379 2012 402 2037 1.
419 2013 478 2036 Vid.
493 2016 547 2036 not.
563 2013 589 2036 in
604 2015 723 2037 Auctar.

287 2126 432 2164 2570.
458 2136 592 2162 Facultas
615 2137 784 2172 theologiae,
812 2137 993 2173 approbante
1028 2138 1226 2171 Universitate,
1257 2137 1404 2172 restringit
1428 2136 1660 2163 consuetudinem
1685 2136 1910 2162 Meridie-antium
1940 2139 2078 2171 quantum
2108 2135 2148 2161 ad

374 2185 510 2221 Batneos,
530 2187 739 2213 Sententiarios
754 2191 781 2213 et
794 2191 1013 2223 praesentatos;
1029 2192 1192 2214 revocentur
1207 2187 1323 2214 litterae
1338 2187 1461 2221 Eugenii
1477 2187 1524 2212 IV.

1447 2277 1521 2305 1442,
1537 2275 1683 2302 Decembris
1700 2276 1731 2304 11,
1749 2276 1862 2301 Parisiis.

377 2365 483 2397 Anno
496 2365 640 2397 Domini
655 2366 751 2406 1442,
765 2366 823 2398 die
843 2367 880 2398 11
899 2366 1036 2398 mensis
1053 2365 1266 2398 Decembris
1284 2372 1445 2409 temporo
1462 2365 1728 2410 procurationis
1744 2364 1883 2397 Odonis
1901 2364 1944 2396 de
1958 2363 2145 2404 Credulio7

288 2430 462 2464 licentiati
486 2431 522 2463 in
544 2432 754 2474 medicina‘,
782 2433 1014 2466 concorditer
1038 2433 1103 2466 suit
1125 2433 1337 2465 conclusum
1367 2433 1403 2464 in
1432 2433 1561 2465 Sancto
1588 2431 1793 2464 Mathurino
1824 2443 1889 2475 per
1918 2431 2085 2463 nationes
2114 2437 2149 2462 ct

287 2498 475 2531 facultates
510 2506 658 2543 propter
690 2500 974 2533 controversiam
1008 2506 1137 2533 motam
1170 2501 1206 2532 in
1240 2499 1444 2533 veneranda
1479 2499 1645 2531 facultate
1676 2498 1860 2542 theologie
1891 2498 1985 2530 inter
2008 2497 2148 2529 Mendi-

287 2572 411 2598 cantcs
428 2572 464 2598 et
479 2565 569 2598 alios
587 2578 658 2598 non
676 2567 926 2600 Mendicantes
943 2567 1135 2600 occasione
1152 2567 1338 2611 cujusdam
1357 2566 1455 2598 bullc
1473 2566 1661 2611 impetrate
1678 2578 1696 2598 a
1713 2565 1819 2597 dictis
1842 2564 2147 2605 Mendicantibus,

288 2633 567 2665 contradictorio
590 2645 632 2666 ex
653 2634 792 2667 directo
815 2635 958 2667 statutis
978 2634 1159 2667 facultatis
1177 2634 1359 2679 theologie
1382 2640 1417 2666 ct
1438 2633 1706 2673 Universitatis,
1726 2632 2029 2677 quamplurimum
2047 2632 2148 2664 dero-

287 2699 407 2744 gantis
428 2700 582 2741 eisdem⁷
600 2701 697 2744 quod
721 2701 862 2734 articuli
884 2708 1081 2746 sequentes
1103 2701 1360 2745 redigerentur
1381 2701 1417 2732 in
1439 2700 1584 2744 scriptis
1606 2700 1642 2731 in
1664 2699 1768 2731 libris
1790 2699 1988 2740 nationum,
2011 2705 2046 2731 et
2066 2698 2149 2731 illos

282 2767 499 2810 juraverunt
530 2779 657 2800 omncs
688 2768 851 2812 magistri
884 2775 1038 2813 quatuor
1071 2769 1249 2801 Ordiuum
1286 2767 1569 2800 Biendicantium
1602 2773 1670 2799 tam
1705 2766 1909 2810 regentium
1938 2778 2042 2810 quam
2077 2777 2148 2798 11011

288 2834 492 2878 regentium
531 2834 738 2879 specialiter
771 2836 813 2867 ad
849 2835 916 2868 hoc
952 2836 1079 2876 vocati,
1111 2842 1146 2868 et
1175 2834 1365 2867 baccalarii
1398 2834 1434 2866 in
1461 2833 1645 2884 theologia
1682 2833 1859 2865 dictorum
1893 2832 2086 2874 Ordinum,
2112 2832 2147 2865 in

288 2907 485 2945 conspectu
508 2901 679 2934 videlicet
699 2902 967 2943 Universitatis⁷
991 2902 1198 2935 observare.
1223 2901 1279 2934 Sic
1301 2913 1386 2935 vcro
1409 2907 1483 2933 crat
1504 2900 1718 2945 inscriptum
1741 2900 1777 2932 in
1799 2899 1946 2932 scedula
1970 2911 1976 2931 z
