2502 3418
385 335 448 367 352
967 345 1285 367 CHARTULAntUM
1322 344 1511 366 UNIVERS.
1549 344 1673 366 rmus.
2153 330 2254 367 [1418

387 418 670 463 disputationum
707 419 811 452 etiam
845 419 1108 451 ordinariarum
1140 419 1396 464 magistrorum
1428 418 1633 462 regentium
1662 417 1899 450 facultatis...
1938 418 2018 450 Fuit
2043 417 2093 450 ihi
2120 429 2253 462 propo-

387 485 508 526 situm,
539 485 635 530 quod
660 492 811 530 propter
836 485 1011 518 maliciam
1038 492 1256 530 temporum,
1279 491 1458 517 causataln
1488 497 1530 517 ex
1555 491 1655 529 parte
1681 495 1910 529 guerrarum,
1934 488 2021 529 [per]
2045 484 2252 518 victualium

386 553 573 597 penuriam
606 564 669 585 seu
700 553 880 585 caristiam
912 559 947 585 et
979 552 1194 597 pestilencie
1221 552 1421 597 vigorem¹,
1450 551 1552 583 multi
1588 551 1771 595 magistri,
1804 550 1994 584 baccalarii
2025 557 2060 583 et
2093 551 2254 584 scolares

387 625 488 651 erant
515 619 686 652 absentes
714 631 731 651 a
752 619 836 652 villa
864 619 1062 652 Parisiensi
1083 621 1250 663 (propter
1278 618 1375 662 quod
1406 617 1565 650 studium
1598 623 1675 650 erat
1703 624 1912 650 evacuatum
1942 630 1960 650 a
1991 617 2194 650 scolaribus
2220 624 2255 650 et

386 685 596 718 baccalariis
617 686 678 730 qui
700 692 969 718 consueverunt
997 686 1192 730 magistros
1214 685 1250 717 in
1273 685 1350 717 suis
1371 683 1591 717 lectionibus
1613 683 1795 726 visitare);
1824 684 1922 721 item,
1945 684 2063 728 quod²
2089 684 2254 730 magistri

387 759 570 797 regentes,
596 759 742 797 propter
763 752 1031 784 multitudinem
1053 751 1292 791 infirmorum,
1317 750 1481 795 occupati
1503 757 1588 783 sunt
1608 750 1778 794 practice,
1800 762 1872 783 non
1894 757 2062 795 potentes
2084 763 2254 783 exercere

386 826 486 851 actus
508 819 696 863 regencie;
720 819 884 863 insuper,
910 818 1007 863 quod
1028 818 1216 850 videretur
1235 817 1385 850 facultas
1406 817 1556 849 nimium
1583 817 1743 862 rigorem
1774 817 1852 850 suis
1882 806 2254 862 suppositis,⁴quibus

385 886 550 931 graciosa
583 897 664 918 esse
696 885 819 925 debet,
853 892 888 917 et
918 885 1128 917 baccalariis
1158 884 1389 925 absentibus,
1421 885 1552 925 facere,
1585 884 1615 916 si
1647 890 1797 929 propter
1825 884 2021 929 legitimam
2054 884 2253 917 absentiam

388 965 511 985 eorum
533 965 550 984 a
576 952 736 993 Parisiis,
760 952 879 984 causis
901 952 1072 996 pretactis
1099 951 1347 996 exigentibus,
1376 950 1725 995 tempuslaberetur
1752 958 1876 984 contra
1904 963 1968 984 eos
1996 958 2031 984 et
2061 952 2098 984 in
2128 963 2253 984 eorum

386 1019 646 1064 prejudicium,
671 1025 704 1051 et
725 1025 909 1063 postremo
931 1018 998 1050 fuit
1018 1018 1222 1062 expositum
1245 1018 1343 1062 quod
1364 1018 1401 1050 in
1420 1017 1500 1050 aliis
1521 1017 1752 1050 facultatibus
1774 1025 1808 1051 et
1829 1018 2044 1051 nacionibus
2065 1018 2255 1052 Universi-

387 1086 481 1125 tatis,
505 1085 627 1118 matris
648 1091 784 1126 nostre,
807 1085 984 1117 lectiones
1010 1091 1045 1117 et
1069 1084 1342 1129 disputaciones
1368 1084 1551 1117 ordinarie
1578 1091 1679 1117 erant
1706 1084 1823 1118 delate
1851 1091 1887 1117 et
1913 1085 2080 1126 remisse,
2106 1092 2255 1130 propter

387 1164 513 1184 causas
545 1157 732 1196 pretactas.
762 1152 914 1196 Propter
939 1163 1008 1195 que
1035 1151 1168 1192 onmia,
1194 1151 1344 1184 facultas
1372 1158 1486 1184 mater
1510 1158 1646 1193 nostra,
1673 1158 1758 1184 tunc
1786 1151 1960 1196 predictis
1986 1152 2255 1185 consideracio-

387 1218 494 1250 nibus
526 1225 631 1259 mota,
664 1218 895 1250 concorditer
924 1217 1150 1255 deliberavit,
1183 1218 1282 1262 quod
1311 1218 1456 1251 volebat
1486 1225 1521 1251 et
1551 1218 1678 1260 voluit,
1712 1219 1809 1263 quod
1840 1225 1909 1251 tam
1940 1218 2117 1252 lectiones
2148 1231 2252 1264 quam

387 1285 658 1330 disputaciones
686 1284 910 1329 regencium,
947 1284 1130 1317 ordinarie
1162 1285 1355 1326 dumtaxat,
1388 1285 1648 1326 differ[r]entur
1681 1296 1798 1330 usque
1824 1292 1907 1330 post
1934 1286 2066 1318 festum
2099 1287 2252 1331 Regum.

387 1352 512 1385 Voluit
529 1358 646 1384 tamen
669 1351 766 1396 quod
787 1351 902 1396 prima
923 1351 981 1384 die
1003 1351 1178 1384 ordinarii
1199 1352 1363 1397 magistri
1381 1352 1580 1385 existentes
1601 1352 1762 1385 Parisius
1779 1352 1955 1397 incipiant
1974 1352 2152 1386 lectiones
2170 1364 2254 1386 suas

385 1430 474 1463 quas
503 1418 625 1451 eadem
657 1418 806 1451 facultas
834 1418 1018 1451 contineat
1046 1430 1163 1463 usque
1195 1425 1278 1463 post
1312 1419 1444 1452 festum
1475 1421 1628 1464 Regum.
1664 1419 1788 1452 Noluit
1814 1426 1933 1452 tamen
1961 1419 2059 1464 quod
2087 1420 2118 1452 si
2143 1419 2253 1464 aliqui

385 1485 548 1530 magistri
569 1485 682 1518 velint
702 1485 887 1530 disputare
909 1485 1206 1526 extraordinarie,
1230 1492 1314 1530 puta
1335 1486 1379 1518 de
1402 1486 1600 1531 pastillaria
1621 1493 1681 1518 aut
1700 1485 1817 1527 aliter,
1842 1498 1907 1531 per
1927 1493 2133 1531 presentem
2157 1486 2255 1519 ordi-

387 1552 565 1585 nationem
587 1552 792 1596 aliqualiter
811 1552 1068 1597 impediantur.

475 1650 619 1673 Comment.
638 1651 686 1674 sac.
704 1650 782 1678 med„
799 1650 818 1678 1,
834 1658 860 1681 p.
873 1650 928 1673 227.
944 1664 974 1667 —
988 1650 1135 1678 Jounnam,
1153 1654 1181 1672 n⁰
1195 1650 1264 1673 1154.

474 1742 499 1767 1.
515 1743 573 1766 Vid.
590 1744 716 1773 Auctar.,
732 1743 764 1771 11,
782 1744 835 1771 254,
852 1744 881 1765 39
898 1743 939 1771 (ad
956 1751 998 1766 un.
1014 1744 1081 1771 1418,
1100 1744 1172 1774 Sept.
1189 1744 1227 1773 25)
1243 1751 1248 1766 :
1265 1752 1276 1766 «
1291 1743 1470 1767 Communiter
1483 1744 1553 1767 omni
1569 1744 1610 1767 die
1626 1741 1808 1767 moriebantur
1823 1744 1961 1776 quingenti
1976 1744 2095 1768 homines
2109 1748 2134 1768 et
2148 1753 2253 1768 summa

382 1790 545 1810 mortuorum
560 1787 630 1810 intra
643 1791 696 1810 tres
712 1795 814 1810 menses
833 1790 878 1810 aut
893 1787 1024 1810 modicum
1039 1788 1108 1811 ultra
1123 1788 1264 1811 taxabatur
1279 1788 1312 1811 ad
1327 1788 1354 1811 lx
1369 1788 1442 1811 milia
1458 1788 1594 1811 hominum
1610 1797 1631 1812 ».
1645 1802 1673 1806 -
1690 1788 1714 1813 2.
1731 1789 1779 1812 Ms.
1795 1789 1884 1821 potius
1899 1797 1905 1813 ι
1923 1798 1935 1812 1(
1949 1798 2028 1821 quam
2043 1798 2064 1813 ».

384 1981 443 2017 21
455 1981 528 2017 16
554 1990 672 2016 Carolus
689 1992 726 2017 VI
738 1991 900 2026 magistros,
921 1991 1059 2025 doctores,
1079 1995 1218 2026 regentes,
1236 1993 1389 2028 supposita
1407 2001 1441 2018 ac
1457 1992 1614 2026 studentes,
1636 1991 1764 2018 bedellos
1778 1995 1805 2018 et
1820 1993 1835 2018 4
1851 1991 1988 2017 librarios
2002 1992 2163 2018 nominatos
2182 1992 2251 2019 Uni—

472 2039 614 2065 versitatis
631 2048 649 2065 a
662 2040 739 2066 novis
756 2041 880 2066 vinorum
893 2045 1012 2077 propter
1027 2041 1204 2067 ohsidionem
1218 2042 1371 2076 Rotomagi
1401 2041 1429 2067 in
1445 2041 1628 2067 Parisienses
1644 2041 1877 2077 impositionibus
1893 2040 2003 2068 eximit.

1599 2131 1668 2160 7418,
1686 2131 1771 2156 Octob.
1784 2132 1828 2161 27,
1846 2131 1963 2157 Parisiis.

472 2215 636 2256 Charles,
658 2228 721 2260 par
742 2216 774 2248 la
795 2228 902 2260 grace
920 2217 964 2249 de
987 2218 1077 2249 Dieu
1099 2229 1164 2262 roy
1181 2217 1224 2250 de
1247 2219 1394 2259 France,
1413 2221 1431 2251 a
1453 2225 1534 2251 tous
1551 2230 1641 2251 ceux
1662 2219 1723 2263 qui
1741 2230 1801 2251 ces
1823 2218 1949 2251 lettres
1966 2225 2125 2259 verront,
2144 2218 2249 2251 salut.

384 2282 532 2315 Comme
553 2294 644 2327 pour
664 2282 873 2315 l‘eminente
897 2290 932 2316 et
953 2284 1095 2316 notoire
1117 2285 1299 2317 necessite
1321 2285 1365 2318 de
1387 2285 1553 2318 secourir
1579 2287 1597 2318 a
1622 2292 1746 2318 nostre
1772 2297 1955 2330 royaume,
1981 2285 2042 2330 qui
2064 2292 2120 2318 est
2140 2284 2254 2318 moult

385 2348 509 2382 desole
536 2356 571 2381 et
592 2349 858 2394 endommagie,
883 2356 959 2383 tant
979 2363 1042 2395 par
1063 2351 1255 2393 divisions,
1278 2363 1417 2384 comme
1439 2364 1549 2397 aussy
1569 2364 1632 2397 par
1651 2352 1684 2384 la
1706 2352 1878 2385 descente
1900 2364 1945 2384 en
1966 2352 2186 2384 Normendie
2207 2352 2251 2385 de

384 2422 507 2448 nostre
528 2416 655 2448 ancien
677 2417 822 2449 ennemi
843 2417 1108 2462 d’Engleterre,
1137 2418 1198 2462 qui
1228 2418 1272 2451 de
1303 2425 1452 2463 present
1477 2419 1568 2452 tient
1596 2419 1763 2464 assiegee
1794 2426 1918 2452 nostre
1948 2418 2069 2452 bonne
2094 2418 2178 2451 ville
2207 2419 2251 2451 de

386 2483 523 2524 Rouen,
542 2483 644 2516 aions
662 2495 815 2528 nagares
837 2484 977 2528 impose
999 2497 1075 2530 ung
1095 2485 1174 2518 aide
1192 2497 1255 2518 sur
1270 2485 1324 2518 les
1341 2486 1421 2518 vins
1439 2486 1483 2518 de
1504 2486 1536 2519 la
1552 2486 1637 2519 ville
1655 2493 1690 2519 et
1706 2486 1863 2519 election
1880 2486 1924 2519 de
1941 2486 2054 2526 Paris,
2073 2492 2108 2518 et
2127 2492 2251 2519 nostre

385 2556 458 2582 tres
476 2549 596 2582 chiere
614 2557 648 2582 et
664 2557 737 2583 tres
754 2554 854 2583 amee
871 2550 944 2583 fille
965 2551 1199 2584 l’Universite
1218 2552 1261 2585 de
1283 2553 1382 2586 Paris
1403 2553 1707 2597 gracieusement,
1725 2553 2029 2587 volontairement
2044 2559 2080 2585 et
2099 2552 2251 2585 liberau-
2275 2560 2279 2562 '

385 2623 482 2648 ment
503 2629 595 2649 nous
618 2617 664 2649 ait
686 2618 822 2650 octroie
846 2630 915 2662 que
937 2618 1060 2651 icellui
1081 2618 1232 2652 subside
1257 2620 1328 2652 soit
1348 2619 1427 2652 leve
1449 2632 1512 2653 sur
1537 2632 1597 2653 ses
1623 2632 1775 2665 suppos,
1798 2632 1936 2653 comme
1958 2631 2021 2652 sur
2041 2620 2094 2652 les
2116 2626 2249 2657 autres,

387 2694 470 2715 sans
491 2683 676 2727 prejudice
699 2684 742 2716 de
764 2696 824 2717 ses
845 2684 1057 2730 privileges,
1080 2686 1294 2728 sranchises,
1319 2698 1452 2731 usages
1479 2693 1514 2719 et
1538 2686 1702 2728 libertes,
1730 2694 1765 2720 et
1792 2699 1861 2732 que
1883 2699 1922 2720 ce
1944 2698 1989 2719 ne
2009 2687 2133 2731 puisse
2156 2693 2252 2719 estre

387 2749 468 2781 trait
489 2752 506 2781 a
527 2761 780 2794 consequence
802 2763 848 2783 ou
869 2758 986 2796 temps
1008 2752 1158 2784 advenir
1181 2765 1187 2785 :
1212 2765 1318 2794 nous,
1342 2754 1580 2786 considerans
1599 2754 1631 2786 la
1652 2761 1759 2798 grant
1778 2766 1904 2786 amour
1924 2760 1959 2786 et
1978 2753 2157 2794 affection,
2181 2764 2250 2797 que

388 2816 608 2848 nostredicte
635 2816 707 2849 fille
734 2829 751 2849 a
776 2829 859 2850 vers
881 2830 987 2859 nous,
1082 2831 1194 2852 avons
1219 2819 1342 2861 voulu,
1371 2820 1513 2853 declare
1544 2827 1579 2853 et
1608 2820 1784 2862 ordonne,
1812 2820 1981 2861 voulons,
2004 2819 2195 2852 declarons
2217 2825 2252 2851 et

389 2882 599 2929 ordonnons
621 2895 683 2927 par
703 2895 763 2916 ces
784 2891 987 2928 presentes,
1007 2897 1076 2929 que
1098 2885 1151 2918 les
1173 2886 1356 2928 docteurs,
1380 2887 1546 2920 maistres
1568 2899 1714 2932 regens,
1733 2887 1828 2920 vrais
1850 2898 1987 2932 suppos
2009 2893 2044 2919 et
2063 2886 2250 2919 estudians
