2502 3418
286 316 383 353 1448]
630 330 675 352 ΑΒ
710 330 814 352 ΑΝΝο
849 330 1136 352 ΜοοοιΧΧΧΧῐν
1170 330 1301 358 USQUE
1337 330 1384 351 AD
1418 330 1556 352 ANNUM
1591 331 1795 354 zuccccrii.
2079 322 2144 354 683

378 404 447 428 Bibl.
462 408 516 429 nat.
532 404 625 432 Puris„
643 413 691 429 mS.
710 405 756 428 lnt.
770 405 846 428 16576
861 405 939 435 (saec.
956 406 1030 434 xv11),
1047 405 1092 428 sol.
1110 405 1162 432 140,
1179 407 1203 427 et
1220 404 1314 435 incipit
1328 412 1333 427 z
1348 414 1360 425 α
1377 404 1514 428 Universis
1532 404 1750 428 christifidelibus
1767 405 1880 428 decanus
1899 408 1923 428 et
1943 406 2054 429 facultas
2074 406 2146 429 theo-

282 449 353 480 logie
366 449 552 473 Universitatis
565 449 650 473 Puris.
665 450 777 472 salutem
835 450 928 472 Notum
946 449 1067 479 facimus,
1080 449 1149 480 quod
1160 457 1219 472 cum
1233 449 1366 472 discordia
1382 457 1427 472 seu
1443 449 1573 472 dissensio
1587 459 1600 470 ι)
1615 452 1673 478 etc„
1688 452 1716 472 ut
1727 449 1752 472 in
1764 452 1835 472 textu
1850 450 1896 473 lin.
1909 451 1944 473 8¹¹.
1961 450 2145 478 D'Anumrnss,

286 494 352 519 coll.
363 495 437 524 jud„
452 494 486 523 12,
501 502 527 525 p.
544 495 599 523 250,
615 497 644 517 ut
658 502 747 525 supra.

377 578 402 603 1.
423 579 509 610 Supra
528 578 625 610 agitur,
644 579 713 610 quod
729 578 905 602 D'Ancnums
921 578 997 609 sugit,
1012 578 1044 601 de
1059 577 1188 609 sanguine
1204 578 1274 609 apud
1290 577 1403 600 Minores
1423 577 1549 608 Rupellae
1567 580 1721 600 conservato
1736 580 1760 600 et
1775 581 1908 607 venerato,
1925 581 1951 601 ut
1966 586 1978 600 e
1994 578 2150 601 documento

286 623 405 655 sequenti
422 627 522 647 certum
537 623 574 647 fit.
591 624 662 646 Inter
674 623 740 646 alios
756 623 896 654 episcopus
915 623 1067 654 Rupellens.
1086 622 1247 646 venerationi
1264 630 1291 645 se
1307 621 1441 653 opposuit.
1457 635 1488 639 ——
1502 621 1525 646 2.
1544 622 1590 645 Ed.
1608 629 1615 645 ε
1633 632 1645 643 κ
1667 622 1775 645 Vaucelt
1790 632 1812 645 ».
1827 635 1858 640 —
1875 622 1899 646 3.
1917 622 1980 646 Ord.
1999 623 2091 646 Praed.
2110 623 2150 646 Cf.

286 668 365 691 etiam
383 669 513 697 Auctar„
529 668 562 697 11,
578 676 605 699 p.
622 668 676 697 732,
691 669 715 697 le,
732 671 758 691 et
776 676 858 699 supra
874 667 984 699 pluries.
1001 681 1030 686 -—·
1048 667 1072 692 4.
1089 668 1135 691 Ed.
1154 675 1159 690 :
1177 677 1190 688 «
1205 667 1342 690 Vaurillon
1358 677 1381 691 ».
1404 666 1464 690 Fuit
1483 666 1546 690 Ord.
1562 666 1625 690 Min.
1643 666 1700 690 Vid.
1714 671 1743 689 n⁰
1758 667 1827 696 2625,
1842 670 1895 690 not.
1912 667 1935 690 2.
1954 680 1985 684 —-
1999 666 2022 691 5.
2042 677 2054 687 n
2070 668 2102 690 ad

287 712 384 735 mensis
407 712 468 735 Maii
490 722 504 733 υ
527 720 579 735 om.
599 712 687 736 editio.
701 726 733 729 —
753 712 777 737 ὃ.
798 712 941 735 Facultntis
957 712 1038 735 theol.
1054 712 1138 735 Paris.
1152 711 1282 743 judicium
1298 712 1441 734 concordat
1456 719 1514 734 cum
1532 711 1577 742 pia
1594 711 1645 734 fide
1660 711 1835 741 saeculorum,
1858 719 1924 742 quae
1945 715 2153 742 praecesserant,

286 756 432 788 particulas
447 756 503 780 veri
522 756 665 788 Sanguinis
683 756 791 784 Christi,
806 756 949 787 etquidem
965 765 1016 780 non
1034 757 1119 780 solum
1135 756 1161 779 in
1177 756 1292 785 Oriente,
1307 756 1351 779 sed
1368 756 1445 779 etiam
1464 756 1490 778 in
1507 756 1674 779 Occidentem
1690 764 1720 779 ex
1735 756 1841 779 Oriente
1856 755 1978 779 translati
1994 756 2154 779 conservari.

288 802 323 825 Ut
339 801 429 833 aliqua
441 802 535 824 saltem
550 804 681 830 notemus,
697 801 751 825 vid.
774 801 937 826 Translatio
951 802 1104 832 sanguinis
1123 802 1203 825 Dom.
1218 802 1250 825 in
1268 801 1392 831 Auqiam
1408 809 1450 824 an.
1466 802 1512 824 925
1524 809 1568 832 ap.
1582 801 1669 829 Mosa,
1688 800 1979 831 Quellmsammluny,
1997 801 2015 828 1,
2031 810 2057 832 p.
2072 802 2153 824 68-77.

288 858 317 864 —-
331 846 366 869 De
382 845 516 877 Sanguine
537 846 633 877 Brugis
655 849 820 875 conservato,
834 848 896 870 Act.
919 847 981 877 SS.,
1003 846 1090 870 Martii
1116 847 1149 875 11,
1172 855 1199 877 p.
1219 847 1278 874 378;
1302 846 1432 877 (Claros)
1455 846 1536 870 Essai
1552 852 1604 870 sur
1621 846 1703 870 l‘hist.
1722 847 1762 869 du
1784 846 1812 869 S.
1831 846 1910 876 Sanq
1934 846 2049 876 (Bi-ugis,
2076 846 2154 875 1850),

287 899 314 922 p.
329 893 368 920 55,
384 891 423 914 68.
437 904 465 908 —
483 891 605 914 Mantuae
620 894 645 914 et
657 890 835 922 Weingartem
852 892 886 914 cs.
902 891 1016 921 Bmzox„
1032 892 1109 915 Arm.
1130 891 1163 914 nd
1183 899 1225 914 an.
1244 892 1299 919 80¹1,
1317 895 1346 913 11⁰
1362 891 1383 919 1,
1402 894 1427 914 et
1444 899 1487 921 ap.
1505 891 1602 919 Puwrz,
1618 890 1696 914 Mon.
1712 890 1814 919 Germ„
1831 890 1940 922 script„
1955 891 2005 919 XV,
2023 891 2045 919 2,
2059 899 2085 921 p.
2100 891 2154 914 921.

289 949 320 953 —
330 935 471 965 Fiseamni,
484 935 539 959 vid.
555 935 628 960 Gall.
643 935 750 964 christ„
766 936 809 965 XI,
825 944 852 967 p.
868 937 926 964 20li;
943 936 979 959 LE
994 937 1071 959 Roux
1085 943 1119 959 nr:
1136 936 1230 965 Lxxcr,
1247 936 1328 960 Essai
1344 935 1408 960 hist.
1424 939 1450 959 et
1466 935 1554 959 litte'r.
1569 941 1621 959 sur
1634 935 1758 965 l'ahbaye
1772 936 1804 958 cle
1819 936 1937 965 Fe'camp
1953 936 2060 965 (Roum,
2075 935 2156 964 1840),

290 989 317 1012 p.
332 981 362 1003 63
374 988 447 1012 sqq.;
460 981 489 1004 A.
505 980 625 1004 POTTOER
639 980 665 1003 in
678 980 773 1004 Revue
785 980 982 1010 re'trospective
994 980 1156 1005 Norma‘ndc
1170 981 1278 1009 (Rauen,
1295 981 1374 1009 1842),
1391 985 1420 1003 n⁰
1435 982 1458 1003 5.
1474 993 1501 997 —
1519 981 1566 1003 An.
1583 980 1642 1002 1247
1659 980 1799 1011 episcopus
1813 979 1984 1009 Norwicens„
2001 980 2158 1004 Guillelmus

290 1025 424 1053 Batemnn,
441 1028 467 1048 et
481 1024 621 1056 episcopus
634 1025 820 1052 Lincolniens„
834 1025 964 1048 Robcrtus
980 1025 1154 1054 Grosseteste,
1171 1033 1304 1048 sermones
1318 1024 1524 1056 pronuntiarunt
1540 1024 1565 1047 in
1579 1024 1695 1047 Concilio
1710 1024 1868 1055 provinciali
1885 1023 2160 1047 Westmonasteriensi

291 1070 323 1093 de
335 1078 397 1093 vero
415 1069 549 1101 Sanguine
564 1069 662 1093 Christi
677 1073 739 1093 tunc
757 1078 789 1093 ex
803 1070 950 1093 Jerusalem
971 1069 997 1093 in
1015 1069 1137 1101 Angliam
1155 1070 1284 1093 translato
1303 1070 1418 1099 (ΜΛΤΤΗ,
1440 1070 1530 1099 Pinus,
1551 1069 1653 1094 Chron.
1668 1070 1744 1099 maj..
1764 1069 1805 1093 ed.
1819 1069 1921 1098 Lutum,
1941 1070 1982 1097 IV,
2001 1078 2027 1100 p.
2044 1070 2160 1097 filio-Gla&

291 1114 334 1145 VI,
347 1123 375 1145 p.
391 1115 512 1145 138-144).
527 1115 561 1138 Et
578 1114 632 1146 jam
652 1122 694 1138 an.
711 1115 772 1138 1205
792 1114 883 1138 Nivelo
903 1115 935 1138 de
953 1114 1072 1146 Cherisy,
1093 1114 1234 1145 episcopus
1250 1114 1443 1142 Suessionens.,
1465 1114 1564 1137 Christi
1580 1114 1735 1145 sanguinem
1751 1114 1784 1136 ab
1800 1114 1858 1145 ipso
1878 1122 1909 1137 ex
1928 1114 2033 1138 Oriente
2049 1115 2160 1137 allatum

291 1159 418 1183 ecclesiae
433 1159 460 1183 S.
477 1159 571 1183 Albani
585 1159 613 1182 in
627 1160 757 1183 Namurco
771 1159 900 1183 concessit
913 1159 999 1189 (Gall.
1014 1160 1123 1187 christ„
1137 1160 1180 1190 lx,
1196 1167 1223 1190 p.
1240 1161 1304 1189 365).
1320 1173 1350 1176 —
1368 1159 1391 1184 7.
1407 1159 1454 1182 Ed.
1467 1169 1480 1179 «
1497 1159 1565 1182 Ense
1576 1169 1599 1182 υ.

1015 1272 1231 1304 APPENDIX
1260 1271 1292 1303 Ni
1320 1272 1432 1305 2634.

295 1371 440 1408 2635.
463 1380 601 1406 Nicolaus
623 1381 645 1407 V
655 1380 761 1416 accipit
775 1381 949 1415 Sanguinem
962 1382 1029 1407 Iesu
1045 1381 1151 1407 Christi
1164 1381 1306 1418 Rupellae
1321 1381 1402 1417 apud
1416 1381 1540 1407 Minores
1555 1384 1749 1407 conservatum
1761 1389 1813 1416 pro
1830 1380 1975 1415 Sanguine
1991 1389 2027 1406 ex
2039 1380 2164 1415 imagine

384 1429 480 1465 Beryti
495 1431 597 1465 effuso.

1494 1467 1566 1497 7449,
1581 1467 1688 1499 Augusti
1702 1468 1740 1497 19,
1757 1466 1881 1492 Fabriani.

383 1554 524 1584 Nicolaus,
544 1556 599 1581 etc.
612 1554 775 1581 Venerabili
795 1555 830 1581 fr.
847 1555 990 1581 Gnidoni¹
1008 1555 1143 1590 episcopo
1158 1555 1354 1582 Xanctonensi
1369 1556 1504 1585 salutem.
1521 1557 1575 1581 etc.
1592 1555 1727 1581 Exhibita
1743 1555 1826 1581 nobis
1841 1562 1937 1588 nuper
1951 1562 2005 1588 pro
2018 1556 2100 1588 parte
2115 1554 2166 1580 dil.

296 1603 338 1629 fil.
356 1603 482 1629 fratrum
498 1604 647 1630 Minorum
662 1606 824 1630 conventus
838 1605 960 1638 Rupelle
976 1606 1025 1631 tue
1045 1605 1119 1631 dioc.
1143 1605 1245 1639 petitio
1267 1605 1445 1634 continebat,
1463 1605 1543 1638 quod
1558 1605 1611 1638 ipsi
1626 1605 1657 1630 in
1673 1605 1775 1631 eodem
1791 1606 1936 1631 conventu
1953 1604 1988 1630 ab
2001 1604 2086 1630 annis
2100 1603 2169 1637 plu-

298 1652 379 1678 rimis
393 1653 429 1679 de
443 1653 569 1687 pretioso
585 1653 733 1686 Sanguine
747 1653 861 1679 domini
877 1654 969 1680 nostri
984 1654 1051 1680 Jesu
1069 1654 1176 1680 Christi
1193 1654 1325 1688 aliquam
1339 1654 1513 1687 particulam
1534 1654 1674 1680 hahentes
1689 1654 1770 1679 illam
1790 1653 2027 1679 christifidelibus
2041 1653 2168 1678 adoran-

298 1701 368 1727 dam
391 1704 555 1729 monstrare
577 1703 801 1732 consueverunt,
825 1704 945 1736 propter
962 1704 1041 1737 quod
1062 1711 1169 1737 magna
1186 1703 1289 1737 populi
1309 1703 1471 1729 multitudo
1491 1703 1600 1729 ibidem
1621 1703 1741 1729 affluere
1761 1702 1952 1731 consueverit,
1973 1702 2004 1727 in
2019 1709 2076 1735 qua
2097 1709 2168 1727 con-

299 1751 455 1777 suetudine
476 1752 623 1785 prefatum
651 1751 831 1784 Sanguinem
852 1752 1038 1778 adorandum
1058 1752 1195 1779 fidelibus
1220 1752 1402 1781 ostendendi,
1424 1752 1507 1777 nullo
1532 1754 1747 1778 antecessorum
1770 1754 1892 1778 tuorum
1917 1751 2092 1784 prohibente
2118 1752 2171 1777 aut

299 1800 550 1834 impedimentum
562 1802 720 1834 prestante,
732 1809 825 1834 usque
840 1801 870 1826 in
886 1809 1002 1835 presens
1017 1803 1134 1835 tempus
1148 1802 1265 1836 pacifice
1278 1803 1513 1835 permanserunt.
1528 1801 1683 1827 Novissime
1697 1803 1797 1827 autem
1810 1802 1942 1827 asserunt
1956 1801 2170 1826 fraternitatem

300 1851 384 1876 tuam
399 1850 592 1884 prohibuisse.
608 1859 645 1877 ne
660 1859 711 1885 per
723 1851 799 1885 ipsos
814 1852 1013 1885 prediceretur
1023 1851 1131 1877 ibidem
1142 1851 1178 1877 de
1190 1851 1337 1885 Sanguine
1349 1852 1463 1877 domini
1479 1851 1570 1877 nostri
1585 1851 1652 1876 Jesu
1667 1851 1773 1877 Christi
1789 1851 1898 1881 haberi,
1915 1858 2069 1884 quousque
2085 1857 2171 1883 super

300 1899 356 1925 hoc
374 1899 454 1925 sedes
472 1899 627 1933 apostolica
652 1900 783 1926 consulta
800 1900 912 1934 aliquid
932 1900 1086 1926 statuisset.
1109 1900 1163 1926 Nos
1184 1900 1274 1933 igitur
1293 1900 1486 1930 attendentes,
1513 1908 1571 1934 que
1591 1900 1622 1925 in
1644 1900 1766 1933 septima
1787 1900 1894 1926 Sinodo
1918 1900 2096 1929 referuntur,
2120 1899 2171 1925 ubi

301 1948 427 1975 habetur
442 1956 538 1975 sermo
552 1949 653 1982 magni
669 1949 817 1975 Athanasii
837 1950 1025 1976 Alexandrini
1040 1949 1215 1983 pontificis²‚
1234 1949 1264 1975 in
1280 1957 1340 1983 quo
1360 1949 1538 1975 miraculum
1558 1949 1632 1974 illud
1652 1949 1766 1982 insigne
1781 1949 1915 1977 refertur.
1936 1949 2017 1982 quod
2040 1950 2172 1982 tempore

302 2004 354 2023 suo
366 1997 398 2023 in
413 1997 510 2024 Berito
525 1998 640 2024 civitate
655 2000 804 2032 patratum
821 2000 872 2028 est,
888 1998 940 2024 ubi
957 2006 991 2024 ex
1005 1998 1134 2031 imagine
1149 1998 1302 2024 Salvatoris
1314 2006 1329 2024 a
1341 1998 1437 2031 judeis
1453 1998 1563 2024 ibidem
1578 1998 1829 2023 commorantibus
1850 1997 1940 2031 impie
1957 1997 2172 2030 crudeliterque

302 2054 436 2079 percussa
450 2046 599 2080 plurimus
613 2047 731 2080 sanguis
745 2047 868 2077 effluxit,
892 2055 952 2081 quo
968 2047 1110 2073 miraculo
1126 2047 1259 2073 universa
1275 2047 1435 2080 judeorum
1456 2047 1565 2073 ibidem
1587 2047 1839 2073 commorantium
1861 2047 2035 2076 multitudo,
2057 2047 2115 2072 Deo
2134 2046 2173 2072 ita

303 2097 453 2129 operante,
469 2097 618 2122 commota
633 2096 701 2123 fidei
716 2096 822 2122 Christi
836 2096 909 2123 colla
922 2097 1058 2122 submisit
1073 2098 1101 2123 et
1115 2097 1304 2122 christianam
1318 2097 1490 2130 religionem
1504 2097 1627 2130 professa
1640 2098 1691 2125 est,
1706 2096 1757 2129 qui
1773 2097 1870 2129 postea
1885 2096 1915 2121 in
1929 2096 2052 2122 diversas
2067 2095 2174 2121 mundi

303 2146 410 2178 partes,
431 2145 491 2171 Deo
510 2145 550 2171 ita
564 2145 746 2178 providente,
762 2145 887 2171 divisus³
906 2153 922 2171 a
937 2146 1073 2172 fidelibus
1088 2146 1204 2179 populis
1218 2146 1358 2171 adoratur
1370 2147 1399 2171 et
1416 2146 1579 2171 secundum
1595 2145 1675 2179 quod
1691 2146 1761 2171 fides
1775 2145 1963 2171 adorantium
1979 2147 2108 2171 meretur
2123 2146 2175 2170 aut

305 2194 446 2227 postulat,
465 2194 564 2221 divina
587 2194 729 2221 miracula
751 2202 916 2221 corruscare
935 2202 997 2221 non
1017 2196 1143 2225 cessant;
1160 2195 1215 2221 hoc
1238 2195 1330 2228 igitur
1347 2195 1542 2223 attendentes,
1567 2195 1740 2220 fraternitati
1761 2196 1811 2220 tue
1835 2194 2020 2228 injungimus
2039 2195 2068 2220 et
2087 2202 2174 2219 man-

305 2243 420 2273 damus,
435 2244 470 2269 ut
484 2243 507 2269 si
519 2251 535 2270 a
554 2245 636 2270 tanto
652 2245 784 2277 tempore
799 2244 929 2278 prefatus
946 2244 1068 2278 Sanguis
1081 2244 1188 2270 Christi
1203 2244 1234 2269 in
1250 2245 1396 2270 conventu
1416 2244 1529 2277 prefato
1551 2244 1707 2269 monstrari
1732 2243 1923 2272 consueverit,
1946 2243 2026 2277 qnod
2050 2243 2085 2269 de
2104 2251 2175 2269 con-

307 2292 396 2319 trario
416 2293 559 2319 memoria
578 2301 639 2319 non
661 2293 773 2323 existat,
793 2293 883 2319 nichil
906 2295 1007 2319 contra
1025 2294 1101 2319 hanc
1124 2293 1368 2320 consuetudinem
1388 2293 1542 2326 antiquam
1569 2293 1708 2318 innovare
1732 2300 1878 2326 procures,
1904 2293 1951 2318 sed
1976 2292 2176 2318 christifideles

307 2341 417 2368 ibidem
430 2342 550 2369 affluere
564 2344 716 2369 consuetos
730 2343 761 2368 in
776 2343 909 2376 ipsorum
923 2343 971 2376 pia
986 2343 1139 2369 devotione
1155 2350 1334 2376 perseverare
1352 2342 1515 2376 permittas,
1533 2350 1602 2368 cuin
1618 2342 1673 2367 hoc
1688 2342 1800 2368 veritati
1817 2342 1883 2367 fidei
1899 2349 1959 2367 non
1977 2343 2131 2375 repugnet,
2147 2343 2176 2367 et

308 2391 455 2417 devotioni
474 2391 608 2417 fidelium
622 2392 789 2425 plurimum
807 2392 986 2418 consulatur.
1001 2392 1147 2418 Omnibus
1161 2392 1281 2425 insuper
1299 2394 1328 2417 ct
1347 2392 1468 2425 singulis
1486 2393 1546 2417 tani
1562 2391 1702 2424 exemptis
1717 2399 1809 2424 quani
1825 2399 1885 2416 non
1901 2391 2042 2424 exemptis
2058 2391 2087 2416 in
2107 2398 2175 2424 pre-

308 2440 385 2466 dicta
400 2441 451 2466 tua
463 2440 568 2467 diocesi
583 2441 772 2467 existentibus
786 2441 817 2467 in
830 2441 937 2467 virtute
952 2443 1049 2467 sancte
1063 2441 1225 2467 obedientie
1238 2441 1396 2466 districtius
1409 2441 1584 2469 inhibentes,
1603 2448 1638 2466 ne
1652 2440 1799 2473 populum
1814 2448 1828 2465 a
1845 2440 1892 2473 pia
1907 2440 2070 2469 devotione,
2085 2448 2176 2473 quain

310 2489 451 2515 hactenus
468 2490 582 2520 habuit,
598 2490 635 2516 ad
653 2491 802 2524 prefatum
822 2491 928 2517 Christi
949 2490 1129 2524 Sanguinem
1144 2491 1174 2516 in
1190 2490 1267 2516 dicto
1285 2492 1432 2516 conventu
1452 2490 1654 2515 venerandum
1669 2489 1882 2523 quoquomodo
1898 2490 2045 2515 retrahere
2061 2489 2176 2522 publice

309 2540 492 2573 presumant.
508 2539 618 2565 Datum
634 2539 766 2566 Fabriani
781 2540 976 2567 Camerinens.
987 2540 1062 2566 dioc.
1079 2547 1168 2570 anno,
1184 2541 1250 2569 etc..
1268 2540 1293 2565 M
1307 2539 1396 2565 CCCC
1410 2539 1504 2568 XLIX,
1518 2539 1610 2571 pridie
1625 2539 1664 2564 id.
1681 2539 1814 2571 Augusti,
1831 2546 1909 2564 anno
1924 2538 2018 2564 tertio.

405 2628 468 2658 fleg.
484 2627 542 2651 vat.
558 2627 659 2652 Nic01ai
675 2627 703 2658 v,
719 2632 748 2651 no
762 2629 816 2658 389,
834 2629 879 2652 τοι.
895 2629 950 2653 226.

406 2712 431 2737 1.
449 2713 485 2736 De
501 2713 582 2744 Rupe,
599 2713 722 2745 episcopo
738 2714 771 2736 ab
786 2722 828 2737 an.
846 2714 914 2743 1426,
929 2715 996 2745 Aug.
1010 2715 1023 2737 2
1040 2714 1126 2744 (At-ch.
1145 2714 1211 2741 Vnt„
1230 2714 1285 2743 XII,
1298 2714 1351 2744 121,
1366 2722 1392 2745 p.
1409 2714 1472 2743 ⁶204).
1485 2727 1514 2730 —
1526 2712 1549 2737 2.
1565 2713 1651 2743 Supra
1667 2712 1755 2743 agitur
1770 2713 1801 2736 de
1817 2713 1917 2744 spurio.
1934 2713 2041 2736 minime
2055 2714 2178 2745 genuino,

313 2765 433 2781 sermone
449 2766 495 2781 seu
517 2759 645 2789 opusculo
661 2759 688 2782 S.
703 2758 849 2787 Athanasii,
870 2759 914 2790 qui
937 2759 963 2782 in
983 2759 1095 2782 diversis
1116 2759 1314 2782 recensionibus
1337 2759 1422 2781 editus
1445 2761 1485 2781 est
1504 2758 1529 2780 in
1554 2758 1620 2788 Opp.
1642 2758 1669 2781 S.
1686 2757 1840 2782 Athanasii
1860 2757 1987 2788 (Parisiis,
2011 2759 2088 2788 1698),
2108 2762 2126 2782 t.
2147 2759 2179 2787 11,

314 2811 340 2834 p.
356 2803 468 2826 344-355.
485 2802 568 2826 Sicuti
583 2803 726 2833 genuinum
744 2811 810 2834 opus
827 2804 853 2828 S.
869 2804 1005 2827 Athanasii
1023 2813 1038 2827 a
1055 2805 1131 2827 Petro
1147 2804 1314 2827 Nicomediae
1334 2803 1458 2834 episcopo
1475 2803 1619 2833 perlectum
1637 2805 1676 2825 est
1691 2802 1717 2824 in
1734 2802 1850 2825 sessione
1866 2803 1911 2826 lvst
1924 2803 2023 2826 Concil.
2039 2804 2061 2826 Il
2076 2803 2182 2827 Nicneni

315 2856 358 2871 an.
384 2848 428 2871 787
448 2848 556 2877 (Mum,
574 2848 639 2872 Coll.
665 2848 777 2878 Concil.,
793 2849 860 2878 XIII,
876 2858 903 2881 p.
923 2849 1013 2878 24-32).
1029 2862 1058 2866 —-
1075 2848 1099 2873 3.
1117 2850 1169 2872 1100
1186 2850 1265 2872 refert
1286 2849 1455 2871 Smmmnrrs
1472 2850 1549 2876 (saec.
1570 2849 1659 2876 xl-xn)
1680 2847 1705 2869 in
1721 2855 1768 2870 sua
1791 2848 1930 2872 Chronica
1952 2848 1983 2871 ad
2002 2856 2042 2871 an.
2067 2850 2120 2879 765,
2141 2849 2183 2873 ed.

317 2893 449 2919 ΒΕΤΗΜΛΝ
465 2892 491 2916 in
508 2893 604 2922 PERTZ,
622 2893 698 2918 Mon.
721 2893 822 2924 Germ„
842 2894 949 2926 Script.,
966 2894 1006 2921 Vl,
1024 2902 1050 2926 p.
1067 2895 1120 2923 333,
1138 2893 1182 2925 qui
1202 2893 1265 2917 dicit
1281 2901 1286 2917 :
1302 2903 1315 2915 α
1331 2893 1471 2925 episcopus
1496 2893 1651 2924 (Berytens.)
1675 2892 1831 2924 sanguinem
1852 2901 1900 2924 per
1915 2893 2046 2925 ampullas
2069 2894 2182 2918 divisum
