2502 3418
229 333 325 370 1417]
573 347 619 368 ΑΒ
654 347 758 369 ANNO
793 345 1082 368 MCCCLxxxxtv
1116 345 1246 373 USQUE
1282 346 1329 367 AD
1364 347 1502 369 ANNUM
1538 348 1741 371 mecccmi.
2025 341 2090 374 329

226 449 370 486 2081.
399 458 574 484 Universitas
593 459 689 485 Paris.
710 457 812 484 scribit
835 457 875 483 ad
895 457 994 483 ducem
1018 456 1197 483 Guillelmum
1218 457 1347 483 comitem
1364 457 1550 491 Ilollandiae,
1569 462 1598 484 ut
1621 459 1786 494 delphinum
1810 461 1941 496 impellat
1960 463 2091 488 Parisios

316 507 416 533 venire.

1390 543 1463 572 1417,
1480 542 1549 569 circa
1563 544 1621 568 dan.
1641 543 1677 572 74,
1693 544 1806 570 Parisiis.

316 629 421 662 Hault
437 636 472 662 et
492 629 659 675 puissant
679 635 803 662 nostre
825 635 898 661 tres
919 628 1111 661 honnoure
1132 628 1320 673 seigneur.
1340 629 1436 661 Pour
1452 641 1491 661 ce
1509 641 1579 673 que
1599 629 1633 662 le
1655 629 1740 662 bien
1761 642 1929 663 commun
1952 632 1995 664 de
2016 639 2093 665 cest

225 697 385 729 roiaume
406 708 423 729 a
445 695 602 741 besoing
622 707 692 740 que
713 702 795 728 tous
822 695 876 728 lez
897 695 986 728 amis
1009 694 1053 727 de
1080 694 1112 727 la
1134 694 1344 740 seigneurie
1367 695 1411 727 de
1439 696 1574 728 France
1596 707 1635 728 se
1657 696 1855 741 emploient
1882 704 1916 730 et
1943 704 2092 731 mettent

225 774 270 795 en
301 774 410 795 euvre
441 769 476 795 et
505 768 743 795 mesmement
776 761 881 794 ceulx
913 764 931 794 ὲ
960 762 1021 806 qui
1055 761 1089 794 le
1119 773 1179 794 cas
1209 761 1340 794 touche
1367 762 1669 807 principaument,
1693 775 1832 795 comme
1863 770 1986 796 nostre
2017 771 2091 797 tres

225 829 401 862 redoubte
422 828 456 861 le
478 828 659 873 Daulphin
681 828 725 861 de
741 828 934 869 Viennois,
956 839 1050 861 nous
1071 828 1238 861 desirans
1260 840 1297 861 sa
1313 840 1431 861 venue
1453 835 1487 861 et
1507 828 1763 874 l'ibregement
1783 830 1938 871 d’icelle,
1961 831 2092 875 escrip-

224 907 316 929 vons
337 907 399 940 par
421 895 551 928 devers
572 906 611 928 sa
638 894 824 928 haultesse
846 906 890 927 en
920 894 953 927 la
979 894 1139 927 maniere
1161 895 1222 939 qui
1244 895 1398 927 s'ensuit
1420 906 1426 927 ι
1451 909 1467 926 «
1490 896 1580 928 Tres
1601 895 1702 928 hault
1722 910 1752 937 »,
1775 903 1843 929 etc.
1866 898 1962 929 Pour
1983 909 2090 941 quoy,

224 962 438 995 consideres
459 961 512 994 lez
529 973 657 994 causes
675 961 865 994 evidentes
883 968 917 994 et
937 961 1014 1002 le[z]
1032 961 1183 1002 moti[f]s
1201 961 1340 994 dedens
1359 961 1538 1003 touchies,
1556 974 1649 995 nous
1666 962 1792 1007 prions
1810 965 1828 995 a
1843 970 1965 995 vostre
1982 963 2091 996 noble

225 1028 448 1073 seigneurie,
471 1040 540 1073 que
562 1040 607 1060 en
628 1039 668 1060 ce
693 1027 744 1060 lui
775 1027 889 1072 plaise
911 1028 1051 1060 donner
1072 1039 1139 1060 son
1160 1027 1240 1060 aide
1262 1034 1297 1060 et
1323 1028 1491 1061 curieuse
1517 1029 1705 1073 provision
1726 1041 1819 1073 pour
1839 1028 2093 1074 l'ibregement

225 1094 367 1127 d'icelle
388 1101 462 1127 tres
484 1094 627 1127 desiree
648 1106 778 1135 venue,
801 1094 894 1127 ainsi
916 1106 985 1139 que
1007 1106 1051 1127 en
1072 1101 1195 1127 vostre
1217 1094 1427 1139 seigneurie
1449 1106 1494 1127 en
1514 1098 1652 1136 avon[s]
1676 1096 1845 1140 parsaicte
1866 1096 1980 1129 fiance
2000 1108 2092 1141 pour

224 1161 277 1194 lez
298 1173 427 1194 causes
449 1167 484 1194 et
504 1161 647 1194 raisons
668 1161 729 1205 qui
751 1172 845 1193 nous
866 1160 1029 1193 donnent
1049 1161 1109 1205 foy
1129 1172 1199 1205 que
1224 1160 1255 1193 si
1285 1160 1317 1193 le
1348 1160 1433 1193 bien
1459 1161 1503 1193 de
1531 1173 1571 1193 ce
1599 1161 1758 1194 roiaume
1779 1174 1870 1195 vous
1892 1162 1974 1195 doie
1996 1169 2092 1196 estre

224 1228 495 1272 parfaictement
525 1229 543 1260 a
574 1239 698 1260 cueur.
736 1227 772 1260 Si
803 1227 995 1272 supplions
1025 1227 1110 1260 bien
1140 1226 1391 1259 humblement
1421 1230 1439 1260 a
1468 1234 1591 1260 vostre
1619 1228 1803 1261 haultesse
1825 1241 1894 1273 que
1920 1232 1938 1262 a
1962 1229 2093 1262 ladicte

223 1305 340 1326 venue
362 1293 412 1326 lui
435 1294 572 1338 pla[i]se
594 1294 771 1326 entendre
792 1301 827 1326 et
846 1294 934 1326 faire
956 1294 1000 1327 de
1019 1300 1141 1327 vostre
1163 1297 1263 1326 coste
1285 1306 1329 1326 en
1350 1306 1390 1326 ce
1411 1294 1503 1327 ainsi
1524 1306 1594 1338 que
1615 1294 1648 1327 le
1670 1307 1734 1339 roy
1755 1302 1878 1328 nostre
1900 1296 2092 1329 souverain

224 1360 399 1405 seigneur
418 1360 581 1404 requiert
605 1360 735 1393 ladicte
757 1360 867 1393 chose
890 1367 986 1393 estre
1011 1361 1128 1393 faiete.
1161 1361 1291 1393 Nostre
1318 1367 1391 1393 tres
1422 1360 1612 1393 honnoure
1639 1362 1823 1406 seigneur,
1848 1374 1941 1395 nous
1967 1363 2093 1407 prions

224 1427 315 1459 Dieu
338 1426 425 1471 qu’il
445 1426 580 1460 veuille
602 1438 755 1460 avancer
775 1426 1121 1472 l'acomplissement
1141 1427 1185 1460 de
1206 1438 1272 1460 vos
1294 1426 1386 1459 bons
1408 1434 1442 1460 et
1463 1427 1582 1460 loiaux
1603 1427 1733 1460 desirs.
1759 1429 1912 1473 Escript.

316 1524 432 1548 Minuta
445 1523 561 1547 chartac.
578 1524 603 1546 111
620 1524 698 1547 Arch.
714 1527 768 1547 nat.
784 1524 880 1552 Paris„
897 1524 920 1547 M
936 1524 986 1552 65¹³,
1005 1528 1033 1547 11⁰
1046 1525 1075 1547 82
1090 1525 1162 1553 (olim
1178 1525 1207 1548 A.
1227 1526 1247 1548 3.
1264 1525 1314 1554 111).

225 1689 369 1726 2082.
397 1699 552 1724 Occasione
572 1699 708 1725 bellorum
729 1708 825 1725 omnes
840 1699 969 1725 doctores
985 1699 1139 1734 facultatis
1155 1699 1331 1725 decretorum
1348 1703 1415 1725 actu
1431 1704 1560 1734 regentes
1576 1700 1795 1735 reputabuntur,
1815 1701 1930 1726 etiamsi
1946 1705 2013 1736 post
2034 1703 2094 1735 fes-

313 1751 370 1774 tum
388 1747 516 1773 Omnium
534 1749 701 1773 Sanctorum
717 1748 883 1784 inceperint.

1425 1785 1493 1814 1417,
1510 1784 1638 1816 Septemb.
1653 1785 1678 1814 8,
1694 1785 1807 1811 Parisiis.

313 1870 402 1915 Viija
429 1870 487 1903 die
516 1871 740 1915 Septembris
771 1872 807 1904 in
837 1872 947 1905 missa
979 1872 1175 1913 facultatis,
1205 1872 1439 1917 presentibus
1474 1871 1643 1904 omnibus
1673 1871 1831 1904 dominis
1866 1871 2093 1917 regentibus,

225 1936 370 1982 dempto
393 1937 540 1970 domino
563 1938 632 1978 [de]
654 1938 872 1972 Gemeticis¹
895 1939 956 1984 qui
977 1945 1130 1984 protunc
1153 1946 1228 1972 erat.
1255 1939 1387 1972 absens
1409 1938 1572 1983 quamvis
1600 1938 1788 1971 actualiter
1810 1950 1942 1983 regens
1964 1939 2095 1971 existe-

225 2010 291 2043 ret,
319 2004 477 2048 positum
508 2004 575 2037 fuit
604 2005 640 2036 in
669 2004 933 2038 deliberatione
962 2012 1081 2038 utrum
1106 2006 1292 2039 videretur
1323 2005 1496 2050 predictis
1527 2005 1686 2037 dominis
1712 2005 1923 2049 expediens,
1950 2005 2095 2038 attentis

225 2070 399 2114 periculis
429 2077 665 2116 utrarumque
696 2084 889 2116 guerarum
921 2084 1017 2105 nunc
1047 2073 1083 2104 in
1114 2084 1229 2117 regno
1260 2072 1498 2105 existencium
1529 2079 1564 2104 et
1593 2071 1782 2116 potissime
1813 2072 2093 2116 circumquaque

225 2137 386 2169 Parisius
408 2137 656 2170 verisimiliter
677 2139 985 2180 concurrentium,
1009 2139 1107 2184 quod
1128 2151 1254 2172 omnes
1276 2146 1312 2172 et
1338 2139 1475 2184 singuli
1503 2139 1672 2171 doctores
1701 2145 1785 2171 tunc
1814 2145 1985 2183 regentes
2005 2138 2094 2171 tales

226 2210 493 2248 reputarentur,
522 2205 626 2236 etiam
655 2205 773 2249 quoad
802 2206 985 2250 optionem
1017 2206 1320 2239 licentiandorum
1350 2206 1386 2238 in
1415 2205 1577 2238 examine
1609 2205 1772 2250 proximo
1801 2205 1981 2249 sequenti,
2011 2205 2095 2237 licet

225 2281 297 2302 non
319 2270 523 2314 inciperent
543 2271 579 2303 in
600 2271 713 2316 prima
733 2271 890 2305 lectione
912 2279 995 2317 post
1019 2273 1149 2305 festum
1173 2273 1342 2306 Omnium
1370 2273 1581 2305 Sanctorum
1608 2271 1785 2304 lectiones
1808 2283 1891 2303 suas
1913 2284 1991 2303 611111
2014 2271 2094 2304 aliis

226 2335 385 2369 dominis
414 2337 687 2381 incipientibus.
722 2339 838 2383 Super
858 2351 929 2383 quo
958 2339 1173 2372 deliberavit
1202 2339 1365 2380 facultas,
1395 2339 1539 2371 nemine
1568 2338 1809 2382 discrepante,
1840 2338 1936 2382 quod
1967 2349 2093 2370 omnes

225 2409 379 2447 protunc
400 2410 572 2448 regentes
594 2410 661 2436 tam
684 2405 844 2438 Parisius
866 2418 971 2450 quam
992 2405 1090 2447 alibi,
1111 2413 1145 2438 et
1165 2406 1201 2438 in
1222 2405 1388 2439 Concilio
1410 2404 1572 2450 generali
1595 2404 1805 2444 existentes,
1824 2410 1858 2436 et
1878 2415 1942 2448 pro
1961 2404 2093 2448 quibus

225 2469 433 2513 specialiter
449 2469 536 2502 alias
557 2470 624 2503 suit
642 2471 678 2502 in
701 2471 823 2503 eadem
846 2472 1014 2505 facultate
1036 2472 1290 2517 supplicatum,
1310 2471 1574 2516 reputabuntur
1590 2470 1729 2503 habiles
1751 2470 1793 2502 ad
1816 2470 1935 2502 omnia
1957 2470 2095 2503 emolu-

226 2542 344 2568 menta
370 2536 549 2569 facultatis
571 2537 751 2570 antedicte
777 2538 1011 2583 percipienda
1040 2546 1074 2571 et
1101 2539 1285 2584 optionem
1308 2538 1611 2571 licentiandorum
1643 2537 1679 2568 in
1708 2537 1800 2569 dicta
1829 2536 1985 2578 licentia,
2009 2537 2092 2569 dnm

225 2607 343 2634 tamen
365 2602 597 2636 interfuerint
618 2604 654 2635 in
676 2604 839 2648 predicto
861 2606 1036 2638 examine.
1566 2605 1595 2636 J.
1621 2604 1869 2636 Sam-unm&

317 2700 424 2723 Memor.
442 2702 491 2725 suc.
506 2701 586 2728 decr..
603 2702 622 2725 1.
641 2701 685 2724 sol.
701 2701 750 2724 27¹³.
764 2715 791 2718 —
805 2702 926 2727 Preuves
934 2702 1129 2735 justificatives
1144 2703 1189 2726 des
1203 2702 1291 2726 clroits
1307 2703 1351 2725 des
1369 2703 1495 2725 doctezirs
1507 2701 1625 2730 re'yents,
1639 2703 1698 2728 etc„
1715 2708 1741 2730 p.
1757 2700 1794 2722 lsi.

318 2783 342 2808 1.
359 2784 464 2807 Simone
479 2785 510 2808 de
527 2785 619 2808 Bosco.
632 2798 662 2803 —
677 2784 701 2809 2.
718 2785 836 2808 Deeanus
854 2787 995 2809 facultatis.

352 2956 414 2972 ¹¹⁸⁹*
433 2954 527 2977 Chart.
551 2955 629 2978 Univ.
649 2954 743 2978 Paris.
762 2955 802 2977 lv.
1940 2951 1970 2974 42
