2502 3418
272 351 367 388 1425]
615 365 661 386 AB
699 365 803 386 Anno
838 362 1124 386 mcccrxxxxw
1159 363 1291 391 USQUE
1327 363 1374 384 AD
1410 363 1546 384 ANNUM
1582 364 1785 386 MCCCCLtl.
2069 356 2132 387 443

270 452 392 484 regem
408 440 556 472 Francie
571 440 686 473 editas
704 447 738 473 et
754 440 965 472 concessas¹
985 438 1161 484 publicari
1178 445 1212 471 et
1228 450 1290 483 per
1304 437 1507 482 sequeta1n²
1526 438 1792 482 oppositionem
1811 439 1988 471 dictorum
2006 440 2131 471 desen-

269 518 390 539 sorum
413 506 542 539 bonam
566 514 600 540 et
620 507 772 540 validam
795 506 983 546 declarari,
1006 518 1045 538 ae
1067 506 1214 538 cosdem
1243 505 1458 537 defensores
1483 503 1526 536 ab
1549 504 1837 548 impetitionibus
1865 512 1898 538 ct
1925 506 2129 538 conclusio-

268 573 376 606 nibus
398 574 575 606 dictorum
597 581 757 607 actorum
775 572 913 606 absolvi
931 573 966 605 in
988 573 1207 605 contrarium
1231 572 1422 617 petiissent
1430 597 1495 603 .....

359 641 594 685 Supradictus
625 641 834 686 prepositus
869 652 933 685 per
968 651 1066 672 suam
1099 639 1314 672 sententiam
1349 638 1533 683 predictos
1567 638 1781 671 defensores
1818 639 1862 670 dc
1901 639 2060 671 curando
2097 646 2131 671 et

268 707 428 740 sanando
457 708 592 749 clavos,
614 707 758 740 bossias
788 714 824 740 et
850 707 975 752 plagas
1003 713 1146 751 apertas
1176 706 1213 738 in
1243 717 1328 738 casu
1357 705 1522 750 periculi,
1550 712 1585 737 et
1609 705 1710 746 alias,
1738 706 1768 738 si
1799 705 1893 738 dicte
1921 706 2026 750 plage
2057 718 2129 738 non

266 775 402 807 fuerint
418 774 602 814 mortales,
620 774 782 819 periculo
801 774 998 807 earundem
1010 774 1152 818 justitie
1170 773 1337 818 primitus
1356 779 1550 817 reportatO,
1565 773 1705 805 tociens
1723 773 1898 817 quociens
1915 773 1986 817 ipsi
2003 773 2045 805 ad
2063 772 2129 805 hoc

267 842 554 886 requirerentur,
578 853 617 874 se
637 853 746 886 posse
768 841 1022 882 intromittere,
1041 847 1076 873 et
1092 853 1156 885 pro
1174 841 1242 873 hoc
1259 840 1424 873 faciendo
1443 840 1584 872 tradere
1602 846 1634 872 et
1652 840 1906 872 administrare
1923 839 2128 884 emplastra.

267 915 451 954 unguenta
473 915 508 941 et
527 908 595 941 alia
611 908 872 941 medicamenta
893 908 1122 941 nec-cessaria
1143 920 1208 953 pro
1230 907 1415 940 curatione
1438 907 1635 939 eorundem
1658 906 1855 948 clavorum,
1875 906 2077 939 bossiarum
2097 914 2131 939 et

267 975 451 1020 plagarum
474 982 677 1020 apertarum
699 975 736 1008 in
762 975 858 1008 dicto
887 987 971 1008 casu
999 975 1165 1020 periculi,
1189 981 1224 1007 et
1249 974 1350 1014 alias,
1373 975 1404 1006 si
1430 974 1524 1007 dicte
1553 974 1658 1019 plage
1684 986 1757 1006 non
1781 974 1853 1007 sint
1880 974 2065 1015 mortales,
2092 986 2130 1006 ac

267 1042 429 1087 periculo
449 1042 604 1087 justitie,
632 1049 671 1075 ut
695 1042 898 1087 predictum
923 1048 990 1083 est,
1020 1042 1188 1086 primitus
1213 1048 1410 1086 reportato,
1438 1041 1721 1086 pronuntiasset,
1750 1047 1785 1073 et
1811 1047 1979 1086 respectu
2007 1053 2132 1086 supra-

267 1109 444 1142 dictorum
467 1109 583 1142 dictos
604 1109 819 1142 defensores
841 1109 884 1142 ad
905 1108 1034 1141 bonam
1058 1115 1092 1141 et
1108 1110 1241 1153 justam
1265 1120 1407 1141 causam
1430 1120 1469 1140 se
1491 1108 1726 1152 opposuisse,
1751 1114 1785 1140 et
1805 1108 1841 1140 in
1863 1115 2035 1153 quantum
2062 1108 2131 1153 ipsi

239 1218 242 1222 ι
267 1175 480 1209 defensores
496 1187 596 1209 suam
613 1176 883 1221 oppositionem
902 1176 1016 1221 magis
1031 1175 1148 1220 ample
1163 1182 1287 1208 eontra
1305 1175 1418 1207 dictas
1434 1174 1736 1220 proclamationes
1751 1187 1855 1219 quam
1872 1187 1980 1220 supra
1995 1175 2128 1207 dictum

266 1249 322 1276 est
341 1243 603 1283 sustinuerant,
627 1243 728 1288 ipsos
750 1243 981 1276 torconnarie
1003 1249 1038 1275 et
1058 1243 1102 1275 ad
1124 1242 1248 1275 malam
1277 1249 1311 1275 et
1336 1243 1504 1286 injustam
1532 1254 1674 1275 causam
1702 1254 1740 1274 se
1766 1242 1985 1286 opposuisse
2012 1242 2131 1274 decla-

267 1316 395 1351 rasset,
425 1316 461 1342 et
486 1310 523 1342 in
551 1310 682 1343 ceteris
711 1310 825 1343 dictas
854 1309 1157 1355 proclamationes
1188 1310 1224 1342 in
1253 1310 1330 1342 suis
1361 1309 1526 1342 terminis
1556 1309 1671 1341 teneri
1699 1321 1772 1341 non
1805 1309 2035 1342 obstantibus
2068 1322 2132 1354 per

268 1383 455 1421 utramque
488 1377 662 1409 dictarum
694 1377 846 1422 partium
879 1377 1077 1422 propositis
1107 1377 1315 1409 ordinasset
1344 1383 1380 1409 et
1406 1376 1543 1421 absque
1570 1376 1741 1421 expensis
1769 1375 1852 1408 hinc
1882 1376 1966 1408 inde
1990 1388 1997 1408 :
2020 1376 2087 1408 suit
2114 1389 2131 1409 a

266 1443 359 1476 dieta
381 1444 559 1476 sententia
581 1456 646 1489 pro
668 1450 767 1489 parte
789 1444 967 1476 dictorum
990 1450 1150 1476 actorum
1172 1444 1216 1476 ad
1238 1450 1397 1476 nostram
1420 1443 1633 1488 parlamenti
1654 1443 1788 1475 curiam
1811 1443 2041 1488 appellatum.

354 1511 512 1552 Auditis,
535 1517 643 1544 etc....
670 1511 805 1544 dictum
831 1511 909 1552 suit,
933 1511 1180 1556 supradictum
1203 1511 1429 1556 prepositum
1450 1517 1613 1543 nostrum
1636 1510 1729 1543 bene
1745 1511 1932 1555 judicasse
1954 1517 1989 1543 et
2014 1510 2130 1543 dictos

266 1577 491 1622 appellantes
512 1578 604 1610 male
625 1578 872 1623 appellasse...

356 1645 629 1678 Pronuntiatutn
652 1646 803 1690 septima
825 1646 883 1678 die
906 1645 1130 1690 Septembris
1152 1658 1246 1678 anno
1267 1645 1411 1678 Domini
1434 1645 1626 1677 millesimo
1649 1644 1785 1677 CCCC⁰
1798 1645 1922 1677 XXV0.

670 1714 700 1745 J.
727 1714 871 1747 Vlvuzn.
1011 1714 1248 1746 MonwLLiER.
1389 1714 1423 1745 S.
1452 1724 1493 1744 DE
1520 1714 1722 1744 PLUMETOT.

357 1811 435 1834 Arch.
450 1814 504 1834 nat.
520 1811 615 1840 Paris„
632 1811 679 1834 ΧΗ
690 1812 730 1840 64,
746 1812 792 1835 sol.
808 1812 862 1836 264.

357 1894 381 1919 1.
398 1895 456 1919 Vid.
473 1896 613 1926 Chartul.,
630 1896 675 1925 111,
692 1896 726 1918 ῐιῑιζ
739 1896 800 1919 1250
815 1899 840 1919 et
855 1896 924 1919 1296.
937 1909 963 1913 —
981 1896 1004 1920 2.
1022 1896 1086 1919 Ms.:
1103 1904 1114 1918 «
1128 1896 1259 1927 sequelem
1276 1904 1297 1918 ».
1315 1895 1434 1926 Intellige
1450 1903 1455 1918 ·.
1474 1904 1485 1918 «
1501 1898 1689 1926 consequenter
1707 1904 1728 1918 υ.

264 2036 408 2073 2254.
431 2045 575 2072 lohannes
591 2046 626 2072 de
642 2047 789 2080 Lacr-onio,
809 2046 875 2072 Ord.
894 2047 973 2080 Min„
988 2047 1063 2082 petit
1076 2050 1105 2072 ut
1120 2046 1193 2072 alibi
1209 2056 1291 2081 qnam
1306 2047 1430 2072 Parisiis
1447 2046 1644 2080 magisterium
1661 2046 1689 2071 ἱη
1704 2046 1786 2072 theol.
1806 2046 1932 2081 rec-istem?
1947 2046 2050 2081 possit.

1440 2140 1514 2168 7425,
1532 2139 1691 2171 Septembris
1705 2140 1727 2167 9,
1742 2139 1842 2164 Romae.

352 2227 565 2260 Beatissime
597 2234 708 2272 pater.
741 2228 830 2261 Cum
860 2227 1089 2261 obstantibus
1116 2227 1426 2267 dissensionibus,
1453 2227 1597 2271 guerris
1624 2234 1659 2259 et
1683 2226 1963 2266 turbationibus7
1994 2239 2062 2270 que
2090 2227 2124 2258 in

261 2306 376 2339 regno
407 2295 556 2327 Francie
587 2301 622 2327 et
652 2295 803 2327 maxime
836 2295 995 2328 parisius
1022 2301 1056 2327 et
1084 2295 1317 2327 circumcirca
1343 2294 1467 2339 (procli
1499 2294 1615 2336 dolor)
1651 2294 1775 2338 vigere
1805 2306 1876 2325 non
1902 2301 2057 2331 cessant,
2090 2301 2123 2326 ct

261 2368 409 2406 propter
434 2361 569 2394 viarum
597 2362 805 2394 discrimina
834 2362 923 2394 inibi
949 2374 991 2394 ex
1017 2362 1298 2406 depredancium
1330 2368 1364 2393 ct
1394 2361 1572 2393 latronum
1605 2360 1800 2405 cupiditate
1830 2360 2123 2401 iinminentia,....

259 2427 444 2461 Johannes
472 2429 516 2461 de
550 2429 730 2461 Lueronio
757 2429 793 2461 in
817 2441 846 2461 s,
875 2429 984 2463 theol.
1013 2430 1178 2470 studens,
1210 2428 1400 2473 presbyter
1426 2435 1626 2461 conventus
1656 2427 1892 2459 Lucroniens.
1923 2427 2010 2459 Ord.
2042 2428 2121 2460 frat.

260 2495 347 2527 Min.
371 2495 643 2540 Calagorritane
665 2496 759 2528 diOC.
783 2497 969 2541 provincie
991 2496 1205 2536 Castelle,...
1230 2508 1295 2540 pro
1318 2496 1525 2528 doctoratus
1546 2494 1633 2527 alias
1655 2494 1849 2526 lectoratus
1871 2494 2026 2538 gradu...
2051 2507 2121 2526 non

260 2562 377 2606 possit
397 2562 558 2595 Pal-isius
579 2563 752 2595 accedere
775 2575 839 2608 pro
860 2563 940 2608 ipso
962 2563 1175 2603 obtinendo,
1199 2569 1391 2607 eapropter
1416 2562 1596 2606 supplicat
1621 2562 1654 2593 S.
1684 2563 1726 2594 V.
1754 2561 1872 2593 dictus
1893 2562 2013 2599 frater,
2038 2574 2123 2606 qua-

260 2629 357 2661 tinus
387 2629 423 2661 in
452 2629 593 2662 civitate
624 2629 843 2671 Tholosana,
869 2630 1073 2663 Vallisolcti
1099 2629 1155 2662 vel
1186 2629 1425 2662 Salamantina
1454 2629 1661 2661 doctoratus
1688 2640 1751 2659 seu
1782 2627 1977 2660 lectoratus
2008 2629 2122 2672 gradu

259 2695 429 2740 insigniri
452 2697 568 2741 possit
585 2703 619 2729 et
640 2696 755 2730 valeat
774 2697 817 2729 ab
834 2697 954 2742 aliquo
978 2697 1076 2729 illius
1100 2697 1210 2741 patric
1233 2697 1268 2728 in
1290 2696 1383 2728 dicta
1404 2695 1569 2727 facultate
1592 2695 1806 2739 magistro...
1823 2715 1867 2718 ——
1887 2695 1972 2736 Fiat,
1990 2696 2019 2727 si
2043 2708 2123 2740 pcr-

258 2763 342 2795 fecit
371 2775 501 2796 cursus
532 2776 619 2796 suos
646 2764 682 2795 in
707 2763 797 2796 locis
825 2763 970 2796 debitis.
1001 2764 1042 2796 O.
1066 2784 1108 2787 —
1139 2765 1215 2796 Dat.
1248 2765 1358 2795 Rome
1385 2762 1479 2807 apud
1508 2763 1657 2794 Sanctos
1688 2762 1886 2806 Apostolos
1916 2762 2041 2806 quinto
2072 2763 2119 2794 id.

260 2830 498 2874 Septembris,
521 2843 615 2863 anno
633 2837 771 2863 octavo.

354 2924 416 2954 Reg.
432 2924 526 2955 Suppl.
543 2925 618 2948 Mart..
635 2925 663 2952 V,
681 2929 709 2946 110
725 2925 776 2952 isli,
792 2924 837 2947 fol.
852 2925 917 2947 104‘1.
