2502 3418
384 362 449 403 362
965 371 1287 395 CHARTULARIUM
1323 372 1515 394 UNlVERS-
1552 372 1683 395 PARrs,
2157 359 2256 396 [1419

344 492 346 495 ι
387 446 471 479 dum
494 452 611 478 tamen
634 451 732 478 esset
752 457 906 490 presens
926 446 963 478 in
985 446 1148 478 examine
1169 446 1329 487 licentie‚
1359 458 1468 491 capax
1496 452 1595 478 esset
1621 445 1949 478 emolumentorum
1970 445 2088 490 ipsius
2110 445 2255 479 licentie

388 520 422 546 et
442 512 540 557 quod
562 518 687 545 essent
707 511 859 545 durante
881 524 945 544 sua
966 512 1130 545 absentia
1151 519 1322 557 regentes
1342 512 1541 545 honorarii.

477 580 564 611 Item
586 583 664 611 xv¹'³¹¹
680 578 798 611 Martii
820 579 901 611 anni
921 579 1042 612 CCCC
1055 580 1173 612 XVIII
1192 590 1407 611 concessum
1424 578 1492 611 fuit
1507 577 1696 623 Radulpho
1714 577 1898 610 Rousselli
1919 590 1984 623 pro
2001 584 2086 611 tunc
2103 578 2252 620 decano,

388 645 485 691 quod
515 646 595 690 ipso
623 645 800 678 existente
823 652 932 686 extra,
957 645 1095 678 ratione
1123 645 1355 686 ambaxiate³⁷
1378 651 1496 677 tamen
1523 651 1619 677 esset
1650 656 1784 689 regens
1813 644 2031 678 honorarius
2057 652 2092 678 et
2118 645 2255 679 utiliter

388 712 506 757 quoad
527 712 733 757 harenguas
754 711 1054 744 bachalariorum.

481 810 589 832 Memor.
605 811 653 832 fac.
670 809 751 837 decr„
768 810 787 839 Ι,
805 809 851 832 [ol.
866 810 904 832 45.

480 894 504 919 1.
519 894 578 917 Jam
594 894 717 917 Nicolaus
732 893 807 922 Ruffi‚
824 893 868 924 qui
884 896 960 916 antea
976 893 1026 915 suit
1042 893 1126 915 abbas
1140 893 1171 915 de
1187 892 1269 915 Cruce
1283 892 1310 916 S.
1324 891 1465 916 Leuss'redi.
1481 892 1540 916 Vid.
1556 901 1583 924 p.
1604 893 1643 920 71,
1658 896 1712 917 not.
1730 893 1769 917 22.
1781 906 1813 911 -—
1828 892 1852 918 2.
1868 893 1998 917 Robertus
2014 894 2101 917 vallee
2116 894 2148 917 de
2163 894 2254 918 Becco.

389 938 445 962 Vid.
458 947 540 970 supra
551 947 578 969 p.
591 939 644 966 306,
658 941 711 960 not.
723 939 746 961 8.
757 951 784 955 —
795 937 817 962 3.
832 938 893 960 Scil.
910 937 936 960 in
951 937 1025 960 curia
1041 937 1157 960 Romana
1173 945 1231 959 cum
1247 936 1344 960 rotulo-
1358 937 1510 966 Fouemzn,
1521 945 1548 968 p.
1561 938 1606 960 203
1619 945 1624 960 :
1639 945 1649 960 ι
1662 937 1731 968 quod
1746 937 1805 969 ipso
1821 941 1929 962 exeunte
1945 946 1975 962 ex
1990 938 2091 962 ratione
2106 938 2256 963 ambaxinte

387 983 468 1012 curie,
485 986 554 1006 esset
569 992 633 1006 .....

387 1096 531 1132 2128.
556 1104 696 1130 Mandato
712 1104 797 1138 regis,
814 1107 844 1128 ut
862 1103 986 1137 litterae,
1003 1103 1107 1139 quibus
1124 1103 1322 1130 ordinationes
1343 1103 1411 1129 olim
1430 1103 1526 1130 editas
1546 1103 1581 1130 de
1601 1104 1767 1130 reductione
1781 1102 1922 1131 ecclesia'e
1944 1105 2114 1132 Gallicanae
2131 1109 2251 1139 revocat,

472 1153 655 1189 publicentur
674 1156 701 1178 et
716 1152 920 1182 inscribantur,
939 1153 1021 1178 curia
1034 1152 1214 1188 parlamenti
1228 1161 1283 1178 non
1303 1152 1416 1187 obedit‚·
1430 1152 1607 1179 solummodo
1628 1153 1784 1180 mandante
1799 1154 1976 1180 cancellario
1994 1154 2090 1180 scriba
2107 1155 2254 1189 publicata

472 1201 654 1238 subscripsit.
675 1201 777 1227 Obedit
791 1205 930 1236 quantum
946 1201 987 1226 ad
996 1201 1224 1237 publicationem
1239 1201 1402 1228 litterarum
1418 1202 1596 1237 tangentium
1607 1203 1834 1239 propositionem
1846 1203 1986 1229 Iohannis
2001 1204 2096 1230 Parvi.

1505 1292 1574 1322 1419,
1590 1292 1663 1318 Febr.
1681 1292 1803 1325 15-apm7.
1819 1293 1838 1322 1,
1853 1292 1967 1319 Parisiis.

470 1380 598 1422 [Febr.
626 1382 676 1413 15
701 1380 735 1413 in
762 1390 902 1412 camera
916 1378 1137 1423 parlamenti
1161 1378 1396 1420 consiliariis,
1424 1385 1561 1413 rectore
1590 1379 1859 1420 Universitatis‚
1883 1379 2094 1424 praeposito
2119 1391 2252 1414 merca-

383 1452 501 1480 torum
521 1458 597 1480 cum
612 1447 768 1480 scabinis
784 1446 933 1491 aliisque
948 1445 1189 1490 congregatis,
1203 1451 1453 1490 praesentatae
1470 1452 1553 1480 sunt
1568 1447 1713 1480 litterae
1734 1447 1833 1492 regis
1848 1451 1882 1480 et
1901 1446 2003 1480 ducis
2017 1446 2254 1491 Burgundiae

377 1525 445 1558 per
459 1514 732 1547 ambassiatores
749 1513 859 1558 regis,
877 1524 894 1546 e
909 1513 1034 1557 quibus
1048 1512 1183 1546 Petrus
1197 1513 1374 1546 Cauchon.
1387 1513 1544 1547 Praeter
1558 1513 1633 1547 alia
1650 1525 1715 1547 rex
1728 1513 1840 1547 voluit
1851 1515 1885 1556 2]
1896 1513 1975 1556 Que
1991 1513 2252 1546 l'ordonnance

383 1591 445 1613 sur
466 1580 498 1612 13
519 1580 711 1613 reduction
732 1579 776 1612 de
797 1579 941 1624 l'eglise
962 1581 979 1611 31
1001 1590 1061 1612 ses
1082 1578 1233 1612 libertez
1255 1579 1326 1612 soit
1350 1583 1547 1625 revoquee‚
1573 1586 1608 1613 et
1627 1592 1698 1625 que
1724 1580 1757 1612 la
1776 1580 1985 1613 revocation
2006 1579 2149 1613 d'icelle
2169 1580 2253 1613 faite

382 1659 426 1679 en
448 1658 515 1679 son
536 1646 677 1680 conseil
705 1653 740 1679 et
766 1646 820 1679 les
849 1646 975 1679 lettres
1002 1657 1066 1678 sur
1091 1657 1152 1679 ces
1180 1646 1304 1679 saites¹
1328 1647 1449 1679 soient
1470 1646 1650 1692 publieez,
1669 1646 1867 1680 observeez
1888 1653 1923 1680 et
1943 1650 2158 1692 exequteez;
2181 1646 2255 1680 les-

382 1713 523 1759 quelles
545 1720 608 1747 ont
628 1717 705 1746 este
727 1714 771 1746 de
794 1725 855 1758 par
875 1713 936 1758 luy
952 1716 1167 1757 presenteez
1187 1725 1231 1746 au
1255 1725 1359 1759 pape,
1379 1713 1441 1759 qui
1462 1713 1517 1746 les
1538 1726 1556 1746 a
1578 1725 1729 1747 receuez
1752 1717 1824 1747 tres
1845 1713 2129 1759 agreablement.

468 1782 542 1823 [De
562 1781 615 1814 his
635 1780 785 1825 aliisque
805 1781 1002 1824 separatim
1025 1780 1128 1814 curia
1142 1780 1374 1824 parlamenti,
1403 1781 1642 1823 Univershas,
1656 1781 1888 1826 praepositus
1908 1786 2146 1814 mercatorum
2165 1779 2253 1814 deli-

381 1849 505 1881 berare
533 1847 711 1881 debebant.
742 1847 847 1880 Febr.
879 1847 928 1880 16
958 1846 1172 1880 cancellario
1197 1847 1407 1888 Franciae',
1433 1853 1676 1892 procuratore
1706 1848 1804 1893 regis
1832 1847 1981 1892 aliisque
2008 1858 2084 1881 cum
2115 1852 2253 1880 rectore

386 1914 643 1948 Universitatis
666 1919 699 1947 et
719 1914 930 1958 praeposito
955 1919 1193 1947 mercatorum
1216 1915 1448 1960 congregatis
1471 1914 1519 1948 ad
1545 1914 1698 1948 dandum
1725 1926 1927 1959 responsum
1952 1915 2059 1948 etiam
2084 1919 2251 1959 quantum

381 1981 428 2015 ad
449 1981 566 2015 dictas
582 1981 726 2014 litteras
749 1981 1006 2021 revocatorias,
1028 1981 1257 2026 singulorum
1273 1981 1453 2026 suffragia
1472 1982 1525 2015 sic
1545 1981 1661 2015 relata
1680 1986 1763 2015 sunt
1779 1983 1814 2024 :]
1834 1982 1902 2014 Sur
1918 1993 2015 2026 quoy
2033 1980 2149 2014 lesdiz
2170 1992 2252 2026 pre-

380 2055 474 2090 vost,
498 2048 690 2081 eschevins
711 2054 746 2080 et
766 2047 932 2080 habitans
954 2047 998 2080 de
1023 2047 1056 2080 13
1072 2047 1158 2080 ville
1180 2048 1224 2080 de
1246 2048 1347 2081 Paris
1368 2060 1408 2081 se
1432 2048 1682 2093 rapportoient
1701 2050 1719 2081 3
1740 2055 1818 2081 tout
1838 2060 1878 2081 ce
1905 2059 1974 2092 que
2001 2047 2035 2080 le
2057 2059 2122 2093 roy
2142 2054 2177 2080 et
2196 2047 2251 2080 les

380 2126 472 2161 gens
494 2115 538 2147 de
559 2126 626 2147 son
647 2114 787 2147 conseil
813 2126 857 2146 en
884 2114 1119 2147 vouldroient
1143 2115 1342 2148 ordonner.
1366 2115 1582 2160 Lesquelles
1603 2115 1729 2148 lettres
1750 2114 1996 2148 revocatoires
2016 2114 2251 2147 l‘Universite

380 2182 424 2215 de
445 2182 546 2214 Paris
562 2181 658 2214 avoit
680 2181 803 2226 requis
821 2187 855 2213 et.
875 2181 1060 2225 requeroit
1083 2188 1156 2214 tres
1173 2181 1407 2215 instamment
1428 2188 1525 2215 estre
1542 2182 1762 2222 enterineez‚
1781 2181 1948 2226 publieez
1965 2187 2001 2214 et
2016 2180 2248 2221 observeez³‚

380 2250 410 2281 A
430 2261 525 2294 quoy
550 2248 582 2281 le
613 2260 814 2293 procureur
835 2248 883 2280 du
914 2260 978 2293 roy
1006 2248 1175 2293 s'opposa
1198 2255 1233 2282 et
1254 2249 1427 2294 opposoit
1450 2248 1650 2290 derechief⁷
1676 2248 1747 2281 afin
1769 2260 1838 2293 que
1868 2248 2021 2281 lesdites
2051 2248 2178 2281 lettres
2205 2259 2250 2280 ne

379 2317 544 2348 seussent
564 2315 770 2348 enterineez
792 2327 836 2347 ne
859 2314 1037 2359 publieez.
1062 2317 1105 2348 Et
1125 2316 1312 2360 requeroit
1331 2322 1429 2349 estre
1450 2316 1732 2361 premierement
1752 2327 1815 2348 sur
1836 2327 1875 2348 ce
1898 2327 1942 2360 oy
1963 2327 2007 2348 en
2028 2314 2060 2347 13
2082 2321 2185 2347 court
2205 2314 2250 2347 de

380 2394 500 2422 oenus,
518 2394 586 2415 veu
608 2394 678 2426 que
699 2381 732 2414 la
753 2381 901 2414 matiere
922 2381 1087 2414 touchoit
1113 2389 1188 2415 tres
1209 2382 1450 2427 grandement
1469 2382 1503 2415 16
1528 2394 1593 2427 roy
1614 2389 1649 2415 et
1675 2394 1741 2415 son
1763 2393 1945 2428 royamne,
1969 2381 2133 2414 touchoit
2151 2381 2250 2414 aussi

381 2449 411 2481 13
433 2449 639 2481 revocation
660 2455 695 2481 et
721 2448 972 2481 l’anuullation
994 2449 1039 2481 de
1060 2460 1120 2482 ses
1146 2449 1402 2482 ordonnances
1422 2456 1458 2482 et
1482 2449 1547 2482 des
1568 2456 1704 2482 arrests
1731 2449 1775 2482 de
1800 2449 1832 2482 13
1858 2455 1975 2490 court,
2003 2448 2090 2481 dont
2110 2448 2142 2480 la
2163 2459 2249 2480 con—

380 2516 597 2560 gnoissance
619 2518 636 2547 3
656 2515 771 2560 ycelle
793 2522 898 2548 court
918 2522 953 2547 et
978 2527 1050 2548 non
1072 2518 1089 2548 ἐι
1110 2522 1211 2548 autre
1239 2528 1284 2548 en
1316 2516 1393 2549 doit
1419 2517 1645 2561 appartenir3
1678 2522 1874 2561 requerant
1902 2527 1947 2548 en
1973 2510 2091 2548 oultre
2112 2526 2183 2559 que
2203 2526 2248 2547 en

379 2589 476 2615 ceste
497 2582 644 2614 matiere
665 2582 901 2625 l'adjunction
927 2588 963 2614 et
986 2582 1188 2615 assistence
1210 2583 1254 2615 de
1275 2583 1523 2624 l'Universite,
1548 2583 1613 2616 des
1634 2590 1782 2628 prevost
1807 2583 1872 2616 des
1893 2581 2095 2622 marchans,
2123 2580 2249 2614 esche-

379 2649 458 2682 vins
480 2648 523 2681 de
545 2648 577 2680 la
594 2648 678 2681 ville
700 2648 744 2681 de
765 2648 922 2681 Paris...

468 2717 522 2747 Du
544 2715 691 2759 samedy
711 2716 751 2748 18
772 2716 931 2748 Fevrier.
949 2736 993 2740 —
1017 2716 1067 2749 Ce
1083 2717 1170 2760 jour
1194 2716 1248 2749 165
1270 2717 1464 2761 presidens
1486 2723 1521 2749 et
1544 2716 1761 2749 conseillers
1787 2717 1831 2749 de
1851 2716 1884 2749 la
1909 2714 2077 2748 chambre
2099 2714 2164 2747 des
2185 2725 2248 2746 en-

379 2788 526 2825 questes
542 2781 713 2813 viudrent
733 2793 778 2813 en
799 2781 831 2814 13
852 2781 1022 2814 chambre
1040 2783 1083 2814 de
1106 2782 1308 2827 parlement
1328 2795 1421 2828 pour
1436 2783 1604 2816 conferer
1620 2782 1808 2816 ensemble
1830 2794 1894 2815 sur
1912 2782 1966 2815 les
1987 2781 2155 2814 matii-:res
2177 2792 2247 2825 que

377 2859 513 2879 aucuns
541 2859 631 2891 pour
652 2847 731 2879 leur
753 2848 896 2892 prouffit
927 2849 1135 2893 particulier
1163 2850 1327 2882 tenoient
1355 2862 1448 2895 pour
1467 2850 1555 2883 faire
1583 2861 1764 2894 revoquer
1785 2856 1820 2882 et
1846 2855 1974 2881 mettre
1999 2860 2043 2880 au
2064 2854 2172 2880 neant
2193 2846 2246 2879 les

380 2914 648 2954 constitutions7
677 2914 931 2947 ordonnances
953 2922 987 2948 et
1012 2922 1148 2949 arrests
1170 2916 1348 2950 touchans
1373 2917 1427 2950 les
1447 2917 1599 2950 libertez
1620 2917 1664 2949 de
1685 2908 1837 2962 l’Eglise
1858 2916 1902 2948 de
1928 2916 2063 2948 France
2090 2920 2125 2947 et
2152 2915 2246 2946 Dau-

501 2972 540 2994 46.
