2502 3418
218 332 314 370 1398]
648 346 693 368 ΑΒ
729 346 833 368 ANNo
868 346 1157 368 MCCCLxxxxw
1187 347 1233 368 :sn
1268 346 1404 368 ,muttit
1440 347 1642 369 mccccmt.
2031 340 2072 371 535

216 421 349 454 bonum
373 420 588 465 quandoque
612 421 777 465 provenit
798 432 840 453 ex
861 420 926 453 eis.
948 421 1085 453 Error.
1103 441 1147 445 ——
1167 421 1294 454 XVll¹¹S
1314 420 1499 461 articulus,
1524 421 1620 465 quod
1642 434 1705 465 per
1727 421 1814 453 tales
1836 429 1929 454 artes
1951 423 2073 455 demo-

217 500 282 520 nes
307 487 483 520 veraciter
503 494 683 532 coguntur
708 494 743 519 et
770 487 1037 531 compelluntur
1063 494 1097 519 et
1124 499 1196 519 non
1219 487 1339 531 potius
1361 487 1406 519 ita
1429 499 1467 519 se
1489 488 1570 531 cogi
1597 487 1735 531 fingunt
1762 488 1802 520 ad
1826 489 2071 521 seducendum

217 554 394 587 homines.
416 554 553 587 Error.
579 574 623 578 —
646 555 793 586 XV111¹²³
813 553 999 594 articulus,
1024 554 1121 598 quod
1143 566 1207 598 per
1229 553 1316 586 tales
1338 561 1432 586 artes
1454 561 1486 586 et
1509 554 1598 586 ritus
1620 554 1763 598 impios,
1793 567 1854 596 per
1875 555 2071 599 sortilegia,

217 633 281 666 per
300 621 591 661 carminationes,
614 633 678 665 per
698 621 947 653 invocationes
969 621 1178 656 demonum,
1197 633 1260 664 per
1277 621 1447 665 quasdam
1467 621 1748 653 invultuationes
1770 628 1801 652 ct
1824 621 1889 653 alia
1911 622 2073 653 malificia

216 687 338 720 nullus
360 699 514 731 unquam
534 688 684 720 effectus
701 687 903 720 ministerio
922 687 1115 719 demonum
1133 687 1389 732 subsequatur.
1406 688 1759 720 Ιιίτνοι·....-Χ1Χ“8
1775 688 1958 727 articulus,
1979 688 2073 732 quod

216 754 301 786 boni
323 754 443 799 angeli
464 754 695 786 includantur
711 754 747 786 in
769 753 950 798 lapidibus
968 761 1003 786 et
1022 761 1238 786 consecrent
1258 754 1444 799 ymagines
1461 754 1518 786 vel
1535 754 1747 786 vestimenta
1767 760 1826 786 aut
1846 754 1911 786 alia
1933 755 2075 793 saciant,

216 833 285 865 que
316 821 352 853 in
384 821 464 853 istis
496 820 634 853 artibus
663 821 908 853 continentur.
939 822 1065 854 Error
1089 826 1122 854 et
1149 821 1373 865 blasphemia.
1401 841 1444 844 —
1471 822 1564 853 ΧΧ118
1585 820 1771 861 articulus,
1800 821 1896 864 quod
1927 822 2075 865 sanguis

216 887 362 932 hupupe
383 887 439 920 vel
469 887 554 920 hedi
582 887 638 920 vel
670 887 820 920 alterius
851 887 1015 920 animalis
1042 887 1099 920 vel
1129 899 1386 932 pergamenum
1409 888 1612 931 virgineum
1644 894 1703 919 aut
1728 887 1863 919 corium
1896 887 2012 920 leonis
2043 894 2077 920 et

217 954 346 987 similia
382 953 535 986 habeant
570 954 760 986 efficaciam
795 955 837 986 ad
873 955 1059 998 cogendos
1092 961 1125 986 et
1161 954 1393 998 repellendos
1429 954 1603 986 demones
1634 954 1834 986 ministerio
1869 953 2076 997 hujusmodi

216 1021 357 1054 artium.
379 1022 515 1054 Error.
533 1042 577 1045 ——
601 1022 714 1053 XXIus
733 1021 921 1061 articulus,
953 1021 1049 1066 quod
1074 1022 1261 1066 ymagines
1290 1021 1333 1053 de
1362 1033 1421 1053 ere
1443 1021 1499 1053 vel
1528 1021 1571 1053 de
1602 1020 1748 1065 plumbo
1770 1020 1826 1053 vel
1848 1033 1934 1053 auro
1955 1021 2012 1054 vel
2033 1021 2076 1053 de

216 1100 295 1120 cera
317 1087 395 1120 alba
416 1087 472 1121 vel
495 1087 604 1120 rubea
626 1088 682 1121 vel
703 1088 770 1120 alia
792 1088 937 1120 materia
959 1088 1146 1132 baptizate,
1171 1088 1368 1120 exorcizate
1391 1094 1425 1120 et
1451 1094 1661 1120 consecrate
1682 1100 1744 1119 scu
1774 1088 1893 1132 potius
1915 1095 2077 1120 execrate

217 1155 416 1187 seeundum
445 1155 624 1199 predictas
651 1161 746 1187 artes
774 1162 807 1187 et
836 1154 903 1187 sub
931 1155 1040 1187 certis
1070 1154 1200 1187 diebus
1228 1154 1382 1186 habeant
1408 1154 1559 1187 virtutes
1590 1154 1786 1194 mirabiles,
1815 1167 1883 1198 que
1911 1155 1948 1186 in
1975 1154 2078 1187 libris

215 1221 337 1254 talium
368 1222 495 1254 artium
527 1222 735 1254 recitantur.
764 1222 891 1255 Error
922 1222 958 1254 in
993 1222 1077 1262 fide,
1110 1222 1147 1253 in
1182 1220 1410 1266 philosophia
1441 1221 1593 1253 naturali
1629 1228 1663 1253 et
1696 1221 1891 1265 astrologia
1919 1233 2014 1254 vera.
2035 1242 2078 1245 -—

214 1289 343 1320 XXll¹¹⁵
364 1288 550 1328 articulus,
579 1288 675 1332 quod
704 1288 755 1320 uti
776 1287 909 1320 talibus
931 1295 966 1320 et
986 1288 1093 1320 fidem
1116 1288 1200 1320 dare
1223 1300 1294 1320 non
1324 1288 1370 1320 sit
1394 1287 1569 1332 ydolatria
1591 1294 1625 1319 et
1646 1287 1852 1320 infidelitas.
1875 1288 2011 1320 Error.
2036 1308 2079 1311 ——

213 1356 362 1387 ΧΧΙΙῙΜ
382 1354 568 1395 articulus,
591 1355 689 1399 quod
709 1355 820 1399 aliqui
842 1355 1017 1387 demones
1038 1354 1124 1387 boni
1146 1361 1242 1394 sunt,
1265 1354 1375 1398 aliqui
1403 1354 1566 1398 benigni,
1595 1354 1705 1398 aliqui
1726 1354 1996 1394 omniscientes,
2019 1354 2078 1386 alii

215 1433 281 1454 nec
302 1421 427 1454 salvati
449 1433 514 1454 nec
536 1422 729 1466 dampnati.
752 1422 889 1454 Error.
913 1442 957 1445 —
981 1423 1148 1454 XXllIlus
1168 1421 1356 1462 articuluS,
1381 1421 1477 1465 quod
1506 1420 1820 1464 suffumigationes
1843 1433 1911 1465 que
1933 1421 2021 1453 fiunt
2042 1421 2079 1453 in

215 1488 423 1531 hujusmodi
455 1488 728 1533 operationibus
758 1495 1020 1521 convertuntur
1045 1489 1081 1520 in
1108 1489 1271 1533 spiritus·,
1303 1494 1363 1520 aut
1390 1488 1485 1532 quod
1522 1487 1594 1519 sint
1624 1487 1744 1519 debite
1775 1487 1840 1520 eis.
1870 1488 2006 1520 Error.
2037 1509 2080 1512 —

216 1557 343 1590 XXV¹¹⁵
363 1555 550 1595 articulus,
578 1556 675 1600 quod
703 1568 797 1588 unus
826 1556 958 1589 demon
986 1556 1033 1588 sit
1065 1567 1126 1588 rex
1154 1555 1314 1587 orientis*
1333 1563 1368 1587 ct
1395 1555 1585 1599 presertim
1613 1566 1679 1586 suo
1706 1555 1848 1594 merito,
1872 1555 1964 1587 alius
1986 1555 2080 1587 occi-

217 1622 350 1661 dentis,
377 1622 468 1655 alius
496 1622 771 1667 septentrionis,
797 1622 890 1654 alius
911 1622 1089 1654 meridiei.
1111 1623 1248 1655 Error.
1273 1642 1316 1645 —
1340 1622 1484 1654 ΧΧΥΙ1ιὸ
1505 1620 1692 1661 articulus,
1719 1621 1815 1664 quod
1841 1621 2079 1665 intelligentia

218 1689 348 1721 metrix
369 1689 437 1721 celi
458 1689 577 1721 influit
596 1689 632 1721 in
654 1689 805 1721 animam
835 1688 1098 1730 rationabilem,
1129 1689 1223 1721 sieut
1249 1700 1382 1733 corpus
1410 1688 1479 1720 celi
1512 1687 1630 1719 inssuit
1651 1688 1686 1719 in
1708 1699 1841 1731 corpus
1869 1687 2076 1719 humanum.

217 1756 355 1789 Error.
373 1776 416 1780 —
431 1757 595 1789 XXV11¹¹s
614 1756 800 1797 articulus,
820 1756 917 1800 quod
937 1756 1176 1800 cogitationes
1198 1762 1321 1788 nostre
1343 1754 1608 1787 intellectuales
1626 1761 1660 1786 et
1675 1753 1869 1787 volitiones
1886 1754 2079 1786 interiores

218 1823 423 1855 immediate
445 1830 639 1856 causentur
662 1835 679 1855 a
701 1823 793 1864 celo,
812 1829 846 1855 et
867 1823 964 1867 quod
985 1835 1049 1867 per
1069 1822 1223 1867 aliquam
1245 1822 1473 1854 traditionem
1497 1821 1669 1866 magicam
1693 1820 1780 1853 tales
1807 1827 1960 1865 possunt
1981 1820 2079 1858 sciri,

219 1896 254 1922 et
269 1890 365 1934 quod
388 1902 452 1934 per
472 1890 569 1922 illam
592 1890 636 1922 de
657 1890 710 1922 eis
731 1890 1035 1922 certitudinaliter
1050 1890 1215 1934 judicare
1237 1890 1283 1921 sit
1303 1889 1453 1921 licitum.
1474 1889 1611 1921 Error.
1628 1908 1672 1912 —
1692 1889 1873 1920 XXV111¹¹⁵
1892 1887 2078 1927 articulus,

219 1957 315 2002 quod
337 1969 401 2001 per
417 1957 589 2001 quasdam
606 1964 701 1990 artes
718 1957 875 2001 magicas
892 1968 1088 2001 possumus
1105 1956 1276 1990 devenire
1293 1956 1336 1988 ad
1353 1955 1530 1988 visionem
1548 1954 1669 1987 divine
1687 1954 1845 1987 essentie
1862 1954 1918 1987 vel
1939 1961 2080 1986 saucto-

219 2035 296 2056 rum
319 2024 523 2068 spirituum.
546 2025 683 2057 Error.

307 2091 393 2123 Acta
416 2098 500 2124 sunt
521 2090 586 2123 hec
608 2097 643 2123 et
663 2097 746 2135 post
768 2097 939 2123 maturam
961 2090 1197 2134 crebramque
1219 2090 1312 2122 inter
1333 2101 1400 2122 nos
1422 2095 1455 2121 et
1472 2089 1662 2133 deputatos
1684 2094 1828 2120 nostros
1850 2088 2079 2120 examinatio-

219 2169 300 2189 nem
322 2157 492 2190 conclusa
514 2158 550 2190 in
572 2164 693 2190 nostra
710 2158 995 2202 congregatione
1013 2157 1175 2202 generali
1197 2157 1356 2189 Pal-isius
1377 2156 1471 2200 apud
1493 2156 1659 2188 Sanctum
1678 2155 1893 2187 Maturinum
1916 2155 1959 2186 de
1977 2166 2078 2186 mane

219 2237 330 2270 super
350 2224 417 2257 hoe
439 2225 645 2269 specialiter
670 2224 861 2264 celebrata,
887 2237 980 2257 anuo
1007 2225 1151 2256 Domini
1177 2226 1223 2256 M.
1239 2224 1344 2257 CCC⁰
1355 2225 1425 2264 980,
1451 2223 1508 2255 die
1530 2223 1602 2255 xixa
1622 2223 1757 2254 mensis
1780 2221 2015 2266 Septembris.
2039 2223 2078 2253 ln

219 2292 323 2336 cujus
351 2292 403 2324 rei
433 2291 679 2324 testimonium
702 2291 865 2336 sigillum
887 2292 980 2324 dicte
1001 2291 1179 2324 facultatis
1203 2290 1434 2335 presentibus
1465 2289 1596 2322 litteris
1622 2289 1788 2321 duximus
1810 2288 2076 2333 apponendum.

312 2403 380 2427 Bihl.
394 2404 450 2426 vat.
465 2405 539 2434 Reg.,
556 2412 604 2426 ms.
620 2404 666 2427 lat.
683 2405 736 2431 870,
754 2404 799 2426 sol.
813 2404 856 2426 291²
869 2403 932 2434 (vid.
950 2407 1003 2426 not.
1016 2403 1052 2433 ¹1);
1076 2403 1144 2425 Bibl.
1164 2406 1217 2425 nat.
1234 2402 1326 2430 Puris,
1343 2411 1391 2425 ms.
1407 2402 1453 2424 lat.
1473 2402 1546 2424 14902
1561 2402 1596 2430 (S.
1612 2400 1708 2423 Victor.
1724 2401 1787 2428 698),
1809 2400 1853 2422 sol.
1870 2399 2010 2429 teob-tow,
2034 2399 2079 2421 sed

218 2448 316 2471 ibidem
335 2451 363 2471 ut
377 2448 403 2471 in
417 2448 555 2479 impressis
571 2448 645 2471 deest
658 2448 817 2471 introductio
836 2456 917 2479 supra
932 2448 1010 2475 edita,
1027 2451 1053 2471 et
1068 2447 1178 2478 incipit:
1199 2457 1212 2468 α
1236 2446 1394 2478 Reprobatio
1415 2446 1589 2477 quorumdam
1611 2444 1781 2467 articulorum
1804 2444 1920 2466 Parisius
1946 2445 2013 2466 sacta
2036 2452 2077 2466 an.

219 2493 292 2516 Dom.
307 2494 368 2516 1398
382 2495 495 2524 persae.
512 2493 591 2516 theol.
616 2494 710 2516 Datum
733 2502 780 2524 per
801 2493 904 2524 copiam
929 2493 978 2515 sub
997 2493 1072 2523 signo
1090 2496 1115 2515 et
1136 2492 1330 2522 subscriptione
1353 2491 1403 2513 mei
1428 2490 1523 2513 notarii
1543 2489 1643 2520 publici
1667 2489 1820 2519 subscripti.
1838 2488 1972 2511 Universis
1989 2488 2078 2510 ortho-

219 2538 283 2560 doxe
298 2547 320 2566 υ,
335 2542 386 2562 etc.
402 2552 431 2555 —
446 2538 522 2565 Bm...
540 2538 580 2566 IV,
597 2539 642 2561 864
655 2538 688 2560 ad
704 2539 776 2569 Sept.
793 2539 835 2567 143
859 2537 1043 2565 D'Anots'rmi,
1062 2537 1129 2561 Coll.
1146 2538 1221 2566 jud„
1245 2537 1275 2565 1¹¹,
1293 2545 1318 2567 p.
1336 2537 1388 2558 154.
1412 2537 1476 2565 OM).
1497 2535 1632 2562 Gcrsonil,
1650 2535 1667 2562 1,
1685 2534 1737 2561 217,
1763 2533 1806 2555 ubi
1832 2536 1917 2555 tamen
1940 2541 1970 2555 ex
1989 2533 2078 2555 eodem

220 2585 281 2606 msto
298 2582 391 2612 Pan-is„
407 2583 452 2606 sol.
469 2583 522 2612 210,
539 2583 592 2605 alia
607 2583 775 2611 introductio,
793 2592 804 2605 α
822 2583 943 2613 Harenga
964 2591 1012 2613 pro
1036 2581 1202 2605 lit-entiandis
1228 2581 1252 2603 in
1276 2581 1404 2604 medicina
1427 2589 1448 2608 i),
1472 2579 1579 2610 ponitur
1594 2587 1659 2609 quae
1675 2578 1767 2608 incipit
1783 2586 1788 2600 :
1807 2586 1817 2599 1(
1834 2577 1999 2600 Collaudanti
2015 2577 2078 2599 milii

220 2635 304 2658 nuper
317 2636 338 2656 υ,
356 2628 401 2650 sed
417 2636 468 2650 non
484 2631 524 2650 est
538 2627 698 2651 introductio
711 2628 863 2658 repetenda.

313 2725 337 2750 1.
356 2726 450 2749 Omnia
467 2726 603 2757 praedicta
619 2726 713 2749 desunt
732 2725 758 2748 in
776 2725 844 2749 Bibl.
861 2729 915 2749 nat.
931 2729 956 2748 et
978 2725 1004 2748 in
1025 2724 1172 2755 inqu-ossis.
1189 2725 1216 2746 In
1232 2724 1288 2746 cod.
1304 2724 1366 2753 Reg.
1383 2722 1501 2753 sequitur
1516 2720 1629 2751 spatium
1647 2728 1690 2743 sex
1706 2720 1844 2749 linearum,
1858 2723 1949 2750 postea
1963 2728 1968 2742 ·.
1987 2727 1997 2742 ((
2012 2719 2079 2742 Uni—

222 2771 304 2793 versis
318 2780 329 2793 »
345 2774 404 2801 etc„
422 2774 449 2793 ut
464 2779 554 2801 supra.
569 2771 705 2793 Praedicta
719 2771 752 2793 ad
767 2770 836 2793 idem
852 2773 1022 2801 augmentum
1038 2769 1130 2792 referri
1146 2771 1257 2799 apparet
1272 2776 1302 2790 ex
1316 2775 1404 2790 errore
1422 2768 1462 2789 250
1475 2766 1587 2796 aliisque
1603 2764 1737 2787 erroribus
1753 2764 1822 2787 infra
1836 2764 1942 2787 notatis-
1956 2777 1987 2781 —
2000 2764 2023 2788 2.
2040 2765 2080 2787 De

219 2815 312 2839 studio
326 2815 468 2845 set'iplur„
485 2816 525 2838 ed.
547 2816 676 2844 Macrim-¹.
693 2816 734 2844 lv,
754 2823 780 2846 p.
804 2815 845 2838 571
867 2815 971 2844 (Paris..
991 2815 1070 2845 1706).
1088 2827 1119 2831 —
1134 2813 1157 2837 3.
1176 2813 1287 2842 llona'tx,
1305 2811 1401 2841 Epist„
1418 2811 1449 2839 11,
1464 2811 1486 2842 1,
1503 2810 1555 2832 115.
1570 2811 1616 2840 Ap.
1634 2810 1659 2831 S.
1678 2809 1863 2839 Hieronymum
1878 2812 1964 2831 tamen
1980 2808 2079 2831 lloratii

221 2868 314 2883 nomen
334 2869 385 2883 non
405 2860 526 2888 affertur;
542 2860 631 2891 ipsum
650 2863 741 2882 auctor
758 2859 916 2888 documenti,
934 2859 993 2881 Joh.
1008 2859 1117 2887 Get-son,
1134 2857 1240 2880 invenit.
1257 2870 1286 2873 -—
1301 2856 1326 2880 4.
1344 2858 1420 2885 Sap„
1436 2863 1464 2883 11,
1482 2855 1519 2877 21.
1541 2867 1570 2870 —-
1586 2853 1611 2878 5.
1633 2854 1660 2876 In
1679 2853 1789 2883 Vulgata
1813 2861 1817 2875 ·.
1844 2862 1854 2875 α
1871 2853 2040 2883 cupiditatem
2057 2862 2080 2875 J).

222 2905 231 2928 1
250 2905 376 2933 Timone,
393 2913 428 2934 vi,
446 2905 484 2928 10.
497 2918 527 2922 -—
542 2905 565 2929 6.
584 2905 656 2929 Gal..
673 2912 697 2933 v,
714 2905 751 2927 20.
776 2918 802 2921 —
825 2903 848 2928 7.
866 2904 955 2932 Romu,
973 2911 990 2927 1.
1008 2904 1044 2925 21.
1068 2917 1097 2919 —
1120 2902 1144 2926 8.
1167 2902 1276 2929 Lunna,
1295 2901 1334 2927 w,
1352 2900 1397 2922 salt)
1419 2908 1476 2930 sqq.
1498 2913 1523 2916 -
1542 2898 1566 2923 9.
1583 2898 1688 2922 I’scclm.
1710 2905 1797 2926 xxxlx,
1818 2900 1840 2920 ἵ).
1861 2911 1890 2914 ——
1910 2897 1951 2922 10.
1973 2898 1981 2919 1
2003 2897 2081 2926 Πομ,
