2502 3418
1168 326 1338 347 TABULA.

2087 317 2149 349 781

287 396 2152 414 m

284 443 345 465 2675

282 545 344 568 2676

282 603 343 626 2677

282 660 342 683 2678

281 718 342 741 2679

281 820 341 842 2680

280 922 338 945 2681

279 981 340 1003 2682

278 1038 339 1061 2683

278 1141 338 1163 2684

277 1199 338 1222 2685

277 1301 337 1324 2686

274 1449 335 1471 2687

274 1507 335 1529 2688

274 1565 335 1588 2689

272 1758 333 1780 2690

271 1859 328 1882 2691

270 1962 331 1985 2692

270 2065 331 2087 2693

270 2213 331 2235 2694

270 2315 331 2337 2695

269 2374 331 2395 2696

270 2432 330 2455 2697

269 2490 330 2512 2698

269 2549 330 2572 2699

268 2651 330 2674 2700

419 442 484 469 1451

378 602 524 629 1450-1451

417 661 483 686 1451

415 982 482 1008 1452

586 442 699 474 Augusti
715 444 744 466 27

560 545 722 577 Septembris
740 546 770 568 12

595 604 738 636 Oct.-Sept.

587 662 741 693 Septembre

573 720 723 743 Decembris
740 721 751 743 1

635 836 663 840 —
739 824 751 846 4

634 939 663 942 —
722 926 752 949 15

585 982 706 1006 Junuarii
721 985 735 1007 4

578 1304 715 1328 Februarii
729 1307 742 1328 5

598 1451 685 1475 Martii
703 1453 716 1475 2

372 1508 518 1536 1451-1452
552 1509 762 1534 Dec.29-Mnrt.22

410 1568 476 1596 1452

611 1567 673 1591 Maii
687 1569 702 1591 4

603 1759 675 1782 Junii
691 1760 703 1782 1

577 2214 687 2245 Augusti
702 2215 728 2237 11

548 2317 711 2348 Septembris
730 2318 758 2340 12

567 2375 739 2398 Feb.-Octob.

576 2433 730 2464 Septembre

568 2549 690 2572 Octobris
706 2550 735 2572 24

581 2652 727 2675 Novembre

801 442 923 465 Nicolaus
938 443 958 465 V
974 443 1136 466 cardinalem
1157 443 1327 467 Guillelmum
1352 444 1383 466 de
1408 443 1580 466 Estoutevilla
1600 444 1716 474 legatum
1740 444 1766 466 in
1788 444 1924 467 Franciam
1948 444 2062 466 destinat

830 487 906 518 eique
921 487 1135 510 reformationem
1152 487 1360 510 Universitatum
1377 488 1518 510 committit
1522 505 2058 512 ......................

799 544 949 576 Capitulum
964 545 1136 568 Cisterciense
1149 546 1180 568 de
1193 545 1359 568 scholaribus
1376 545 1484 568 Parisiis
1488 562 2059 569 .......................

799 602 925 625 Cursores
941 602 967 625 in
982 603 1105 626 facultate
1120 603 1268 634 theologiae
1279 620 2059 626 ...............................

798 660 966 684 Sententiarii
980 664 1005 684 et
1019 661 1113 684 Biblici
1124 677 2058 686 .....................................

798 718 913 741 Donatus
929 719 961 741 de
976 719 1065 747 Puteo,
1084 727 1155 750 mag.
1171 719 1250 742 theol.
1268 719 1361 748 Paris„
1378 719 1409 742 O.
1427 719 1499 749 Min„
1515 718 1621 742 Nicolao
1635 719 1655 741 V
1671 718 1806 749 supplicat
1819 718 1919 749 gratias
1939 726 1987 749 pro
2007 727 2061 741 rna-

828 762 919 793 gistris
933 763 1012 786 theol.
1029 763 1172 786 Parisiens.
1189 763 1254 787 Ord.
1270 763 1472 787 Mendicantium
1482 780 2059 786 .......................

798 821 963 844 Universitas
983 821 1039 853 agit
1060 822 1091 844 de
1113 822 1233 844 Johnnne
1255 821 1460 850 Bartholomaei,
1476 821 1506 845 O.
1529 821 1602 851 Min.‚
1629 821 1673 852 qui
1696 820 1844 852 Rotomagi,
1868 823 1897 843 ut
1914 820 2058 848 dicebatur,

827 865 1005 896 praedicando
1021 866 1159 897 derogavit
1175 866 1325 889 auctoritati
1340 866 1529 897 praelatarum,
1544 868 1705 894 curatorum,
1722 868 1761 888 etc
1765 882 2058 888 ............

798 923 919 946 Facultas
936 924 1032 946 artium
1048 924 1178 947 deliberat
1193 924 1223 946 de
1237 924 1365 947 abusibus
1382 927 1406 947 et
1421 923 1607 947 reformatione
1625 923 1742 946 facienda
1758 922 1890 946 facultatis
1906 922 2012 946 artium.
2027 940 2033 946 .
2053 942 2058 947 .

797 981 934 1004 Licentiati
949 981 975 1004 in
992 981 1116 1005 facultate
1132 982 1279 1012 theologiae
1283 998 2058 1006 ...............................

796 1039 871 1062 Natio
893 1039 1018 1062 Franciae
1040 1041 1167 1062 reformat
1187 1039 1310 1067 abusum,
1327 1040 1395 1070 quod
1413 1039 1523 1070 juvenes
1549 1039 1575 1062 in
1598 1041 1769 1069 temptatores
1791 1038 2059 1061 baccalareandorum

825 1083 958 1114 eligantur
966 1100 2058 1107 ...........................................

795 1141 870 1164 Natio
886 1141 1011 1164 Franciae
1026 1141 1135 1164 bursam
1151 1142 1165 1164 [ι
1180 1142 1229 1164 sol.
1245 1149 1303 1172 par.
1322 1144 1428 1165 revocat
1443 1144 1467 1164 et
1482 1141 1601 1164 annullat
1613 1158 2057 1164 .................

795 1200 916 1222 Facultas
933 1200 1030 1222 artium
1047 1199 1102 1230 agit
1117 1199 1148 1222 de
1164 1199 1363 1229 reformatione3
1381 1199 1558 1222 ambassiator
1570 1199 1690 1222 mittatur
1705 1199 1738 1221 ad
1753 1199 1826 1222 card.
1843 1198 2012 1222 Guillelmnm
2028 1199 2058 1222 de

826 1244 1008 1271 Estoutevilla,
1026 1247 1054 1267 ut
1071 1244 1097 1266 in
1113 1243 1246 1275 aliquibus
1262 1244 1368 1275 punctis
1384 1247 1543 1266 statutorum
1558 1243 1692 1274 dispenset
1696 1260 2056 1267 ...............

796 1302 915 1325 Facultas
931 1301 1076 1324 medicinae
1091 1301 1204 1325 Johanni
1218 1302 1278 1324 Avis
1294 1305 1347 1324 tres
1370 1310 1452 1324 annos
1469 1301 1549 1324 studii
1565 1301 1590 1324 in
1607 1301 1659 1324 alia
1675 1301 1852 1325 Universitate
1879 1309 1928 1332 pro
1943 1301 2057 1332 quinque

824 1346 959 1369 mensibus
970 1349 1112 1377 computat,
1127 1354 1157 1369 ea
1174 1346 1325 1369 condicione
1343 1349 1372 1369 ut
1389 1345 1528 1377 quotannis
1545 1354 1625 1368 unum
1641 1345 1779 1368 almanach
1793 1354 1918 1376 magnum
1933 1349 1957 1368 et
1977 1353 2056 1368 unum

823 1399 936 1422 parvum
955 1391 1072 1414 facultati
1097 1392 1138 1414 det
1143 1407 2055 1414 ....................................

794 1449 929 1472 Licentiati
946 1449 971 1472 in
990 1449 1114 1472 facultate
1127 1448 1279 1472 medicinae.
1307 1464 2054 1473 ..............................

793 1507 957 1530 Universitas
973 1507 1178 1529 ambassiatores
1193 1506 1273 1529 mittit
1287 1506 1320 1529 ad
1333 1514 1421 1537 regem
1438 1514 1517 1537 super
1531 1507 1598 1528 facto
1610 1505 1810 1536 privilegiorum
1815 1522 2054 1528 ..........

791 1564 948 1588 Guillelmus
962 1564 1105 1587 cardinalis
1121 1564 1152 1587 de
1166 1564 1338 1587 Estoutevilla
1352 1567 1376 1587 et
1390 1563 1523 1586 Johunnes
1539 1563 1664 1591 Brehalli,
1681 1563 1744 1587 Ord.
1761 1563 1864 1591 Praed,
1881 1571 1949 1594 mag.
1964 1563 2053 1593 theol„

821 1609 962 1640 inquisitor
975 1609 1001 1632 in
1017 1609 1136 1638 Francia,
1153 1608 1315 1640 presbyteris
1337 1613 1362 1632 et
1377 1608 1486 1631 notariis
1504 1608 1639 1636 mandant,
1663 1611 1691 1631 ut
1707 1608 1788 1631 citent
1802 1608 1929 1639 quosdam
1953 1608 2053 1630 laturos

820 1654 999 1677 testimonium
1012 1653 1130 1676 veritatis
1146 1653 1172 1676 in
1186 1653 1290 1684 negotio
1306 1652 1484 1683 inquisitionis
1504 1652 1573 1675 circa
1596 1660 1749 1683 processum
1771 1652 1830 1675 fidei
1846 1652 1945 1674 dudum
1963 1655 2053 1674 contra

820 1698 969 1721 Johannam
981 1698 1099 1721 Puellam
1111 1701 1229 1720 vocatam
1244 1713 2051 1721 ................................

790 1756 949 1780 Reformatio
965 1755 1151 1780 Universitatis
1170 1755 1326 1778 Parisiensis
1352 1756 1419 1777 facta
1442 1762 1489 1785 per
1515 1754 1675 1777 cardinalem
1698 1754 1813 1784 legatum
1836 1754 2005 1777 Guillelmum
2021 1753 2052 1776 de

820 1801 991 1824 Estoutevilla
1010 1815 2050 1824 .........................................

790 1858 862 1882 Miles
877 1859 998 1887 d'llliers‚
1015 1858 1102 1881 licent.
1116 1858 1204 1889 legum
1224 1860 1249 1880 ct
1263 1857 1370 1887 decret,‚
1387 1857 1500 1879 decanus
1521 1856 1685 1885 Carnotens.⁷
1714 1856 1740 1878 in
1758 1856 1923 1879 Par-lamento
1936 1847 2052 1886 ⁴conque-

819 1903 895 1931 ritur,
905 1903 967 1934 quia
975 1903 1094 1926 doctores
1106 1902 1231 1925 decret-ei
1243 1901 1363 1924 ultimum
1372 1901 1458 1924 locum
1468 1901 1493 1923 in
1502 1900 1652 1932 recipiendo
1661 1900 1797 1924 doctoratu
1806 1900 1942 1931 assignare
1951 1900 2050 1923 volunt.

789 1961 953 1984 Universitas
974 1961 1057 1984 Paris.
1073 1960 1148 1992 eligit
1167 1960 1199 1983 ad
1220 1959 1366 1983 Concilium
1384 1958 1477 1982 Gallie.
1498 1958 1632 1987 ecclesiae,
1657 1958 1784 1989 Biturigis
1801 1966 1888 1981 mense
1907 1958 1971 1981 Julii
1988 1958 2052 1981 celc-

819 2006 959 2034 brandum,
981 2005 1186 2028 ambassiatores
1189 2019 2049 2028 ..................................

788 2064 911 2087 Nicolaus
932 2064 951 2086 V
973 2062 1102 2094 permittit
1116 2062 1229 2085 Waltero
1254 2061 1349 2090 Oleris,
1363 2061 1489 2084 canonico
1512 2060 1665 2083 monasterii
1690 2060 1716 2083 S.
1739 2060 1840 2083 Nicolai
1859 2063 1932 2083 extra
1961 2068 2050 2083 muros

818 2108 910 2139 oppidi
930 2108 1067 2135 Furnens„
1083 2108 1288 2130 Praemonstrat.
1302 2106 1376 2133 Ord.y
1393 2105 1533 2128 Morinens.
1552 2105 1646 2134 dioec„
1662 2107 1691 2128 ut
1710 2104 1819 2127 Parisiis
1839 2111 1973 2127 remanere
1991 2112 2050 2135 pos-

819 2153 862 2181 sit,
877 2161 923 2176 nec
939 2152 998 2175 inde
1014 2160 1029 2175 a
1041 2160 1088 2174 suo
1104 2151 1199 2174 abbate
1215 2150 1331 2174 revocari
1345 2166 2049 2173 ............................

789 2211 898 2234 Carolus
914 2211 969 2239 VH,
986 2212 1090 2241 petente
1102 2208 1288 2236 Universitate,
1304 2207 1428 2239 prohibet
1438 2215 1469 2230 ne
1485 2207 1542 2238 quis
1557 2214 1715 2238 quemquam
1731 2206 1772 2229 vcl
1790 2206 1994 2229 ecclesiasticum
2009 2206 2050 2229 vel

818 2255 915 2278 laicum
929 2262 1018 2278 coram
1029 2256 1213 2277 conservatore
1225 2251 1427 2284 privilegiorum
1458 2251 1528 2281 citet,
1555 2251 1605 2274 nisi
1624 2259 1684 2273 vere
1699 2250 1828 2273 scholaris
1842 2250 1876 2273 sit
1894 2267 2048 2273 .......

788 2313 938 2344 Capitulum
954 2312 1077 2343 generale
1092 2311 1200 2334 Cisterc.
1212 2311 1244 2333 de
1259 2310 1409 2341 provisione
1425 2309 1585 2332 scholarium
1603 2308 1712 2332 Parisiis
1731 2325 2048 2332 .............

788 2372 915 2394 Cursores
929 2370 954 2393 in
978 2370 1102 2393 facultate
1121 2368 1269 2399 theologiae
1272 2382 2048 2391 ...............................

788 2428 956 2452 Sententiarii
971 2431 996 2451 et
1010 2427 1102 2450 Biblici
1108 2440 2047 2450 ......................................

789 2487 908 2518 Magistri
922 2489 1042 2517 regentes
1058 2484 1191 2508 facultatis
1208 2483 1356 2514 theologiae
1374 2498 2047 2507 ...........................

788 2545 953 2576 Congregata
966 2542 1153 2570 Univemitate,
1178 2542 1260 2564 lectae
1280 2544 1341 2564 sunt
1360 2541 1462 2563 litterae
1484 2539 1571 2570 regiae
1595 2539 1704 2562 Parisiis
1724 2538 1779 2569 jum
1798 2539 1947 2570 publicatae
1969 2547 2049 2570 super

817 2589 977 2621 quibusdam
993 2586 1208 2618 impositionibus
1212 2600 2047 2610 .................................

787 2646 907 2678 Magistri
924 2649 1044 2677 regentes
1060 2644 1191 2668 facultatis
1209 2643 1353 2666 medicinae
1368 2651 1410 2666 an.
1425 2642 1527 2665 1452-53
1531 2658 2047 2665 ....................

786 2733 922 2756 Adclenda
939 2735 964 2755 et
979 2731 1166 2754 Emenclanda
1171 2742 2045 2752 ...................................

2107 490 2151 512 705

2106 547 2150 570 706

2105 605 2150 627 706

2106 662 2150 684 707

2106 763 2150 785 707

2106 865 2150 887 708

2105 923 2149 945 708

2105 982 2150 1003 709

2104 1083 2149 1106 710

2104 1141 2149 1163 710

2103 1243 2148 1266 710

2102 1390 2144 1412 711

2101 1447 2144 1470 711

2101 1510 2144 1532 712

2095 1803 2139 1826 713

2097 1906 2141 1928 734

2096 2008 2140 2030 735

2096 2155 2140 2177 736

2095 2256 2139 2279 736

2094 2314 2139 2336 736

2094 2372 2138 2394 737

2094 2430 2138 2452 737

2094 2487 2138 2509 738

2093 2589 2138 2612 738

2093 2647 2137 2670 738

2093 2732 2137 2754 743
