2502 3418
434 327 453 359 2
1009 333 1324 356 CHARTULARIUM
1359 332 1546 354 uxivens.
1584 331 1711 352 PAnis.
2190 313 2289 349 [1394

527 411 618 434 Petrus
633 410 664 433 de
679 409 803 440 Aillyaco,
816 417 885 440 mag.
901 409 991 436 theol„
1005 409 1036 432 de
1048 416 1105 431 can.
1122 408 1217 439 anoc..
1230 410 1255 430 et
1269 410 1297 430 ut
1313 415 1371 429 cum
1386 405 1540 429 canonicatu
1556 405 1741 428 cancellarium
1756 403 1851 432 Paris.,
1862 402 2006 426 cantorium
2023 402 2133 429 Rotam„
2146 400 2289 424 archidiac.

434 455 576 483 Gamerae.⁷
593 454 785 478 thesaurariam
800 454 965 477 Noviomens.
982 457 1007 476 et
1021 453 1137 484 capellae
1153 452 1219 483 regii
1233 451 1326 483 palatii
1341 451 1452 474 retinere
1467 450 1561 473 valeat.

527 499 586 523 Joh.
603 499 757 526 Druchwen,
772 498 838 521 alias
852 498 883 521 de
898 498 1023 527 Moravia,
1042 498 1104 520 cler.
1120 497 1286 520 Olomueens.
1302 495 1395 524 dioec„
1411 503 1480 526 mag.
1498 495 1523 517 in
1539 497 1598 522 art„
1615 494 1673 517 hnc.
1690 495 1794 517 format.
1811 493 1837 515 in
1853 492 1943 520 theol„
1959 494 2018 514 actu
2034 490 2152 514 Parisius
2169 489 2194 512 in
2211 489 2290 513 theol.

434 544 533 575 legens,
550 544 580 567 de
600 551 658 566 can.
674 543 757 566 Paris.
775 556 805 560 —
825 543 859 566 De
879 542 929 565 isto
945 551 1015 573 mag.
1031 545 1083 565 nat.
1100 541 1201 572 Anglic.
1221 550 1232 563 «
1245 541 1364 563 Johnnne
1382 540 1413 563 de
1428 539 1544 563 Moravia
1558 548 1579 566 »‚
1596 547 1647 561 non
1663 539 1748 566 Scotoy
1765 538 1811 560 sed
1828 536 1975 565 Austriaeo,
1987 535 2040 558 vid.
2055 537 2173 559 Auctar.
2191 534 2210 562 1,
2227 537 2252 556 et
2267 534 2290 556 H

434 597 460 620 p.
477 589 514 616 17,
528 591 581 612 not.
596 590 619 616 5,
632 591 657 610 et
669 587 802 610 Addendn.
814 588 861 610 An.
874 588 942 615 1407,
957 587 1018 610 Maii
1032 588 1055 615 4.
1071 587 1163 609 Petrus
1179 586 1210 608 de
1224 585 1342 608 Cantella
1356 585 1413 607 loco
1429 583 1545 607 defuncti
1560 582 1688 606 Johannis
1705 582 1730 605 in
1746 590 1838 605 canon.
1855 581 1939 605 Paris.
1950 583 2071 611 receptus
2083 582 2122 602 est
2136 578 2223 610 (Arch.
2236 581 2289 601 nat.

435 633 529 662 Paris„
545 633 584 656 LL
600 632 664 661 1090,
679 640 706 663 p.
721 633 785 661 659).

527 678 555 700 In
571 677 652 700 altero
668 676 763 705 rotulo,
786 676 849 699 ibid.
873 676 916 699 sol.
932 677 971 703 lili,
994 675 1140 706 composito
1154 683 1201 706 per
1217 675 1286 697 dom.
1302 675 1406 697 Petrum
1429 673 1513 702 Blavi,
1529 675 1634 704 praeter
1648 672 1714 695 alios
1738 670 1906 694 inveniuntur
1921 671 2012 693 Petrus
2034 669 2066 692 de
2086 668 2211 695 Passada,
2227 667 2289 690 cler.

435 722 591 751 Mimntens.,
607 728 676 751 mag.
694 720 719 743 in
732 724 782 744 art.
796 724 855 743 actu
870 728 962 751 regens
978 719 1108 747 Parisius;
1123 734 1148 738 —
1159 719 1277 742 Mutheus
1293 718 1392 742 Roedcr
1404 718 1444 747 (de
1456 726 1506 749 quo
1522 717 1614 746 insi-11„
1630 730 1661 734 —-
1675 717 1767 739 Petrus
1783 716 1814 738 de
1829 715 1922 749 Bosco,
1938 714 2027 745 presb.
2041 713 2182 737 Morinens.
2197 711 2289 739 dioec„

436 774 505 797 mag.
522 766 547 789 in
563 769 622 794 art„
639 767 686 787 etc.

528 864 552 889 1.
570 865 674 888 Petrum
690 864 720 887 de
736 864 817 892 Luna,
833 864 864 886 de
880 871 930 894 quo
946 863 971 885 in
989 863 1118 887 Chartul.
1134 862 1180 889 ΙΙΙ,
1196 862 1270 885 elect.
1287 861 1313 884 in
1328 869 1425 892 papam
1441 860 1482 883 die
1499 861 1575 883 lunae
1591 861 1620 882 28
1638 860 1709 891 Sept.
1727 859 1795 887 139fi,
1812 858 1888 881 sabb.
1905 857 1997 881 Octob.
2014 858 2027 880 3
2043 857 2068 879 in
2083 856 2201 888 presbyt.
2217 856 2291 879 ordi-

435 912 533 938 natum,
548 909 588 932 die
603 908 732 931 dominica
748 908 839 932 Octoh.
856 908 882 930 11
900 908 923 930 in
940 907 1092 938 episcopum
1106 909 1287 930 consecratum
1302 909 1327 929 et
1341 908 1494 928 coronatum
1510 905 1597 936 (ΑΙ-01].
1613 905 1670 927 Vnt.
1686 903 1774 934 Oblig.
1791 907 1820 926 n⁰
1834 904 1873 932 49,
1892 903 1936 925 sol.
1953 903 2001 931 83).

439 1133 579 1170 1715.
602 1150 617 1168 ε
633 1141 752 1167 Botulus
766 1150 818 1177 per
832 1141 994 1177 episcopum
1010 1140 1216 1167 Xanctonens.⁴
1235 1142 1380 1174 confectus
1393 1140 1428 1165 de
1442 1139 1536 1177 prima
1552 1143 1579 1165 et
1594 1138 1720 1165 secunda
1737 1138 1911 1174 apat-irione.
1929 1146 1944 1163 »

1575 1240 1648 1269 1394,
1666 1239 1750 1265 Octob.
1766 1240 1860 1268 25-29,
1875 1238 2004 1264 Ανεηίοηε,

523 1339 700 1384 Dignetur
729 1338 899 1371 sanctitas
927 1344 1046 1371 vestra
1081 1338 1282 1383 peticiones
1317 1338 1564 1382 infrascriptas
1594 1337 1636 1369 ad
1670 1335 1918 1369 exaudicionis
1948 1334 2097 1380 gratiam
2131 1333 2290 1378 benigne

434 1406 620 1439 admittere
642 1412 679 1438 ut
699 1405 736 1438 in
755 1405 880 1437 forma.

520 1517 554 1543 Et
569 1517 664 1551 primo
680 1517 860 1551 supplicatur
875 1517 1019 1543 sanctitati
1032 1519 1122 1543 vestre
1137 1518 1282 1550 quatenus
1296 1518 1447 1551 specialem
1463 1517 1587 1550 gratiam
1607 1516 1742 1542 facientes
1758 1516 1862 1542 devoto
1876 1516 1968 1541 vestro
1984 1513 2113 1540 Michaeli
2128 1513 2291 1542 Monetarih

432 1567 525 1600 presb.
540 1567 750 1592 cenomanens.
765 1566 851 1595 dioc..
868 1567 899 1591 in
914 1568 1040 1599 utroque
1051 1566 1119 1599 jure
1134 1566 1246 1595 licenc..
1262 1575 1326 1592 can.
1342 1569 1370 1592 et
1385 1567 1494 1592 archid.
1511 1566 1626 1592 ecclesie
1642 1566 1756 1591 Dolens.

521 1617 592 1642 Item
607 1615 788 1641 Joucerando
800 1615 835 1641 de
850 1615 1009 1644 Cuseriaco,
1024 1615 1103 1644 cler..
1121 1615 1220 1641 licenc.
1238 1616 1268 1641 in
1284 1616 1338 1649 leg.
1356 1618 1384 1641 et
1399 1616 1460 1641 bac.
1478 1616 1507 1641 in
1522 1615 1598 1641 decr.
1616 1615 1740 1640 Eduens.
1758 1614 1832 1639 dioc.

520 1665 677 1690 Guillelmo
690 1664 725 1690 de
740 1664 901 1693 Cuseriaco,
917 1664 996 1693 cler..
1012 1664 1073 1689 bac.
1091 1664 1121 1689 in
1136 1664 1224 1692 decr..
1239 1664 1363 1690 Eduens.
1378 1665 1452 1690 dioc.

520 1713 677 1739 Guillelmo
690 1713 800 1743 Acerbi,
816 1713 909 1746 presb.
924 1713 1100 1742 Trecorens..
1117 1713 1178 1739 bac.
1194 1713 1225 1739 in
1238 1714 1313 1739 decr.
1331 1714 1462 1739 Parisius.

520 1763 644 1788 llamoni
660 1762 776 1791 Novelli,
791 1762 896 1796 presb..
913 1762 972 1788 bac.
990 1762 1020 1787 in
1035 1762 1124 1791 decr..
1141 1763 1244 1788 rectori
1260 1763 1391 1796 parroch.
1406 1763 1474 1788 eccl.
1488 1763 1523 1788 de
1539 1763 1643 1788 Sancto
1659 1763 1750 1789 Gleno
1766 1763 1881 1788 Dolens.
1895 1761 1968 1787 dioc.

521 1812 643 1837 ilenrico
655 1811 690 1837 de
706 1811 852 1837 Ilarstallis
868 1811 977 1837 decano
994 1811 1108 1837 ecclesie
1123 1811 1200 1837 Beati
1214 1812 1351 1838 Germani
1365 1812 1506 1838 Thenens.
1526 1812 1673 1838 Leodiens.
1690 1812 1776 1839 dioc..
1796 1812 1856 1837 bac.
1872 1811 1902 1836 in
1918 1811 1973 1843 leg.
1990 1811 2018 1836 et
2031 1810 2100 1835 alias
2118 1809 2149 1835 in
2163 1810 2292 1842 utroque

427 1861 493 1894 jure
508 1861 578 1886 adeo
593 1862 728 1893 provecto
744 1860 823 1893 quod
840 1867 892 1893 pro
907 1859 1101 1886 discurrendis
1113 1860 1227 1893 jurium
1242 1860 1339 1886 dubiis
1353 1861 1383 1886 in
1399 1861 1530 1893 partibus
1543 1861 1598 1886 illis
1613 1862 1755 1894 tanquam
1773 1860 1808 1886 ad
1824 1867 1920 1885 unum
1936 1859 1971 1885 de
1984 1857 2241 1895 sufficientioribus
2254 1856 2291 1883 ad

430 1917 499 1935 eum
515 1909 682 1935 communis
694 1909 728 1934 sit
744 1916 886 1935 recursus.

519 1958 645 1983 Johanni
660 1958 695 1984 de
711 1956 884 1986 Villanova2‚
901 1958 1064 1983 Trecorens.
1079 1958 1165 1987 dioc.,
1182 1958 1228 1984 lic.
1246 1958 1368 1984 Parisius
1382 1958 1414 1984 in
1426 1959 1492 1992 jure
1507 1966 1570 1985 can.

518 2007 646 2032 Guidoni
660 2007 696 2032 de
708 2006 833 2041 Campis,
845 2006 972 2031 subdiac.
985 2006 1030 2031 lic.
1045 2006 1075 2031 in
1088 2007 1143 2040 leg.
1160 2008 1188 2032 et
1203 2007 1263 2033 bac.
1276 2007 1306 2032 in
1318 2007 1407 2035 decr.v
1419 2008 1640 2041 consiliarioque
1656 2007 1840 2033 illustrissimi
1856 2007 1995 2041 principis
2005 2006 2087 2031 ducis
2097 2003 2291 2031 Biturioensis.

519 2056 602 2082 Petro
617 2056 713 2084 Merle,
726 2055 792 2081 cler.
810 2055 966 2081 Pictavens.
984 2055 1070 2084 dioc..
1086 2056 1131 2081 lic.
1147 2056 1178 2081 in
1193 2056 1248 2089 leg.
1264 2056 1454 2090 studentique
1470 2057 1592 2083 Parisius
1605 2057 1636 2082 in
1652 2057 1704 2082 sac.
1719 2057 1794 2082 decr.

518 2105 630 2130 Nicolao
644 2104 680 2130 de
699 2105 863 2130 Cluzrehou
878 2104 946 2129 alias
960 2104 995 2130 de
1008 2104 1166 2134 Vilkmova,
1190 2105 1328 2131 Leonens.
1351 2106 1437 2135 dioc.,
1462 2106 1522 2134 bac.
1539 2108 1605 2132 actu
1627 2106 1735 2139 legenti
1758 2106 1880 2131 Parisius
1901 2105 1932 2130 in
1955 2105 2007 2130 sac.
2023 2104 2101 2130 decr.
2117 2105 2145 2130 et
2167 2111 2244 2137 mag.
2261 2102 2293 2128 in

430 2154 550 2179 artibus.

518 2203 610 2228 Alano
624 2202 650 2228 le
665 2202 750 2231 Mieu.
764 2202 831 2228 cler.
846 2202 1008 2228 Trecorens.
1022 2201 1109 2231 dioc.,
1123 2202 1184 2228 bac.
1201 2204 1269 2229 actu
1281 2203 1388 2236 legenti
1404 2203 1527 2230 Parisius
1539 2204 1569 2229 in
1586 2205 1637 2230 sac.
1652 2204 1729 2230 decr.

505 2251 641 2286 >Oliverio
657 2251 745 2280 Porti,
760 2251 820 2277 bac.
835 2251 866 2276 in
881 2251 970 2280 decr..
987 2251 1129 2277 Briocens.
1146 2252 1219 2278 dioc.

518 2300 643 2326 ,Iohanni
660 2299 777 2325 Oliverii
791 2300 859 2325 alias
871 2300 975 2332 Jegoti,
989 2300 1050 2326 bac.
1067 2300 1098 2325 in
1113 2300 1201 2330 decr„
1217 2301 1381 2327 Trecorens.
1394 2302 1468 2328 dioc.

518 2349 645 2375 Johanni
657 2349 692 2375 de
705 2349 840 2382 Tournay
853 2349 888 2375 de
902 2349 1035 2377 Turonis.
1052 2349 1191 2379 subdiac..
1208 2350 1253 2376 lic.
1271 2350 1301 2375 in
1316 2350 1392 2376 decr.
1408 2351 1531 2377 Parisius
1545 2353 1573 2377 et
1587 2352 1619 2377 in
1633 2352 1727 2385 rigore
1744 2351 1894 2380 examinis,
1909 2351 2108 2384 canonicoque
2120 2347 2290 2375 Turonensi.

518 2397 645 2423 Johanni
661 2398 744 2427 Leht,
759 2398 804 2423 lic.
821 2397 852 2423 in
867 2398 922 2431 leg.
937 2406 969 2423 ae
984 2398 1044 2423 bac.
1062 2398 1092 2423 in
1107 2398 1197 2427 decr.‚
1211 2399 1356 2424 Bisuntin.
1371 2399 1446 2426 dioc.

518 2447 645 2472 Johanni
659 2447 823 2475 Mocanerii,
840 2447 945 2480 presb.‚
962 2447 1024 2472 bac.
1041 2447 1071 2472 in
1086 2447 1162 2473 decr.

519 2495 676 2521 Guillelmo
692 2495 840 2524 Silvestris,
862 2496 956 2528 presb.
979 2496 1123 2529 Bajocens.
1142 2496 1228 2525 dioc.,
1246 2505 1322 2530 mag.
1339 2498 1370 2523 in
1385 2499 1439 2523 art.
1454 2500 1482 2524 et
1498 2499 1558 2524 hac.
1573 2499 1604 2524 in
1619 2499 1707 2527 decr..
1721 2499 1757 2524 de
1771 2506 1834 2524 can.
1849 2498 1916 2524 ecel.
1931 2498 2080 2530 collegiate
2098 2496 2125 2523 S.
2141 2495 2292 2529 Sepulchri

430 2545 465 2570 de
478 2544 606 2570 Cadomo
622 2545 766 2577 Bajocens.
783 2544 857 2570 dioc.

518 2593 645 2618 Dionisio
661 2593 776 2625 Pagani.
792 2593 857 2618 cler.
875 2594 1020 2626 Bajocens.
1035 2594 1120 2623 dioc.,
1138 2602 1214 2627 mag.
1232 2595 1262 2620 in
1277 2597 1331 2621 art.
1347 2597 1375 2621 et
1394 2596 1471 2621 stud.
1494 2596 1616 2622 Parisius
1637 2597 1667 2622 in
1688 2597 1739 2622 sac.
1756 2597 1845 2622 theol.
1868 2596 1898 2621 in
1921 2597 2021 2621 octavo
2042 2602 2121 2620 anno
2140 2601 2190 2620 sue
2205 2592 2291 2619 audi-

428 2641 518 2668 cionis
533 2642 675 2667 existenti.

517 2690 639 2716 ilenrico
654 2690 689 2716 de
704 2691 850 2720 Fontanis,
862 2691 928 2717 cler.
947 2691 1091 2725 Bajocens.
1105 2692 1191 2721 dioc..
1206 2701 1282 2725 mag.
1296 2693 1326 2718 in
1340 2695 1406 2720 art..
1419 2694 1470 2727 qui
1483 2702 1535 2727 per
1550 2697 1660 2728 septem
1675 2703 1767 2721 annos
1782 2695 1937 2721 continuos
1953 2693 2075 2719 Parisius
2089 2693 2120 2718 in
2134 2693 2186 2718 sac.
2200 2690 2291 2717 theol.

430 2739 553 2765 studuit.

516 2787 643 2813 Johanni
658 2787 693 2813 de
708 2788 869 2821 Espallone,
884 2789 977 2821 presb.
995 2789 1139 2822 Bajocens.
1157 2790 1242 2819 dioc..
1260 2799 1337 2823 mag.
1354 2791 1384 2817 in
1400 2793 1466 2820 art..
1484 2792 1544 2818 bac.
1562 2792 1593 2818 in
1608 2793 1685 2819 decr.
1700 2794 1729 2818 et
1743 2793 1788 2818 lic.
1804 2793 1834 2818 in
1849 2793 1904 2825 leg.

517 2836 630 2862 Matheo
646 2836 728 2865 Preli,
745 2837 812 2862 cler.
829 2837 974 2870 Bajocens.
989 2838 1074 2867 dioc.,
1092 2846 1169 2871 mag.
1186 2839 1216 2864 in
1232 2841 1298 2869 art.‚
1313 2840 1364 2873 qui
1380 2848 1426 2866 sex
1440 2842 1525 2867 annis
1540 2842 1662 2867 Parisius
1677 2842 1708 2867 in
1723 2850 1744 2867 s.
1762 2842 1850 2867 theol.
1866 2840 1989 2866 studuit.

516 2885 607 2911 Yvoni
622 2885 770 2914 Rousselfi,
788 2886 880 2918 presb.
899 2886 1042 2919 Bajocens.
1058 2887 1145 2917 dioc,
1162 2896 1238 2921 mag.
1256 2888 1286 2913 in
1301 2890 1367 2918 art..
1384 2890 1461 2915 stud.
1479 2890 1601 2916 Parisius
1615 2891 1645 2916 in
1659 2891 1711 2916 130.
1726 2891 1815 2916 theol.
1830 2890 1861 2915 in
1877 2891 1982 2923 quarto
1997 2896 2075 2915 anno
2088 2895 2138 2914 sue
2152 2887 2247 2913 audie.

553 2933 574 2956 1.
