2502 3418
393 337 458 370 626
968 346 1288 368 casm-nmmum
1323 344 1514 367 umvsas.
1550 344 1679 366 mnis.
2157 331 2255 368 [1442

396 465 540 502 2561.
564 474 720 500 Licentiati
735 475 763 500 in
778 473 922 508 facultate
937 473 1107 500 medicinae.

1617 515 1693 543 7442,
1707 514 1794 540 Martii
1807 515 1844 543 10,
1857 514 1965 540 Parisiis

484 593 629 626 Decima
651 593 709 626 die
731 593 868 626 mensis
890 593 1015 625 Marcii
1097 592 1244 624 suerunt
1264 591 1438 624 licentiati
1460 602 1467 623 t

854 693 928 726 Mag.
946 692 1068 718 Karolus
1080 692 1116 717 dc
1131 690 1312 724 Mauregard.
1325 690 1443 724 primus.

872 756 906 760 ——
943 741 1090 767 Dionisius
1104 741 1228 773 Nugues,
1244 740 1386 766 secundas.

487 832 632 855 Comment.
650 832 699 854 sac.
716 831 795 857 med..
813 831 846 860 Π,
863 839 888 861 p.
907 831 947 855 39.
961 843 992 848 —
1011 829 1093 853 Ambo
1110 837 1170 852 mox
1184 828 1305 860 magistri
1325 828 1385 852 sacti
1402 831 1472 852 sunt.
1489 837 1500 851 «
1521 828 1591 859 Mag.
1606 828 1636 851 K.
1651 828 1682 851 de
1698 828 1850 858 Mauregart
1866 827 1965 859 incepit
1979 827 2021 850 die
2037 828 2066 850 10
2084 826 2183 858 Aprilis
2199 827 2258 850 1442

389 879 452 907 post
464 876 564 899 Pascha
580 886 592 898 ιι
609 875 703 907 (ibid.);
723 889 755 892 —
772 884 783 898 «
799 883 814 898 e
829 883 900 906 mag.
917 874 1034 898 Dionisio
1048 874 1155 905 Nugues
1170 881 1219 905 pro
1232 873 1315 896 bursa
1330 872 1486 904 magisterii,
1503 881 1535 896 xx
1553 881 1575 896 s.
1595 882 1608 894 n
1626 872 1709 903 (ibim,
1726 881 1753 904 p.
1773 873 1823 902 40),
1842 872 1884 896 Sic
1903 872 2004 904 pluries
2022 871 2112 903 signat
2125 871 2182 903 ipse
2200 872 2260 901 (non

392 921 504 952 Migues)
518 921 544 944 in
559 920 636 943 dictis
651 919 861 943 Commentariis.

393 1044 537 1081 2562.
560 1053 707 1087 Eugenius
723 1053 767 1078 IV
776 1053 816 1078 ad
830 1051 1070 1088 supplicationem
1089 1050 1268 1085 generalium
1288 1054 1316 1077 et
1329 1052 1453 1085 fratrum
1476 1051 1626 1085 Minor-um,
1648 1049 1895 1084 Praedicator-um,
1918 1049 2110 1075 Eremitarum
2132 1049 2160 1075 S.
2184 1049 2259 1083 Aug.

480 1106 507 1128 et
525 1102 745 1128 Carmelitarum
760 1101 872 1136 statuit,
892 1104 922 1126 ut
936 1103 1045 1135 fratres
1066 1100 1165 1126 horum
1184 1100 1320 1126 Ordinum
1333 1109 1388 1136 per
1403 1108 1471 1125 suos
1485 1100 1649 1136 superiores
1665 1099 1704 1125 ad
1719 1099 1771 1125 hoc
1782 1102 1955 1135 potestatem
1973 1098 2111 1124 habentes
2128 1097 2260 1124 Parisios

479 1151 560 1177 missi
574 1151 614 1176 ad
623 1150 739 1187 publice
756 1150 796 1176 ibi
811 1150 962 1185 legendam
978 1149 1113 1183 Bibliam,
1132 1149 1256 1175 indilate
1271 1153 1298 1175 et
1316 1149 1426 1184 absque
1442 1158 1521 1174 mora
1537 1148 1641 1174 solutis
1650 1148 1766 1184 juribus
1781 1147 1982 1182 admittantur,
1997 1148 2024 1173 si
2038 1156 2092 1183 per
2106 1146 2260 1183 deputatos

478 1200 632 1235 facultatis
655 1200 815 1235 theologiae
837 1199 934 1225 idonei
953 1199 1060 1235 reperti
1081 1199 1206 1233 fuerint,·
1229 1199 1310 1224 missi
1334 1207 1394 1224 vero
1420 1198 1460 1224 ad
1483 1198 1621 1233 legendas
1647 1198 1811 1224 Sententias
1836 1206 1852 1223 ι
1874 1196 1955 1223 nulla
1980 1196 2103 1233 cujusvis
2125 1196 2260 1232 temporis

480 1254 634 1286 expectata
651 1259 738 1283 mora,
757 1250 819 1275 sine
830 1249 941 1275 lectura
958 1248 1059 1283 Biblie,
1077 1248 1140 1274 sine
1156 1248 1292 1274 Cursibus
1306 1251 1333 1274 et
1348 1247 1458 1284 absque
1474 1247 1535 1273 ulla
1549 1247 1674 1284 ipsorum
1692 1249 1830 1273 Cursuum
1841 1246 2037 1283 persolutione
2053 1245 2142 1272 libere
2157 1245 2261 1271 admit-

479 1303 577 1325 tantur
592 1309 625 1331 »ς
639 1303 793 1335 postquam
811 1307 872 1324 vero
887 1302 955 1324 sunt
971 1297 1136 1324 baccalarei
1150 1297 1279 1332 formati,
1298 1297 1418 1333 quilibet
1436 1297 1482 1323 hot
1490 1306 1535 1323 um
1554 1296 1690 1323 Ordinum
1706 1305 1806 1331 regens
1820 1305 1905 1322 unum
1923 1304 1959 1322 ex
1973 1295 2059 1321 dictis
2079 1294 2260 1321 baccatareis

477 1358 529 1384 pro
552 1348 708 1374 obtinenda
729 1347 848 1374 licentia
868 1347 1044 1373 cancellario
1066 1347 1163 1372 Paris.
1182 1350 1351 1382 praesentet
1371 1350 1397 1372 et
1415 1350 1605 1382 praesentare
1625 1345 1739 1379 debeat,
1763 1350 1790 1371 et
1808 1345 1851 1371 sic
1867 1348 2075 1381 praesentatus
2095 1344 2261 1370 immediate

481 1398 520 1423 ad
541 1397 725 1423 obtinendam
742 1397 888 1423 licentiam
911 1396 1092 1431 admittatur,
1117 1396 1233 1422 etiamsi
1251 1396 1355 1421 statuti
1377 1395 1512 1431 temporis
1531 1395 1659 1431 spatium
1676 1395 1800 1431 quinque
1816 1397 1955 1420 annorum
1975 1403 2030 1420 non
2053 1393 2258 1430 compleverit',

479 1447 545 1473 dum
561 1451 656 1472 tamen
671 1447 714 1472 bis
728 1447 756 1472 in
772 1446 923 1472 ordinaria
940 1445 1131 1482 responderit.
1150 1446 1212 1471 Has
1229 1445 1323 1479 fuisse
1339 1445 1478 1480 antiquas
1493 1444 1714 1470 consuetudines
1730 1445 1758 1470 in
1771 1444 1914 1478 facultate
1930 1443 2092 1478 theologiae
2108 1442 2145 1468 ab
2161 1443 2259 1469 imme-

479 1496 614 1522 morabili
629 1499 753 1532 tempore
776 1495 952 1529 observatas,
970 1494 1074 1530 quibus
1090 1503 1108 1520 a
1131 1494 1228 1520 multis
1244 1494 1318 1519 citra
1335 1493 1420 1519 annis
1434 1493 1565 1519 nonnulli
1579 1492 1734 1527 facultatis
1751 1492 1913 1527 theologiae
1928 1501 1959 1518 se
1972 1495 2175 1528 opposuerunt.
2192 1491 2257 1518 Dat.

479 1546 623 1572 Florentie
639 1553 717 1571 anno
733 1546 878 1571 Incarnat.
894 1545 979 1570 Dom.
1001 1544 1104 1570 milles.
1126 1543 1363 1577 quadringentes.
1381 1543 1605 1577 quadragesimo
1623 1543 1729 1576 primo.
1747 1542 1843 1569 nono2
1861 1542 1918 1568 kal.
1936 1542 2050 1576 Aprilis.
2071 1541 2260 1576 pontificatus

480 1595 571 1622 nostri
586 1603 665 1621 anno
679 1594 864 1621 duodecimo.
881 1604 895 1618 α
908 1594 951 1620 Ad
963 1594 1067 1627 jugem
1080 1593 1178 1619 divine
1192 1593 1310 1619 scientie
1324 1594 1353 1619 et
1365 1600 1442 1619 sacre
1456 1592 1602 1626 theologie
1617 1591 1862 1626 propagacionem
1879 1601 1902 1616 ».

1573 1682 1651 1710 1442,
1667 1681 1754 1707 Martii
1766 1681 1811 1710 24,
1824 1681 1975 1707 Florentiae.

485 1774 548 1804 Reg.
564 1773 620 1796 Lat.
636 1773 737 1803 Eugen.
753 1772 795 1799 lv,
813 1776 842 1795 η’
860 1772 913 1799 390,
929 1772 972 1795 fol.
989 1772 1044 1794 287.
1062 1771 1118 1794 Fol.
1137 1770 1195 1794 288ιι
1215 1770 1298 1802 episc.
1314 1770 1441 1793 Meldens.
1458 1772 1484 1793 et
1498 1769 1608 1793 abbates
1624 1770 1651 1793 S.
1669 1769 1817 1793 Genovefae
1836 1772 1862 1792 et
1876 1769 1903 1792 S.
1917 1768 2040 1792 Germani
2063 1768 2094 1791 de
2109 1768 2194 1791 Pratis
2210 1767 2260 1791 sub

390 1818 481 1842 eadem
496 1817 623 1849 temporis
639 1820 700 1840 nota
713 1820 877 1840 exsecutores
893 1817 1054 1848 deputantur
1070 1823 1075 1839 z
1093 1824 1104 1838 «
1121 1815 1203 1839 Hodie
1218 1818 1307 1838 nostre
1321 1823 1343 1839 υ.
1357 1814 1475 1838 Priorem
1488 1814 1629 1846 epistolum
1644 1814 1767 1837 exhibent
1779 1814 1855 1842 BUL„
1867 1814 1896 1841 V,
1912 1822 1939 1845 p.
1952 1814 2010 1841 524;
2024 1813 2167 1842 WAnumo,
2183 1814 2258 1837 Ann-

391 1864 472 1891 Μίνω,
487 1864 500 1886 ’2
516 1863 565 1890 ed„
583 1862 626 1892 ΧΙ,
646 1871 673 1893 p.
690 1862 748 1890 163;
772 1862 900 1891 Τοιιειω,
917 1861 1006 1886 Secoli
1025 1861 1219 1891 Ayostiniani,
1240 1861 1283 1890 Vl,
1303 1869 1331 1891 p.
1350 1860 1409 1888 729;
1431 1859 1509 1885 Bull.
1534 1858 1699 1889 Carmel.,1,
1714 1867 1742 1890 p.
1763 1860 1820 1887 599;
1844 1859 1953 1888 Rmom„
1970 1858 2048 1883 Bull.
2067 1858 2130 1883 Ord.
2146 1857 2259 1888 Praed„

391 1909 437 1938 111,
454 1908 506 1931 149.
522 1908 589 1930 Haec
605 1907 679 1930 bulla
695 1906 867 1930 seminarium
884 1914 994 1937 magnae
1009 1905 1169 1929 turbationis
1184 1905 1211 1928 in
1225 1905 1402 1928 Universitate
1417 1904 1475 1928 suit.

484 1993 507 2017 1.
524 1993 656 2020 Quantum
673 1992 705 2015 ad
721 1992 770 2015 hoc
786 1991 962 2015 Mendicantes
976 1991 1066 2022 utique
1076 1999 1152 2013 usum
1165 1990 1302 2021 antiquum
1313 1989 1407 2013 afferre
1420 1992 1572 2021 potuerunt,
1584 1992 1609 2012 et
1619 1988 1752 2013 Gerardus
1764 1987 1874 2012 Macheti
1888 1988 1936 2011 hoc
1949 1987 2096 2011 confirmat.
2108 1987 2165 2011 Vid.
2178 1995 2260 2019 supra

392 2042 420 2060 n0
442 2039 512 2061 2559.
532 2051 564 2055 --
586 2037 610 2062 2.
631 2037 707 2066 But„
732 2037 860 2065 Tonmu,
883 2036 1013 2066 Carmel.,
1036 2036 1172 2059 Jounnmx
1194 2043 1199 2058 z
1219 2044 1230 2058 «
1253 2036 1267 2058 3
1287 2035 1340 2058 kal.
1361 2034 1444 2066 April.
1465 2042 1492 2064 »5
1507 2042 1596 2057 omnes
1617 2033 1704 2062 etiam,
1723 2036 1830 2064 excepto
1853 2034 1961 2062 Βινοιι,
1983 2032 2009 2055 in
2031 2032 2128 2056 litteris
2148 2031 2259 2063 Eugenii

392 2082 513 2106 scribunt
528 2082 598 2111 1442,
616 2090 667 2105 non
683 2084 870 2113 cognoscentes
889 2081 980 2104 stilum
1000 2080 1089 2104 curiae
1109 2081 1181 2104 Rom.
1202 2080 1275 2103 illius
1290 2079 1427 2111 temporis.

395 2250 538 2286 2563.
570 2258 714 2285 Gerardus
728 2257 855 2284 Macheti
869 2257 991 2283 Roberto
1008 2256 1130 2291 Ciboule‚
1150 2260 1180 2282 ut
1197 2257 1385 2290 Sententiarii
1398 2255 1566 2282 saeculares
1579 2255 1733 2290 facultatis
1749 2254 1911 2290 theologiae
1926 2253 2162 2290 multiplicentur.

1720 2343 1794 2373 1442,
1809 2343 1973 2376 Mart-April.

536 2436 603 2461 Viro
618 2435 828 2468 sapientissimo
844 2442 911 2461 sane
923 2435 1045 2461 discreto
1060 2436 1089 2461 et
1102 2434 1243 2468 prudenti
1257 2442 1335 2468 mag.
1352 2434 1477 2460 Roberto
1492 2434 1600 2460 Cibole.
1616 2441 1764 2460 sacrarum
1779 2433 1945 2459 litterarum
1957 2432 2119 2465 professori,

1034 2484 1116 2510 fratri
1131 2485 1160 2510 et
1174 2484 1267 2510 amico
1280 2484 1412 2510 multum
1426 2483 1617 2510 desiderabili.

481 2573 604 2606 Nostis
623 2573 769 2605 fervens
791 2572 1015 2605 desiderium
1038 2572 1148 2605 animi
1169 2572 1252 2612 mei,
1276 2584 1347 2616 quo
1369 2571 1506 2604 afficior
1525 2571 1767 2616 multiplicare
1785 2570 1972 2615 supposita
1996 2576 2120 2602 nostre
2146 2559 2258 2602 faculss

396 2641 491 2680 tatis7
523 2639 712 2684 potissime
743 2639 934 2677 secularia,
965 2639 1009 2671 ad
1040 2639 1303 2671 deffensionem
1334 2638 1510 2672 catholice
1543 2638 1719 2679 veritatis,
1750 2649 1854 2682 quam
1887 2636 2044 2682 professi
2070 2647 2196 2669 sumus
2221 2635 2258 2668 in

395 2706 539 2739 licentia
566 2705 779 2750 magistrali.
808 2706 889 2739 Scio
917 2706 1015 2750 quod
1049 2712 1085 2738 et
1114 2706 1242 2738 eodem
1268 2706 1397 2739 affectu
1430 2705 1618 2738 ducimini.
1645 2704 1940 2738 Deliberaveram
1970 2703 2131 2736 Parisius
2155 2703 2258 2747 juxta

395 2773 489 2805 hunc
510 2773 674 2805 affectum
696 2784 850 2817 querere
871 2772 1087 2805 bacallarios
1108 2773 1152 2806 ad
1177 2773 1351 2806 lecturam
1374 2773 1642 2806 Sententiarum
1669 2772 1754 2805 anni
1779 2771 1961 2811 instantis,
1990 2776 2026 2802 et
2051 2770 2104 2802 eis
2134 2769 2259 2802 distri-

396 2840 506 2872 buere
528 2851 698 2872 sommam
721 2839 875 2884 aliquam
900 2840 1133 2884 pecuniarum
1156 2852 1220 2885 pro
1239 2840 1463 2885 sumptibus;
1487 2840 1583 2885 quod
1606 2846 1640 2872 et
1660 2839 1911 2885 perfecissem,
1929 2837 1960 2870 si
1980 2836 2088 2882 paulo
2109 2836 2257 2881 longius

396 2918 529 2939 moram
551 2906 739 2938 traxissem
763 2906 862 2939 illuc.
889 2908 964 2939 Vos
987 2914 1103 2940 autem
1132 2907 1227 2953 elegi
1248 2907 1290 2940 ad
1312 2907 1380 2940 hoc
1402 2919 1493 2953 opus
1515 2914 1678 2940 sanetum
1701 2913 1736 2939 et
1757 2904 2086 2952 pernecessarium,
2113 2910 2156 2936 ut.
2175 2915 2257 2950 per-

518 2965 555 2986 79.

2483 2961 2502 3202 1-:.22-,-2.am==..smf„.2-;.„.
2490 2904 2502 2951 πιὼ-
