2502 3418
276 361 371 398 1419]
620 373 666 394 AB
700 374 805 395 ANNo
839 373 1126 395 MCGCLxxxle
1160 373 1291 401 USQUE
1326 374 1374 395 An
1409 374 1546 395 ANNUM
1581 375 1785 396 mccccml.
2075 367 2138 400 :367

274 455 309 481 et
329 448 489 488 desoffle,
508 459 547 480 se
569 459 631 492 par
650 454 773 480 vostre
793 459 901 492 grace
924 447 1104 492 espociale
1125 447 1183 491 n'y
1203 454 1258 480 est
1277 447 1471 480 hriefment
1491 459 1667 492 pourveu,
1690 460 1827 481 comme
1849 461 2027 494 naguerez
2049 463 2138 483 vous

273 526 384 548 avons
405 514 554 559 escript‚
578 521 614 547 et
639 514 721 559 plus
742 520 1017 558 expressement
1036 526 1127 547 vous
1149 520 1367 558 exposeront
1396 525 1463 546 noz
1483 514 1602 546 seaulx
1622 526 1830 560 messagers
1851 515 1996 548 maistre
2018 517 2138 549 Pierro

271 593 339 614 aux
360 581 494 622 Boeufz,
520 581 671 614 docteur
696 592 740 613 en
762 580 959 625 theologie,
987 587 1021 613 et
1045 580 1170 612 Nicole
1196 580 1240 613 de
1262 581 1308 612 La
1330 581 1447 625 Loge¹
1471 580 1622 613 docteur
1643 592 1687 613 en
1709 581 1845 621 decr-et,
1866 581 2027 626 lesquelz
2047 595 2138 615 vous

273 648 385 692 plaise
407 647 668 693 benignement
690 648 745 679 oir
765 659 809 680 en
831 647 1036 691 adjoustant
1057 647 1117 692 foy
1136 653 1171 679 et
1191 658 1342 679 creance
1368 647 1411 679 ad
1440 659 1481 679 ce
1507 659 1576 692 que
1597 659 1688 680 vous
1710 647 1842 688 diront,
1864 656 2083 693 exposeront
2105 657 2137 682 el

270 714 500 759 supplieront
518 714 562 746 de
578 725 642 759 par
657 720 779 747 vostre
796 713 890 746 dicte
907 713 994 746 fille.
1013 714 1102 746 Tres
1119 713 1230 755 hault,
1249 720 1323 746 tres
1344 714 1521 758 puissant⁷
1541 720 1622 754 otc„
1646 714 1737 746 Dieu
1759 726 1822 758 par
1838 726 1875 746 sa
1897 715 2011 747 sainte
2032 717 2138 759 grimo

272 792 361 814 vous
383 780 485 813 doint
505 780 626 813 bonne
646 781 704 813 vie
725 787 759 812 et
780 780 928 825 longue.
952 780 1107 824 Escript.

363 878 480 902 Minuta
500 878 615 901 chax-tac.
637 877 663 900 in
684 877 762 901 Arch.
778 881 833 900 not.
850 877 945 905 Paris,
961 878 986 900 M
1003 877 1055 906 65¹¹,
1072 882 1100 900 n⁰
1113 879 1142 900 86
1161 877 1232 907 (olim
1248 879 1278 901 A.
1291 879 1314 900 3.
1329 879 1404 909 ppp).
1418 892 1448 895 -—
1464 878 1532 901 Haec
1548 878 1661 909 epistola
1680 878 1771 901 intime
1791 878 1955 901 connectitur
1970 887 2028 901 curn
2044 878 2138 902 litteris

271 922 341 954 regis
354 922 415 946 Jun.
432 923 470 951 12,
485 922 511 945 in
525 922 621 954 quibus
637 930 667 945 ex
681 921 795 953 epistola
808 922 996 945 Universitntis
1013 930 1095 953 supra
1113 922 1183 945 edita
1200 922 1290 953 aliqua
1306 922 1434 945 sententia
1450 922 1569 946 affertur.
1583 922 1660 952 Bu„
1675 923 1703 950 V,
1718 923 1771 950 341,
1787 923 1850 946 citat
1865 926 1894 946 ut
1910 923 2011 954 legatos
2026 923 2139 946 Univer-

270 967 356 991 situtis
372 967 517 990 Johannem
534 966 727 998 Pulchripatris
742 970 766 989 et
781 966 953 990 Eustachium
968 967 999 989 de
1012 966 1165 990 Puvilliaco.
1184 967 1234 990 Sed
1250 975 1280 990 ex
1297 966 1357 998 ipsa
1372 967 1485 998 epistola
1500 970 1620 998 apparet,
1637 967 1842 991 Universitatem
1857 968 1958 999 pluries
1971 968 2028 999 regi
2043 968 2074 991 de
2090 968 2137 991 hoc

270 1011 375 1043 negotio
390 1011 540 1043 scripsisse.

361 1095 385 1120 1.
401 1096 421 1119 1.
436 1104 458 1120 e.
475 1095 598 1119 Nicolous
612 1096 644 1118 de
658 1095 748 1127 Logia,
764 1095 838 1126 prior
854 1095 885 1118 de
898 1095 1034 1119 Pontibus.

269 1285 413 1322 2135.
440 1294 559 1319 Carolus
581 1295 622 1327 VI,
641 1294 767 1329 querelis
793 1294 994 1320 calvet-sitatis
1010 1295 1105 1320 Paris.
1124 1299 1287 1329 commotus,
1305 1295 1483 1321 consiliariis
1501 1296 1688 1332 parlamenti.
1706 1297 1876 1332 praeposito
1894 1297 1990 1323 Paris.
2011 1296 2137 1332 aliisque

356 1343 504 1376 officiariis
525 1343 634 1377 scribit,
659 1352 690 1369 se
710 1343 874 1378 magistros,
897 1343 1045 1370 scholares
1066 1348 1093 1369 et
1111 1344 1264 1380 supposita
1290 1345 1490 1370 Universitatis
1511 1353 1563 1380 per
1589 1344 1703 1370 litteras
1727 1354 1773 1370 an.
1796 1346 1876 1375 1418,
1900 1354 1995 1371 mense
2026 1345 2134 1380 Octob„

356 1392 444 1417 datas
460 1392 598 1418 immunes
611 1392 780 1418 declarasse
794 1392 989 1427 excubiarum,
1002 1393 1089 1427 guoti,
1106 1393 1257 1419 custodiae
1266 1397 1417 1429 portarum
1434 1397 1461 1419 et
1477 1402 1715 1429 quorumcumque
1727 1394 1930 1429 impositorum.
1944 1394 2136 1420 Nihilominus

357 1441 385 1466 in
403 1441 454 1466 hoc
472 1450 490 1467 a
511 1441 685 1477 quibusdam
701 1442 848 1474 officiariis
872 1441 1041 1467 molestatur
1061 1443 1244 1475 Universitos,
1267 1453 1279 1467 «
1295 1450 1429 1476 parquoy
1443 1443 1496 1469 elle
1516 1445 1558 1469 est
1574 1451 1610 1469 en
1625 1450 1696 1476 voye
1710 1443 1746 1469 de
1765 1451 1793 1469 sa
1810 1444 1898 1469 totale
1917 1443 2087 1477 discipation
2108 1446 2136 1470 et

354 1491 524 1521 desolation,
546 1499 573 1517 se
593 1499 646 1525 par
665 1499 739 1517 nous
757 1499 793 1517 ne
811 1491 852 1516 lui
872 1493 914 1517 est
935 1499 984 1517 sur
999 1499 1030 1517 ce
1053 1499 1184 1525 pourveu
1202 1502 1223 1518 n.
1239 1493 1397 1527 Propterea
1417 1500 1469 1517 rex
1491 1492 1716 1526 Universitatem,
1734 1495 1849 1527 petente
1869 1492 1955 1518 etiam
1975 1492 2047 1517 doce
2063 1494 2135 1517 Bur-

355 1539 491 1574 gundiae,
511 1540 618 1565 noviter
638 1540 666 1565 in
682 1539 768 1565 dictis
781 1539 941 1575 privilegiis
953 1544 1110 1566 conservat.
1123 1539 1227 1566 Donne
1237 1539 1253 1567 ἒι
1267 1541 1401 1567 Pontoise
1412 1541 1439 1567 le
1452 1541 1503 1575 xijo
1516 1541 1585 1574 jour
1600 1541 1636 1568 de
1651 1541 1750 1574 Juing.
1763 1541 1819 1567 l'an
1834 1541 1870 1567 de
1883 1549 1966 1574 grace
1979 1542 2031 1567 mil
2045 1541 2134 1567 CCCC

355 1590 383 1614 et
397 1588 546 1619 dix-neus,
564 1591 592 1615 et
603 1589 630 1615 le
644 1589 738 1615 xxxixe
752 1589 788 1615 de
801 1591 898 1615 nostre
914 1588 1012 1623 rogne.
1029 1600 1042 1613 «
1056 1590 1149 1623 Reqeu
1165 1598 1253 1616 avons
1266 1590 1292 1616 la
1308 1590 1486 1623 complaints
1500 1601 1524 1615 n.

1468 1678 1535 1708 1479,
1551 1679 1620 1704 duni!
1636 1679 1671 1708 12,
1687 1679 1847 1704 Pontlsarae.

360 1765 498 1796 Originale
517 1765 544 1788 in
564 1765 641 1789 Aroh.
659 1765 780 1789 Univers.
798 1765 893 1795 Paris„
910 1766 978 1789 thee.
991 1767 1023 1791 11.
1040 1767 1068 1791 A.
1087 1768 1109 1789 5.
1126 1774 1162 1789 ee.
1181 1767 1271 1789 Restat
1286 1767 1440 1790 taeniolum.
1458 1781 1485 1784 —
1501 1767 1564 1791 Rec.
1581 1768 1628 1790 des
1639 1766 1739 1796 privil.
1756 1767 1789 1790 de
1804 1766 1980 1790 l'Universite'
1991 1768 2024 1790 de
2038 1766 2132 1795 Paris,

265 1818 291 1840 p.
304 1810 334 1832 92
345 1818 385 1841 sq.
400 1810 524 1834 ordonn.
537 1811 583 1834 des
593 1811 660 1838 vvis,
673 1810 716 1838 xl,
730 1819 757 1841 p.
769 1812 791 1833 6.
803 1824 834 1828 —
844 1811 904 1834 Jun.
917 1811 946 1833 23
957 1814 982 1833 et
997 1819 1054 1842 sqq.
1068 1811 1233 1834 Universitas
1247 1811 1394 1842 postulavit
1409 1814 1437 1834 ut
1451 1811 1500 1834 hae
1515 1811 1619 1834 litterae
1631 1811 1657 1833 in
1671 1810 1744 1833 curia
1756 1811 1914 1842 parlamenti
1928 1811 2134 1842 registr-arentur

265 1857 289 1877 ot
308 1854 510 1885 publicarentur
524 1858 549 1878 et
569 1854 662 1878 deinde
678 1855 729 1877 sibi
750 1855 963 1879 restituerentur.
980 1855 1177 1878 Pin-lamentum
1190 1864 1241 1878 non
1253 1855 1383 1883 ohedivit;
1400 1855 1546 1886 publicatio
1561 1864 1652 1878 earum
1667 1855 1867 1878 commotionem
1883 1855 1992 1879 Parisiis
2008 1864 2133 1886 generare

265 1899 403 1930 potuisset.
419 1899 480 1923 Jun.
496 1900 526 1922 30
541 1899 578 1922 ibi
595 1902 696 1922 rectore
712 1899 824 1931 aliisque
836 1900 1023 1923 Universitatis
1039 1900 1225 1931 praesentibus
1242 1900 1410 1931 praepositus
1426 1904 1602 1923 mercatorum
1620 1901 1647 1924 et
1662 1900 1773 1930 scabini,
1789 1903 1946 1931 procurator
1965 1900 2045 1931 regis,
2064 1900 2133 1923 cives

265 1943 348 1967 Paris.
361 1951 388 1967 se
403 1947 586 1974 opposuerunt
602 1943 785 1967 Universitati.
797 1945 853 1967 Non
869 1945 954 1967 solum
970 1945 1022 1967 Jul.
1037 1945 1050 1967 4
1068 1945 1155 1973 (Ax-ch.
1170 1948 1224 1968 nat.
1238 1945 1335 1974 Paris„
1351 1945 1398 1967 X¹²
1413 1945 1488 1972 148ος
1505 1945 1581 1973 BUL„
1594 1945 1624 1975 V,
1638 1945 1680 1968 341
1697 1947 1757 1976 sq.)‚
1775 1945 1819 1967 sed
1835 1945 1960 1967 Novemb.
1973 1945 2002 1967 14
2017 1945 2131 1967 nondum

266 1996 276 2010 «
293 1988 364 2011 leurs
380 1988 471 2011 lettres
489 1989 620 2011 arresteez
639 1992 663 2011 et
681 1992 770 2012 estuns
791 1997 841 2020 pur
860 1989 953 2012 devers
969 1989 994 2012 la
1010 1993 1085 2012 court
1101 1997 1124 2019 a),
1142 1989 1310 2012 obstantibus
1325 1993 1496 2020 procuratore
1516 1989 1587 2020 regis
1606 1993 1631 2012 et
1647 1989 1799 2020 praeposito
1814 1992 2000 2018 mercatorum,
2016 1989 2134 2012 obtinere

265 2032 475 2056 satisfactionem
489 2032 660 2056 universitas
674 2033 760 2064 potuit
772 2034 834 2062 (Χή,
847 2033 916 2063 1480,
933 2034 977 2057 sol.
989 2034 1054 2063 200).
1068 2033 1118 2056 Sed
1133 2042 1174 2057 nn.
1193 2034 1253 2056 1424
1269 2034 1384 2056 nondum
1397 2034 1501 2057 litterae
1516 2034 1654 2057 restitutae
1669 2037 1694 2057 et
1709 2034 1864 2065 registi-atae
1879 2036 1962 2056 erant.
1980 2033 2036 2056 Vid.
2054 2033 2132 2058 intra.

265 2226 409 2263 2136.
437 2236 574 2268 Officialis
595 2236 692 2262 Paris.
712 2240 799 2271 atque
816 2237 940 2262 lacobus
963 2238 1049 2268 Ymer,
1075 2237 1170 2263 licent.
1191 2238 1218 2262 in
1237 2237 1324 2271 decr„
1345 2237 1519 2271 vicesgerens
1538 2237 1667 2272 episcopi
1682 2236 1902 2270 Bellovaconsss
1924 2237 2130 2262 conservatoris

352 2284 446 2320 privil.
469 2285 592 2310 Uniuers.
613 2285 718 2318 Paris.‚
735 2285 887 2321 publicant
900 2286 956 2311 Jul.
972 2287 1005 2312 18
1021 2286 1136 2312 litteras
1150 2286 1283 2312 Ludovici
1297 2286 1382 2322 episc.
1402 2286 1614 2320 Magalonens„
1633 2286 1845 2311 vicecamerarii
1858 2294 1964 2321 papae,
1984 2294 2032 2311 an.
2050 2286 2128 2318 1419,

354 2333 427 2358 Maii
451 2334 475 2366 6,
501 2334 529 2359 in
551 2334 655 2368 quibus
674 2334 774 2360 scribit
793 2334 950 2360 Jolzannem
966 2334 1104 2369 Bour0n2,
1130 2335 1265 2361 abbatem
1291 2337 1316 2361 S.
1339 2335 1478 2369 Germani,
1504 2335 1674 2367 asseruisse7
1700 2335 1776 2370 quod
1802 2334 1931 2360 Urbanus
1954 2335 2129 2359 Vsummam

350 2382 492 2418 pecuniae
507 2382 635 2408 debitam
650 2384 719 2410 8000
735 2385 799 2418 flor.
819 2384 885 2409 auri
900 2385 928 2409 in
947 2384 1124 2420 promotione
1136 2393 1190 2420 pro
1204 2384 1344 2410 communi
1363 2384 1477 2410 servitio
1492 2384 1656 2410 solvendam
1676 2383 1715 2409 ad
1731 2384 1799 2410 4000
1813 2383 2010 2409 diminuisse3.
2035 2384 2129 2418 Inspi-

354 2431 448 2457 ciatur
469 2431 549 2457 bulla
571 2432 679 2457 Urbani
702 2433 936 2468 Vpraesentibus
961 2433 1090 2459 Jolianne
1110 2433 1243 2469 episcopo
1259 2434 1420 2469 Bajocensi,
1443 2442 1518 2467 mag.
1540 2434 1624 2459 Petro
1643 2432 1783 2465 Cauclzon,
1811 2432 1958 2457 Guillelmo
1978 2432 2127 2462 Intrantis,

353 2480 473 2506 Nicolao
494 2480 528 2506 de
555 2481 734 2515 Savigniaco,
755 2481 913 2507 licentiatis
934 2482 962 2507 in
989 2486 1108 2518 utroque
1126 2483 1201 2518 jure,
1226 2482 1331 2508 Iacobo
1351 2482 1518 2517 Couillardi,
1546 2486 1573 2507 et
1594 2481 1793 2507 collectoribus
1816 2485 1843 2506 et
1862 2480 2126 2506 subcollectoribus.

354 2530 460 2554 Revera
486 2529 513 2554 in
536 2534 679 2565 pat-quoto
702 2531 845 2566 superiori
861 2531 958 2556 curiae
974 2532 1133 2557 Parisiens.
1151 2531 1222 2556 Julii
1239 2532 1273 2557 18
1292 2531 1370 2556 bulla
1390 2531 1498 2556 Urbani
1519 2532 1541 2556 V
1556 2539 1604 2556 an.
1623 2531 1700 2564 1363,
1720 2529 1798 2556 Febr.
1821 2531 1863 2564 27,
1884 2529 2087 2565 perlegebatur
2103 2533 2130 2554 e!

352 2578 610 2605 transcribebatur.

1510 2616 1579 2645 7479,
1597 2616 1659 2641 dum
1675 2616 1711 2645 18,
1727 2615 1841 2641 Parisiis.

356 2702 434 2725 Arch.
450 2702 518 2729 Vnt..
538 2702 639 2725 Divers.
656 2703 796 2731 Comei-al..
813 2704 889 2727 Mart.
904 2705 933 2733 V,
950 2709 977 2727 n⁰
994 2707 1015 2731 5,
1033 2705 1077 2727 sol.
1095 2705 1218 2727 woh-181.
1236 2704 1324 2735 Ohlig.
1343 2709 1371 2727 n⁰
1387 2707 1423 2732 55,
1443 2704 1486 2728 sol.
1504 2704 1562 2726 109b
1577 2712 1633 2735 sqq.
1652 2704 1738 2734 Supra
1756 2703 1842 2734 posita
1858 2703 1987 2726 sufficiant
2002 2707 2129 2734 quantum

262 2746 418 2769 documenta
433 2747 466 2769 nd
482 2747 605 2770 Univers.
620 2747 703 2770 Paris.
719 2749 860 2778 pertinent.

355 2831 379 2855 1.
396 2831 523 2854 Bernardi
543 2832 574 2855 de
598 2832 746 2856 Chevenon.
764 2846 792 2850 -
808 2832 831 2856 2.
847 2834 1031 2864 Praepositum
1054 2834 1085 2857 de
1108 2834 1279 2859 Anthoniaco.
1300 2833 1483 2856 confirmatum
1499 2841 1513 2855 a
1529 2832 1641 2855 Max-tino
1664 2833 1683 2855 V
1699 2840 1741 2855 un.
1758 2832 1827 2861 1419,
1846 2832 1922 2855 Mart.
1947 2833 1961 2854 ὓ
1982 2833 2055 2863 (Reg.
2071 2833 2126 2856 Lat.

263 2876 338 2899 Max-t.
354 2876 381 2904 V,
399 2884 440 2899 an.
459 2877 483 2905 2,
499 2876 546 2900 lib.
563 2877 600 2903 32,
621 2877 665 2900 sol.
683 2878 748 2907 230).
765 2891 791 2895 —-
807 2877 831 2902 3.
848 2878 915 2900 Haec
931 2878 1048 2901 reductio
1065 2878 1182 2908 affertur,
1199 2881 1224 2901 et
1239 2878 1343 2909 quidem
1360 2886 1388 2901 ex
1406 2878 1496 2900 eodem
1513 2878 1582 2900 sunto
1599 2886 1610 2899 α
1626 2877 1728 2900 Divers.
1746 2877 1875 2900 Carnernl.
1895 2885 1906 2899 »
1923 2877 1948 2899 in
1964 2877 2033 2899 libro
2054 2880 2127 2899 taxa-

262 2928 320 2942 rum
335 2928 380 2951 ap.
396 2920 561 2950 DonLINGER,
578 2921 758 2945 Materialien
771 2929 796 2945 z.
815 2922 909 2946 Gesch.
925 2924 951 2946 d.
968 2923 996 2945 15
1012 2930 1040 2946 u.
1055 2923 1084 2945 16
1096 2923 1165 2951 Jhs.‚
1181 2931 1206 2954 p.
1224 2923 1278 2946 181.
