<?xml version="1.0" encoding="UTF-8"?>
<!DOCTYPE html PUBLIC "-//W3C//DTD XHTML 1.0 Transitional//EN"
    "http://www.w3.org/TR/xhtml1/DTD/xhtml1-transitional.dtd">
<html xmlns="http://www.w3.org/1999/xhtml" xml:lang="en" lang="en">
 <head>
  <title>
</title>
<meta http-equiv="Content-Type" content="text/html;charset=utf-8" />
  <meta name='ocr-system' content='tesseract 3.04.00' />
  <meta name='ocr-capabilities' content='ocr_page ocr_carea ocr_par ocr_line ocrx_word'/>
</head>
<body>
  <div class='ocr_page' id='page_1' title='image "./chartulariumuniv04univuoft_0199.png"; bbox 0 0 2502 3418; ppageno 0'>
   <div class='ocr_carea' id='block_1_1' title="bbox 265 314 2123 353">
    <p class='ocr_par' dir='ltr' id='par_1_1' title="bbox 265 314 2123 353">
     <span class='ocr_line' id='line_1_1' title="bbox 265 314 2123 353; baseline 0.001 -5"><span class='ocrx_word' id='word_1_1' title='bbox 265 314 357 349; x_wconf 82' lang='lat'>1408]</span> <span class='ocrx_word' id='word_1_2' title='bbox 605 328 650 348; x_wconf 72' lang='lat' dir='ltr'>AB</span> <span class='ocrx_word' id='word_1_3' title='bbox 687 328 793 349; x_wconf 62' lang='lat' dir='ltr'>ANNo</span> <span class='ocrx_word' id='word_1_4' title='bbox 829 326 1118 348; x_wconf 34' lang='lat' dir='ltr'>meceiixxxxiv</span> <span class='ocrx_word' id='word_1_5' title='bbox 1149 326 1279 353; x_wconf 67' lang='lat' dir='ltr'>usQuss</span> <span class='ocrx_word' id='word_1_6' title='bbox 1315 327 1362 346; x_wconf 62' lang='lat' dir='ltr'>,xo</span> <span class='ocrx_word' id='word_1_7' title='bbox 1398 327 1535 347; x_wconf 61' lang='lat' dir='ltr'>ANNUM</span> <span class='ocrx_word' id='word_1_8' title='bbox 1571 327 1775 348; x_wconf 69' lang='lat' dir='ltr'>mccccmu.</span> <span class='ocrx_word' id='word_1_9' title='bbox 2065 321 2123 350; x_wconf 78' lang='grc'><strong>1;);)</strong></span> 
     </span>
    </p>
   </div>
   <div class='ocr_carea' id='block_1_2' title="bbox 244 398 2122 2839">
    <p class='ocr_par' dir='ltr' id='par_1_2' title="bbox 244 398 2122 2839">
     <span class='ocr_line' id='line_1_2' title="bbox 260 398 2120 444; baseline 0.001 -12"><span class='ocrx_word' id='word_1_10' title='bbox 260 406 376 432; x_wconf 89' lang='lat' dir='ltr'>motor</span> <span class='ocrx_word' id='word_1_11' title='bbox 402 400 657 433; x_wconf 87' lang='lat' dir='ltr'>Universitatis</span> <span class='ocrx_word' id='word_1_12' title='bbox 680 401 782 444; x_wconf 87' lang='lat' dir='ltr'>petiit</span> <span class='ocrx_word' id='word_1_13' title='bbox 802 401 870 433; x_wconf 86' lang='lat' dir='ltr'>alta</span> <span class='ocrx_word' id='word_1_14' title='bbox 899 406 933 432; x_wconf 90' lang='lat' dir='ltr'>et</span> <span class='ocrx_word' id='word_1_15' title='bbox 960 398 1185 443; x_wconf 74' lang='lat' dir='ltr'>intelligibili</span> <span class='ocrx_word' id='word_1_16' title='bbox 1206 410 1293 430; x_wconf 81' lang='lat' dir='ltr'>voce</span> <span class='ocrx_word' id='word_1_17' title='bbox 1315 399 1358 430; x_wconf 89' lang='lat' dir='ltr'>ab</span> <span class='ocrx_word' id='word_1_18' title='bbox 1384 400 1656 438; x_wconf 65' lang='lat' dir='ltr'>assistentibuS,</span> <span class='ocrx_word' id='word_1_19' title='bbox 1679 407 1765 444; x_wconf 88' lang='lat' dir='ltr'>quot</span> <span class='ocrx_word' id='word_1_20' title='bbox 1790 408 1887 433; x_wconf 88' lang='lat' dir='ltr'>crant</span> <span class='ocrx_word' id='word_1_21' title='bbox 1912 401 2016 439; x_wconf 77' lang='lat' dir='ltr'>lior‹=;</span> <span class='ocrx_word' id='word_1_22' title='bbox 2037 409 2067 434; x_wconf 87' lang='lat' dir='ltr'>et</span> <span class='ocrx_word' id='word_1_23' title='bbox 2091 403 2120 434; x_wconf 92' lang='lat' dir='ltr'>ei</span> 
     </span>
     <span class='ocr_line' id='line_1_3' title="bbox 259 465 2121 511; baseline 0.001 -13"><span class='ocrx_word' id='word_1_24' title='bbox 259 478 437 511; x_wconf 90' lang='lat' dir='ltr'>responso</span> <span class='ocrx_word' id='word_1_25' title='bbox 459 467 541 499; x_wconf 90' lang='lat' dir='ltr'>dato</span> <span class='ocrx_word' id='word_1_26' title='bbox 563 479 579 499; x_wconf 87' lang='lat' dir='ltr'>a</span> <span class='ocrx_word' id='word_1_27' title='bbox 602 467 782 511; x_wconf 80' lang='lat' dir='ltr'>pluribus,</span> <span class='ocrx_word' id='word_1_28' title='bbox 810 467 907 511; x_wconf 88' lang='lat' dir='ltr'>quod</span> <span class='ocrx_word' id='word_1_29' title='bbox 935 473 1015 499; x_wconf 87' lang='lat' dir='ltr'>octo</span> <span class='ocrx_word' id='word_1_30' title='bbox 1043 465 1131 497; x_wconf 88' lang='lat' dir='ltr'>hore</span> <span class='ocrx_word' id='word_1_31' title='bbox 1160 466 1298 497; x_wconf 82' lang='lat' dir='ltr'>fucrant</span> <span class='ocrx_word' id='word_1_32' title='bbox 1327 466 1480 509; x_wconf 80' lang='lat' dir='ltr'>pulsate,</span> <span class='ocrx_word' id='word_1_33' title='bbox 1508 467 1607 510; x_wconf 87' lang='lat' dir='ltr'>petiit</span> <span class='ocrx_word' id='word_1_34' title='bbox 1631 467 1733 498; x_wconf 87' lang='lat' dir='ltr'>etiam</span> <span class='ocrx_word' id='word_1_35' title='bbox 1760 467 1877 499; x_wconf 74' lang='lat' dir='ltr'>dictus</span> <span class='ocrx_word' id='word_1_36' title='bbox 1901 475 2084 511; x_wconf 78' lang='lat' dir='ltr'>promotor</span> <span class='ocrx_word' id='word_1_37' title='bbox 2106 482 2121 500; x_wconf 88' lang='lat' dir='ltr'>a</span> 
     </span>
     <span class='ocr_line' id='line_1_4' title="bbox 258 533 2122 578; baseline -0.001 -13"><span class='ocrx_word' id='word_1_38' title='bbox 258 533 486 577; x_wconf 78' lang='lat' dir='ltr'>speculatore</span> <span class='ocrx_word' id='word_1_39' title='bbox 508 545 572 566; x_wconf 84' lang='lat' dir='ltr'>seu</span> <span class='ocrx_word' id='word_1_40' title='bbox 594 533 774 571; x_wconf 75' lang='lat' dir='ltr'>bourello,</span> <span class='ocrx_word' id='word_1_41' title='bbox 798 534 828 565; x_wconf 87' lang='lat' dir='ltr'>si</span> <span class='ocrx_word' id='word_1_42' title='bbox 850 534 928 578; x_wconf 86' lang='lat' dir='ltr'>ipse</span> <span class='ocrx_word' id='word_1_43' title='bbox 951 533 1067 565; x_wconf 86' lang='lat' dir='ltr'>dictos</span> <span class='ocrx_word' id='word_1_44' title='bbox 1089 533 1293 564; x_wconf 78' lang='lat' dir='ltr'>dell&#39;uuctos</span> <span class='ocrx_word' id='word_1_45' title='bbox 1315 540 1557 576; x_wconf 78' lang='lat' dir='ltr'>cognosceret</span> <span class='ocrx_word' id='word_1_46' title='bbox 1577 540 1608 564; x_wconf 90' lang='lat' dir='ltr'>et</span> <span class='ocrx_word' id='word_1_47' title='bbox 1631 533 1872 577; x_wconf 79' lang='lat' dir='ltr'>cognoscebat</span> <span class='ocrx_word' id='word_1_48' title='bbox 1898 546 1903 565; x_wconf 88' lang='lat'>:</span> <span class='ocrx_word' id='word_1_49' title='bbox 1930 546 2122 578; x_wconf 70' lang='lat' dir='ltr'>responso-</span> 
     </span>
     <span class='ocr_line' id='line_1_5' title="bbox 258 599 2122 645; baseline 0 -13"><span class='ocrx_word' id='word_1_50' title='bbox 258 612 327 644; x_wconf 88' lang='lat' dir='ltr'>que</span> <span class='ocrx_word' id='word_1_51' title='bbox 362 600 444 632; x_wconf 88' lang='lat' dir='ltr'>dato</span> <span class='ocrx_word' id='word_1_52' title='bbox 479 600 522 632; x_wconf 90' lang='lat' dir='ltr'>ab</span> <span class='ocrx_word' id='word_1_53' title='bbox 550 601 676 633; x_wconf 89' lang='lat' dir='ltr'>eodem</span> <span class='ocrx_word' id='word_1_54' title='bbox 714 600 955 645; x_wconf 69' lang='lat' dir='ltr'>speculatore,</span> <span class='ocrx_word' id='word_1_55' title='bbox 988 599 1086 644; x_wconf 85' lang='lat' dir='ltr'>quod</span> <span class='ocrx_word' id='word_1_56' title='bbox 1122 599 1186 638; x_wconf 86' lang='lat' dir='ltr'>sic,</span> <span class='ocrx_word' id='word_1_57' title='bbox 1219 599 1503 631; x_wconf 85' lang='lat' dir='ltr'>demonstrando</span> <span class='ocrx_word' id='word_1_58' title='bbox 1540 600 1631 632; x_wconf 90' lang='lat' dir='ltr'>duos</span> <span class='ocrx_word' id='word_1_59' title='bbox 1667 612 1868 644; x_wconf 77' lang='lat' dir='ltr'>suspensos</span> <span class='ocrx_word' id='word_1_60' title='bbox 1905 601 2122 644; x_wconf 80' lang='lat' dir='ltr'>proximiore</span> 
     </span>
     <span class='ocr_line' id='line_1_6' title="bbox 258 666 2121 711; baseline -0.001 -12"><span class='ocrx_word' id='word_1_61' title='bbox 258 667 419 699; x_wconf 89' lang='lat' dir='ltr'>seeundo</span> <span class='ocrx_word' id='word_1_62' title='bbox 442 667 570 711; x_wconf 88' lang='lat' dir='ltr'>pilario</span> <span class='ocrx_word' id='word_1_63' title='bbox 601 667 750 711; x_wconf 78' lang='lat' dir='ltr'>patibuli</span> <span class='ocrx_word' id='word_1_64' title='bbox 780 680 797 699; x_wconf 92' lang='lat' dir='ltr'>a</span> <span class='ocrx_word' id='word_1_65' title='bbox 827 674 926 711; x_wconf 89' lang='lat' dir='ltr'>parte</span> <span class='ocrx_word' id='word_1_66' title='bbox 954 666 1154 698; x_wconf 87' lang='lat' dir='ltr'>molendini</span> <span class='ocrx_word' id='word_1_67' title='bbox 1186 666 1228 698; x_wconf 90' lang='lat' dir='ltr'>ad</span> <span class='ocrx_word' id='word_1_68' title='bbox 1255 673 1414 704; x_wconf 84' lang='lat' dir='ltr'>ventum,</span> <span class='ocrx_word' id='word_1_69' title='bbox 1443 666 1708 710; x_wconf 81' lang='lat' dir='ltr'>testificatoque</span> <span class='ocrx_word' id='word_1_70' title='bbox 1735 679 1798 711; x_wconf 91' lang='lat' dir='ltr'>per</span> <span class='ocrx_word' id='word_1_71' title='bbox 1819 667 2051 711; x_wconf 72' lang='lat' dir='ltr'>quamplures</span> <span class='ocrx_word' id='word_1_72' title='bbox 2078 668 2121 699; x_wconf 79' lang='lat' dir='ltr'>de</span> 
     </span>
     <span class='ocr_line' id='line_1_7' title="bbox 256 733 2121 778; baseline -0.001 -13"><span class='ocrx_word' id='word_1_73' title='bbox 256 733 459 766; x_wconf 89' lang='lat' dir='ltr'>astantibus</span> <span class='ocrx_word' id='word_1_74' title='bbox 480 733 614 766; x_wconf 88' lang='lat' dir='ltr'>ibidem</span> <span class='ocrx_word' id='word_1_75' title='bbox 638 734 698 778; x_wconf 90' lang='lat' dir='ltr'>qui</span> <span class='ocrx_word' id='word_1_76' title='bbox 720 733 890 766; x_wconf 84' lang='lat' dir='ltr'>dicebant</span> <span class='ocrx_word' id='word_1_77' title='bbox 909 733 1024 765; x_wconf 84' lang='lat' dir='ltr'>fuisse</span> <span class='ocrx_word' id='word_1_78' title='bbox 1047 739 1237 777; x_wconf 74' lang='lat' dir='ltr'>presentes</span> <span class='ocrx_word' id='word_1_79' title='bbox 1259 745 1338 764; x_wconf 90' lang='lat' dir='ltr'>cum</span> <span class='ocrx_word' id='word_1_80' title='bbox 1361 734 1506 765; x_wconf 86' lang='lat' dir='ltr'>suerunt</span> <span class='ocrx_word' id='word_1_81' title='bbox 1529 733 1712 777; x_wconf 77' lang='lat' dir='ltr'>suspensi,</span> <span class='ocrx_word' id='word_1_82' title='bbox 1737 740 1771 765; x_wconf 89' lang='lat' dir='ltr'>et</span> <span class='ocrx_word' id='word_1_83' title='bbox 1790 733 1886 777; x_wconf 90' lang='lat' dir='ltr'>quod</span> <span class='ocrx_word' id='word_1_84' title='bbox 1909 736 2008 777; x_wconf 84' lang='lat' dir='ltr'>ipsos</span> <span class='ocrx_word' id='word_1_85' title='bbox 2030 733 2121 765; x_wconf 73' lang='lat' dir='ltr'>bene</span> 
     </span>
     <span class='ocr_line' id='line_1_8' title="bbox 256 798 2119 844; baseline 0.001 -13"><span class='ocrx_word' id='word_1_86' title='bbox 256 800 539 844; x_wconf 71' lang='lat' dir='ltr'>cognoscebant,</span> <span class='ocrx_word' id='word_1_87' title='bbox 570 807 609 833; x_wconf 92' lang='lat' dir='ltr'>ut</span> <span class='ocrx_word' id='word_1_88' title='bbox 634 800 814 841; x_wconf 89' lang='lat' dir='ltr'>dicebant,</span> <span class='ocrx_word' id='word_1_89' title='bbox 843 807 877 832; x_wconf 90' lang='lat' dir='ltr'>et</span> <span class='ocrx_word' id='word_1_90' title='bbox 905 800 1002 844; x_wconf 89' lang='lat' dir='ltr'>quod</span> <span class='ocrx_word' id='word_1_91' title='bbox 1031 798 1238 844; x_wconf 80' lang='lat' dir='ltr'>speculator</span> <span class='ocrx_word' id='word_1_92' title='bbox 1265 811 1329 831; x_wconf 85' lang='lat' dir='ltr'>seu</span> <span class='ocrx_word' id='word_1_93' title='bbox 1359 799 1548 832; x_wconf 89' lang='lat' dir='ltr'>bourellus</span> <span class='ocrx_word' id='word_1_94' title='bbox 1581 812 1704 832; x_wconf 82' lang='lat' dir='ltr'>verum</span> <span class='ocrx_word' id='word_1_95' title='bbox 1735 799 1894 839; x_wconf 83' lang='lat' dir='ltr'>dicebat;</span> <span class='ocrx_word' id='word_1_96' title='bbox 1925 800 2022 844; x_wconf 88' lang='lat' dir='ltr'>quod</span> <span class='ocrx_word' id='word_1_97' title='bbox 2052 800 2119 844; x_wconf 81' lang='lat' dir='ltr'>ipsi</span> 
     </span>
     <span class='ocr_line' id='line_1_9' title="bbox 256 866 2122 911; baseline -0.001 -12"><span class='ocrx_word' id='word_1_98' title='bbox 256 866 493 899; x_wconf 88' lang='lat' dir='ltr'>demonstrati</span> <span class='ocrx_word' id='word_1_99' title='bbox 515 878 579 911; x_wconf 92' lang='lat' dir='ltr'>per</span> <span class='ocrx_word' id='word_1_100' title='bbox 599 867 775 911; x_wconf 86' lang='lat' dir='ltr'>prefatum</span> <span class='ocrx_word' id='word_1_101' title='bbox 798 866 1062 911; x_wconf 84' lang='lat' dir='ltr'>speculatorem</span> <span class='ocrx_word' id='word_1_102' title='bbox 1086 873 1184 898; x_wconf 88' lang='lat' dir='ltr'>erant</span> <span class='ocrx_word' id='word_1_103' title='bbox 1208 866 1351 910; x_wconf 89' lang='lat' dir='ltr'>propria</span> <span class='ocrx_word' id='word_1_104' title='bbox 1373 878 1524 910; x_wconf 89' lang='lat' dir='ltr'>corpora</span> <span class='ocrx_word' id='word_1_105' title='bbox 1549 878 1612 899; x_wconf 87' lang='lat' dir='ltr'>seu</span> <span class='ocrx_word' id='word_1_106' title='bbox 1634 867 1806 899; x_wconf 85' lang='lat' dir='ltr'>cadavera</span> <span class='ocrx_word' id='word_1_107' title='bbox 1829 878 1937 911; x_wconf 86' lang='lat' dir='ltr'>supra</span> <span class='ocrx_word' id='word_1_108' title='bbox 1961 867 2122 899; x_wconf 89' lang='lat' dir='ltr'>nomina-</span> 
     </span>
     <span class='ocr_line' id='line_1_10' title="bbox 257 933 2121 978; baseline 0.001 -13"><span class='ocrx_word' id='word_1_109' title='bbox 257 939 372 965; x_wconf 89' lang='lat' dir='ltr'>torum</span> <span class='ocrx_word' id='word_1_110' title='bbox 395 933 611 978; x_wconf 86' lang='lat' dir='ltr'>Leodegarii</span> <span class='ocrx_word' id='word_1_111' title='bbox 632 940 667 966; x_wconf 88' lang='lat' dir='ltr'>et</span> <span class='ocrx_word' id='word_1_112' title='bbox 687 934 851 974; x_wconf 88' lang='lat' dir='ltr'>Oliverii,</span> <span class='ocrx_word' id='word_1_113' title='bbox 875 934 1091 966; x_wconf 89' lang='lat' dir='ltr'>clericorum</span> <span class='ocrx_word' id='word_1_114' title='bbox 1114 940 1149 965; x_wconf 90' lang='lat' dir='ltr'>et</span> <span class='ocrx_word' id='word_1_115' title='bbox 1169 933 1375 972; x_wconf 89' lang='lat' dir='ltr'>scolarium,</span> <span class='ocrx_word' id='word_1_116' title='bbox 1399 933 1517 966; x_wconf 90' lang='lat' dir='ltr'>statim</span> <span class='ocrx_word' id='word_1_117' title='bbox 1536 933 1698 977; x_wconf 82' lang='lat' dir='ltr'>precepit</span> <span class='ocrx_word' id='word_1_118' title='bbox 1719 934 1812 965; x_wconf 92' lang='lat' dir='ltr'>idem</span> <span class='ocrx_word' id='word_1_119' title='bbox 1836 940 2022 978; x_wconf 91' lang='lat' dir='ltr'>promotor</span> <span class='ocrx_word' id='word_1_120' title='bbox 2042 934 2121 966; x_wconf 90' lang='lat' dir='ltr'>Uni-</span> 
     </span>
     <span class='ocr_line' id='line_1_11' title="bbox 254 996 2121 1044; baseline 0.001 -13"><span class='ocrx_word' id='word_1_121' title='bbox 254 999 436 1032; x_wconf 88' lang='lat' dir='ltr'>versitatis</span> <span class='ocrx_word' id='word_1_122' title='bbox 458 1000 645 1033; x_wconf 86' lang='lat' dir='ltr'>Gauffrido</span> <span class='ocrx_word' id='word_1_123' title='bbox 663 996 797 1039; x_wconf 75' lang='lat' dir='ltr'>Tardis,</span> <span class='ocrx_word' id='word_1_124' title='bbox 817 1000 1001 1033; x_wconf 84' lang='lat' dir='ltr'>executori</span> <span class='ocrx_word' id='word_1_125' title='bbox 1017 1000 1166 1044; x_wconf 86' lang='lat' dir='ltr'>justicie</span> <span class='ocrx_word' id='word_1_126' title='bbox 1188 1012 1251 1032; x_wconf 82' lang='lat' dir='ltr'>seu</span> <span class='ocrx_word' id='word_1_127' title='bbox 1275 999 1508 1044; x_wconf 71' lang='lat' dir='ltr'>speculatori,</span> <span class='ocrx_word' id='word_1_128' title='bbox 1531 1000 1628 1044; x_wconf 90' lang='lat' dir='ltr'>quod</span> <span class='ocrx_word' id='word_1_129' title='bbox 1650 1000 1750 1044; x_wconf 86' lang='lat' dir='ltr'>ipsos</span> <span class='ocrx_word' id='word_1_130' title='bbox 1773 1000 1973 1044; x_wconf 82' lang='lat' dir='ltr'>deponeret</span> <span class='ocrx_word' id='word_1_131' title='bbox 1993 1013 2009 1032; x_wconf 91' lang='lat' dir='ltr'>a</span> <span class='ocrx_word' id='word_1_132' title='bbox 2034 1001 2121 1044; x_wconf 89' lang='lat' dir='ltr'>pati-</span> 
     </span>
     <span class='ocr_line' id='line_1_12' title="bbox 254 1065 2120 1111; baseline 0.001 -13"><span class='ocrx_word' id='word_1_133' title='bbox 254 1065 353 1098; x_wconf 90' lang='lat' dir='ltr'>bulo.</span> <span class='ocrx_word' id='word_1_134' title='bbox 382 1068 424 1099; x_wconf 80' lang='lat' dir='ltr'>Et</span> <span class='ocrx_word' id='word_1_135' title='bbox 451 1067 691 1100; x_wconf 82' lang='lat' dir='ltr'>ascendentes</span> <span class='ocrx_word' id='word_1_136' title='bbox 719 1079 863 1099; x_wconf 89' lang='lat' dir='ltr'>sursum</span> <span class='ocrx_word' id='word_1_137' title='bbox 893 1067 929 1099; x_wconf 92' lang='lat' dir='ltr'>in</span> <span class='ocrx_word' id='word_1_138' title='bbox 958 1067 1066 1107; x_wconf 89' lang='lat' dir='ltr'>scala,</span> <span class='ocrx_word' id='word_1_139' title='bbox 1096 1067 1214 1099; x_wconf 83' lang='lat' dir='ltr'>dictus</span> <span class='ocrx_word' id='word_1_140' title='bbox 1243 1066 1453 1098; x_wconf 73' lang='lat' dir='ltr'>Gaull&#39;ridus</span> <span class='ocrx_word' id='word_1_141' title='bbox 1486 1066 1692 1111; x_wconf 80' lang='lat' dir='ltr'>speculator</span> <span class='ocrx_word' id='word_1_142' title='bbox 1723 1074 1757 1099; x_wconf 87' lang='lat' dir='ltr'>et</span> <span class='ocrx_word' id='word_1_143' title='bbox 1787 1068 1865 1111; x_wconf 84' lang='lat' dir='ltr'>ejus</span> <span class='ocrx_word' id='word_1_144' title='bbox 1895 1067 2050 1099; x_wconf 79' lang='lat' dir='ltr'>famulus</span> <span class='ocrx_word' id='word_1_145' title='bbox 2082 1079 2120 1099; x_wconf 84' lang='lat' dir='ltr'>se</span> 
     </span>
     <span class='ocr_line' id='line_1_13' title="bbox 253 1133 2119 1178; baseline 0.001 -13"><span class='ocrx_word' id='word_1_146' title='bbox 253 1140 430 1177; x_wconf 89' lang='lat' dir='ltr'>ceperunt</span> <span class='ocrx_word' id='word_1_147' title='bbox 456 1134 499 1166; x_wconf 84' lang='lat' dir='ltr'>ad</span> <span class='ocrx_word' id='word_1_148' title='bbox 528 1133 679 1166; x_wconf 89' lang='lat' dir='ltr'>alterum</span> <span class='ocrx_word' id='word_1_149' title='bbox 710 1134 873 1178; x_wconf 89' lang='lat' dir='ltr'>ipsorum</span> <span class='ocrx_word' id='word_1_150' title='bbox 906 1145 1189 1178; x_wconf 70' lang='lat' dir='ltr'>suspensorum,</span> <span class='ocrx_word' id='word_1_151' title='bbox 1222 1133 1407 1178; x_wconf 88' lang='lat' dir='ltr'>petitoque</span> <span class='ocrx_word' id='word_1_152' title='bbox 1436 1146 1499 1178; x_wconf 89' lang='lat' dir='ltr'>per</span> <span class='ocrx_word' id='word_1_153' title='bbox 1520 1134 1638 1178; x_wconf 89' lang='lat' dir='ltr'>ipsum</span> <span class='ocrx_word' id='word_1_154' title='bbox 1661 1141 1920 1178; x_wconf 76' lang='lat' dir='ltr'>promotorem,</span> <span class='ocrx_word' id='word_1_155' title='bbox 1944 1134 2025 1178; x_wconf 89' lang='lat' dir='ltr'>quis</span> <span class='ocrx_word' id='word_1_156' title='bbox 2047 1141 2119 1166; x_wconf 88' lang='lat' dir='ltr'>erat</span> 
     </span>
     <span class='ocr_line' id='line_1_14' title="bbox 252 1199 2119 1245; baseline 0.001 -14"><span class='ocrx_word' id='word_1_157' title='bbox 252 1199 314 1232; x_wconf 91' lang='lat' dir='ltr'>ille</span> <span class='ocrx_word' id='word_1_158' title='bbox 336 1200 474 1244; x_wconf 91' lang='lat' dir='ltr'>primus</span> <span class='ocrx_word' id='word_1_159' title='bbox 496 1212 602 1245; x_wconf 90' lang='lat' dir='ltr'>quem</span> <span class='ocrx_word' id='word_1_160' title='bbox 620 1200 791 1233; x_wconf 86' lang='lat' dir='ltr'>volebant</span> <span class='ocrx_word' id='word_1_161' title='bbox 811 1201 1008 1245; x_wconf 89' lang='lat' dir='ltr'>deponere,</span> <span class='ocrx_word' id='word_1_162' title='bbox 1028 1201 1217 1245; x_wconf 87' lang='lat' dir='ltr'>respondit</span> <span class='ocrx_word' id='word_1_163' title='bbox 1237 1200 1298 1232; x_wconf 91' lang='lat' dir='ltr'>ille</span> <span class='ocrx_word' id='word_1_164' title='bbox 1321 1200 1532 1233; x_wconf 77' lang='lat' dir='ltr'>Gauss&#39;ridus</span> <span class='ocrx_word' id='word_1_165' title='bbox 1555 1200 1774 1245; x_wconf 84' lang='lat' dir='ltr'>speculator,</span> <span class='ocrx_word' id='word_1_166' title='bbox 1793 1201 1889 1245; x_wconf 90' lang='lat' dir='ltr'>quod</span> <span class='ocrx_word' id='word_1_167' title='bbox 1912 1208 1985 1233; x_wconf 88' lang='lat' dir='ltr'>erat</span> <span class='ocrx_word' id='word_1_168' title='bbox 2007 1201 2119 1245; x_wconf 73' lang='lat' dir='ltr'>magi-</span> 
     </span>
     <span class='ocr_line' id='line_1_15' title="bbox 252 1267 2120 1312; baseline 0.001 -14"><span class='ocrx_word' id='word_1_169' title='bbox 252 1273 327 1299; x_wconf 90' lang='lat' dir='ltr'>ster</span> <span class='ocrx_word' id='word_1_170' title='bbox 344 1267 603 1312; x_wconf 85' lang='lat' dir='ltr'>Leodegarius.</span> <span class='ocrx_word' id='word_1_171' title='bbox 623 1269 702 1310; x_wconf 85' lang='lat' dir='ltr'>Quo</span> <span class='ocrx_word' id='word_1_172' title='bbox 724 1268 918 1304; x_wconf 68' lang='lat' dir='ltr'>descenso,</span> <span class='ocrx_word' id='word_1_173' title='bbox 937 1268 1054 1300; x_wconf 89' lang='lat' dir='ltr'>statim</span> <span class='ocrx_word' id='word_1_174' title='bbox 1078 1279 1116 1300; x_wconf 84' lang='lat' dir='ltr'>se</span> <span class='ocrx_word' id='word_1_175' title='bbox 1139 1274 1313 1312; x_wconf 78' lang='lat' dir='ltr'>ceperunt</span> <span class='ocrx_word' id='word_1_176' title='bbox 1335 1267 1378 1299; x_wconf 93' lang='lat' dir='ltr'>ad</span> <span class='ocrx_word' id='word_1_177' title='bbox 1400 1267 1564 1305; x_wconf 76' lang='lat' dir='ltr'>alterum,</span> <span class='ocrx_word' id='word_1_178' title='bbox 1584 1279 1688 1311; x_wconf 89' lang='lat' dir='ltr'>quem</span> <span class='ocrx_word' id='word_1_179' title='bbox 1712 1267 1879 1300; x_wconf 88' lang='lat' dir='ltr'>dicebant</span> <span class='ocrx_word' id='word_1_180' title='bbox 1901 1280 1982 1300; x_wconf 89' lang='lat' dir='ltr'>esse</span> <span class='ocrx_word' id='word_1_181' title='bbox 2000 1268 2120 1301; x_wconf 81' lang='lat' dir='ltr'>Olive-</span> 
     </span>
     <span class='ocr_line' id='line_1_16' title="bbox 252 1332 2116 1379; baseline 0.001 -14"><span class='ocrx_word' id='word_1_182' title='bbox 252 1332 357 1365; x_wconf 90' lang='lat' dir='ltr'>rium.</span> <span class='ocrx_word' id='word_1_183' title='bbox 386 1333 528 1376; x_wconf 88' lang='lat' dir='ltr'>Quibus</span> <span class='ocrx_word' id='word_1_184' title='bbox 550 1334 742 1379; x_wconf 88' lang='lat' dir='ltr'>depositis,</span> <span class='ocrx_word' id='word_1_185' title='bbox 766 1341 801 1367; x_wconf 88' lang='lat' dir='ltr'>et</span> <span class='ocrx_word' id='word_1_186' title='bbox 829 1335 958 1367; x_wconf 86' lang='lat' dir='ltr'>amotis</span> <span class='ocrx_word' id='word_1_187' title='bbox 989 1334 1225 1379; x_wconf 83' lang='lat' dir='ltr'>ligaminibus</span> <span class='ocrx_word' id='word_1_188' title='bbox 1246 1347 1262 1366; x_wconf 91' lang='lat' dir='ltr'>a</span> <span class='ocrx_word' id='word_1_189' title='bbox 1284 1333 1451 1366; x_wconf 89' lang='lat' dir='ltr'>manibus</span> <span class='ocrx_word' id='word_1_190' title='bbox 1477 1334 1638 1378; x_wconf 86' lang='lat' dir='ltr'>ipsorum</span> <span class='ocrx_word' id='word_1_191' title='bbox 1666 1346 1943 1379; x_wconf 73' lang='lat' dir='ltr'>suspensorum,</span> <span class='ocrx_word' id='word_1_192' title='bbox 1971 1335 2116 1367; x_wconf 87' lang='lat' dir='ltr'>eosdem</span> 
     </span>
     <span class='ocr_line' id='line_1_17' title="bbox 253 1401 2116 1446; baseline 0.001 -14"><span class='ocrx_word' id='word_1_193' title='bbox 253 1407 455 1445; x_wconf 88' lang='lat' dir='ltr'>posuerunt</span> <span class='ocrx_word' id='word_1_194' title='bbox 485 1401 521 1433; x_wconf 92' lang='lat' dir='ltr'>in</span> <span class='ocrx_word' id='word_1_195' title='bbox 551 1402 745 1446; x_wconf 83' lang='lat' dir='ltr'>sartofagis</span> <span class='ocrx_word' id='word_1_196' title='bbox 766 1402 838 1445; x_wconf 84' lang='lat' dir='ltr'>(sic)</span> <span class='ocrx_word' id='word_1_197' title='bbox 869 1402 988 1439; x_wconf 82' lang='lat' dir='ltr'>novis,</span> <span class='ocrx_word' id='word_1_198' title='bbox 1020 1401 1154 1434; x_wconf 87' lang='lat' dir='ltr'>ibidem</span> <span class='ocrx_word' id='word_1_199' title='bbox 1194 1414 1257 1445; x_wconf 90' lang='lat' dir='ltr'>per</span> <span class='ocrx_word' id='word_1_200' title='bbox 1289 1402 1463 1445; x_wconf 81' lang='lat' dir='ltr'>prefatum</span> <span class='ocrx_word' id='word_1_201' title='bbox 1495 1408 1723 1433; x_wconf 82' lang='lat' dir='ltr'>executorem</span> <span class='ocrx_word' id='word_1_202' title='bbox 1756 1413 1820 1434; x_wconf 89' lang='lat' dir='ltr'>seu</span> <span class='ocrx_word' id='word_1_203' title='bbox 1854 1401 2116 1446; x_wconf 82' lang='lat' dir='ltr'>speculatorem</span> 
     </span>
     <span class='ocr_line' id='line_1_18' title="bbox 250 1467 2117 1513; baseline 0.001 -14"><span class='ocrx_word' id='word_1_204' title='bbox 250 1467 461 1511; x_wconf 79' lang='lat' dir='ltr'>apportatis,</span> <span class='ocrx_word' id='word_1_205' title='bbox 491 1474 525 1501; x_wconf 90' lang='lat' dir='ltr'>et</span> <span class='ocrx_word' id='word_1_206' title='bbox 554 1468 654 1513; x_wconf 86' lang='lat' dir='ltr'>ipsos</span> <span class='ocrx_word' id='word_1_207' title='bbox 676 1475 774 1501; x_wconf 85' lang='lat' dir='ltr'>extra</span> <span class='ocrx_word' id='word_1_208' title='bbox 795 1468 999 1501; x_wconf 86' lang='lat' dir='ltr'>clausuram</span> <span class='ocrx_word' id='word_1_209' title='bbox 1022 1469 1107 1500; x_wconf 86' lang='lat' dir='ltr'>dieti</span> <span class='ocrx_word' id='word_1_210' title='bbox 1140 1468 1291 1512; x_wconf 87' lang='lat' dir='ltr'>patibuli</span> <span class='ocrx_word' id='word_1_211' title='bbox 1320 1475 1596 1512; x_wconf 82' lang='lat' dir='ltr'>asportaverunt</span> <span class='ocrx_word' id='word_1_212' title='bbox 1625 1468 1668 1500; x_wconf 88' lang='lat' dir='ltr'>ad</span> <span class='ocrx_word' id='word_1_213' title='bbox 1697 1475 1832 1513; x_wconf 89' lang='lat' dir='ltr'>portam</span> <span class='ocrx_word' id='word_1_214' title='bbox 1856 1469 1941 1501; x_wconf 91' lang='lat' dir='ltr'>dicti</span> <span class='ocrx_word' id='word_1_215' title='bbox 1968 1468 2117 1513; x_wconf 88' lang='lat' dir='ltr'>patibuli</span> 
     </span>
     <span class='ocr_line' id='line_1_19' title="bbox 251 1533 2118 1580; baseline 0.001 -14"><span class='ocrx_word' id='word_1_216' title='bbox 251 1545 316 1566; x_wconf 90' lang='lat' dir='ltr'>seu</span> <span class='ocrx_word' id='word_1_217' title='bbox 337 1533 515 1572; x_wconf 70' lang='lat' dir='ltr'>hostiulm</span> <span class='ocrx_word' id='word_1_218' title='bbox 539 1535 714 1580; x_wconf 89' lang='lat' dir='ltr'>ipsosque</span> <span class='ocrx_word' id='word_1_219' title='bbox 736 1536 940 1568; x_wconf 84' lang='lat' dir='ltr'>deffunctos</span> <span class='ocrx_word' id='word_1_220' title='bbox 961 1542 1058 1568; x_wconf 86' lang='lat' dir='ltr'>extra</span> <span class='ocrx_word' id='word_1_221' title='bbox 1081 1535 1279 1580; x_wconf 86' lang='lat' dir='ltr'>patibulum</span> <span class='ocrx_word' id='word_1_222' title='bbox 1303 1542 1517 1579; x_wconf 89' lang='lat' dir='ltr'>posuerunt,</span> <span class='ocrx_word' id='word_1_223' title='bbox 1534 1536 1634 1579; x_wconf 81' lang='lat' dir='ltr'>juxta</span> <span class='ocrx_word' id='word_1_224' title='bbox 1656 1535 1881 1580; x_wconf 82' lang='lat' dir='ltr'>quadrigam,</span> <span class='ocrx_word' id='word_1_225' title='bbox 1905 1548 2016 1580; x_wconf 87' lang='lat' dir='ltr'>prope</span> <span class='ocrx_word' id='word_1_226' title='bbox 2038 1548 2118 1580; x_wconf 89' lang='lat' dir='ltr'>pre-</span> 
     </span>
     <span class='ocr_line' id='line_1_20' title="bbox 249 1600 2114 1647; baseline 0.002 -15"><span class='ocrx_word' id='word_1_227' title='bbox 249 1600 379 1633; x_wconf 85' lang='lat' dir='ltr'>dictam</span> <span class='ocrx_word' id='word_1_228' title='bbox 401 1608 537 1646; x_wconf 85' lang='lat' dir='ltr'>portam</span> <span class='ocrx_word' id='word_1_229' title='bbox 560 1614 624 1647; x_wconf 84' lang='lat' dir='ltr'>per</span> <span class='ocrx_word' id='word_1_230' title='bbox 645 1602 799 1635; x_wconf 90' lang='lat' dir='ltr'>eundem</span> <span class='ocrx_word' id='word_1_231' title='bbox 829 1602 1095 1647; x_wconf 86' lang='lat' dir='ltr'>speculatorem</span> <span class='ocrx_word' id='word_1_232' title='bbox 1123 1602 1324 1635; x_wconf 86' lang='lat' dir='ltr'>adductam.</span> <span class='ocrx_word' id='word_1_233' title='bbox 1359 1603 1400 1634; x_wconf 76' lang='lat' dir='ltr'>Et</span> <span class='ocrx_word' id='word_1_234' title='bbox 1425 1602 1603 1634; x_wconf 88' lang='lat' dir='ltr'>accedens</span> <span class='ocrx_word' id='word_1_235' title='bbox 1635 1602 1752 1635; x_wconf 86' lang='lat' dir='ltr'>dictus</span> <span class='ocrx_word' id='word_1_236' title='bbox 1784 1609 1969 1646; x_wconf 87' lang='lat' dir='ltr'>promotor</span> <span class='ocrx_word' id='word_1_237' title='bbox 1998 1603 2114 1647; x_wconf 89' lang='lat' dir='ltr'>ipsius</span> 
     </span>
     <span class='ocr_line' id='line_1_21' title="bbox 250 1668 2116 1714; baseline 0.001 -14"><span class='ocrx_word' id='word_1_238' title='bbox 250 1668 504 1702; x_wconf 89' lang='lat' dir='ltr'>Universitatis</span> <span class='ocrx_word' id='word_1_239' title='bbox 526 1681 595 1701; x_wconf 89' lang='lat' dir='ltr'>una</span> <span class='ocrx_word' id='word_1_240' title='bbox 615 1682 694 1702; x_wconf 87' lang='lat' dir='ltr'>cum</span> <span class='ocrx_word' id='word_1_241' title='bbox 723 1669 803 1702; x_wconf 82' lang='lat' dir='ltr'>aliis</span> <span class='ocrx_word' id='word_1_242' title='bbox 830 1670 1028 1713; x_wconf 78' lang='lat' dir='ltr'>magistris,</span> <span class='ocrx_word' id='word_1_243' title='bbox 1053 1675 1260 1713; x_wconf 85' lang='lat' dir='ltr'>promotore</span> <span class='ocrx_word' id='word_1_244' title='bbox 1287 1669 1386 1701; x_wconf 89' lang='lat' dir='ltr'>curie</span> <span class='ocrx_word' id='word_1_245' title='bbox 1413 1669 1632 1701; x_wconf 85' lang='lat' dir='ltr'>Parisiensis</span> <span class='ocrx_word' id='word_1_246' title='bbox 1661 1681 1699 1701; x_wconf 86' lang='lat' dir='ltr'>ac</span> <span class='ocrx_word' id='word_1_247' title='bbox 1722 1681 1825 1713; x_wconf 90' lang='lat' dir='ltr'>quam</span> <span class='ocrx_word' id='word_1_248' title='bbox 1850 1669 2015 1714; x_wconf 89' lang='lat' dir='ltr'>plurimis</span> <span class='ocrx_word' id='word_1_249' title='bbox 2037 1670 2116 1702; x_wconf 89' lang='lat' dir='ltr'>aliis</span> 
     </span>
     <span class='ocr_line' id='line_1_22' title="bbox 247 1735 2110 1781; baseline 0.001 -14"><span class='ocrx_word' id='word_1_250' title='bbox 247 1735 428 1779; x_wconf 86' lang='lat' dir='ltr'>personis,</span> <span class='ocrx_word' id='word_1_251' title='bbox 454 1742 520 1768; x_wconf 88' lang='lat' dir='ltr'>tam</span> <span class='ocrx_word' id='word_1_252' title='bbox 544 1736 772 1781; x_wconf 89' lang='lat' dir='ltr'>presbiteris,</span> <span class='ocrx_word' id='word_1_253' title='bbox 798 1736 942 1769; x_wconf 86' lang='lat' dir='ltr'>clericis</span> <span class='ocrx_word' id='word_1_254' title='bbox 965 1743 999 1769; x_wconf 86' lang='lat' dir='ltr'>et</span> <span class='ocrx_word' id='word_1_255' title='bbox 1019 1736 1130 1781; x_wconf 88' lang='lat' dir='ltr'>laycis</span> <span class='ocrx_word' id='word_1_256' title='bbox 1152 1748 1255 1780; x_wconf 89' lang='lat' dir='ltr'>quam</span> <span class='ocrx_word' id='word_1_257' title='bbox 1279 1736 1508 1776; x_wconf 73' lang='lat' dir='ltr'>mulieribuS,</span> <span class='ocrx_word' id='word_1_258' title='bbox 1533 1736 1576 1768; x_wconf 89' lang='lat' dir='ltr'>ad</span> <span class='ocrx_word' id='word_1_259' title='bbox 1598 1736 1793 1780; x_wconf 88' lang='lat' dir='ltr'>predictam</span> <span class='ocrx_word' id='word_1_260' title='bbox 1818 1743 1968 1780; x_wconf 87' lang='lat' dir='ltr'>portam,</span> <span class='ocrx_word' id='word_1_261' title='bbox 1995 1738 2110 1769; x_wconf 86' lang='lat' dir='ltr'>statim</span> 
     </span>
     <span class='ocr_line' id='line_1_23' title="bbox 247 1801 2116 1848; baseline 0.002 -15"><span class='ocrx_word' id='word_1_262' title='bbox 247 1801 326 1846; x_wconf 90' lang='lat' dir='ltr'>ipse</span> <span class='ocrx_word' id='word_1_263' title='bbox 347 1810 533 1846; x_wconf 89' lang='lat' dir='ltr'>promotor</span> <span class='ocrx_word' id='word_1_264' title='bbox 552 1804 715 1848; x_wconf 86' lang='lat' dir='ltr'>precepit</span> <span class='ocrx_word' id='word_1_265' title='bbox 745 1804 840 1836; x_wconf 89' lang='lat' dir='ltr'>dicto</span> <span class='ocrx_word' id='word_1_266' title='bbox 863 1804 1047 1836; x_wconf 81' lang='lat' dir='ltr'>executori</span> <span class='ocrx_word' id='word_1_267' title='bbox 1072 1803 1221 1848; x_wconf 86' lang='lat' dir='ltr'>justicie</span> <span class='ocrx_word' id='word_1_268' title='bbox 1250 1815 1315 1835; x_wconf 87' lang='lat' dir='ltr'>seu</span> <span class='ocrx_word' id='word_1_269' title='bbox 1344 1803 1576 1847; x_wconf 75' lang='lat' dir='ltr'>speculatOrI,</span> <span class='ocrx_word' id='word_1_270' title='bbox 1605 1803 1702 1847; x_wconf 89' lang='lat' dir='ltr'>quod</span> <span class='ocrx_word' id='word_1_271' title='bbox 1730 1803 1829 1847; x_wconf 90' lang='lat' dir='ltr'>ipsos</span> <span class='ocrx_word' id='word_1_272' title='bbox 1852 1803 2116 1848; x_wconf 85' lang='lat' dir='ltr'>discooperiret</span> 
     </span>
     <span class='ocr_line' id='line_1_24' title="bbox 247 1868 2114 1915; baseline 0.001 -15"><span class='ocrx_word' id='word_1_273' title='bbox 247 1868 290 1900; x_wconf 89' lang='lat' dir='ltr'>ad</span> <span class='ocrx_word' id='word_1_274' title='bbox 311 1868 432 1909; x_wconf 89' lang='lat' dir='ltr'>finem,</span> <span class='ocrx_word' id='word_1_275' title='bbox 452 1876 489 1902; x_wconf 91' lang='lat' dir='ltr'>ut</span> <span class='ocrx_word' id='word_1_276' title='bbox 509 1870 616 1902; x_wconf 90' lang='lat' dir='ltr'>citius</span> <span class='ocrx_word' id='word_1_277' title='bbox 634 1877 667 1903; x_wconf 87' lang='lat' dir='ltr'>et</span> <span class='ocrx_word' id='word_1_278' title='bbox 689 1870 819 1903; x_wconf 91' lang='lat' dir='ltr'>melius</span> <span class='ocrx_word' id='word_1_279' title='bbox 841 1870 1119 1915; x_wconf 85' lang='lat' dir='ltr'>perciperentur</span> <span class='ocrx_word' id='word_1_280' title='bbox 1140 1877 1175 1903; x_wconf 87' lang='lat' dir='ltr'>et</span> <span class='ocrx_word' id='word_1_281' title='bbox 1193 1870 1357 1903; x_wconf 83' lang='lat' dir='ltr'>valerent</span> <span class='ocrx_word' id='word_1_282' title='bbox 1378 1870 1552 1914; x_wconf 82' lang='lat' dir='ltr'>cognosci</span> <span class='ocrx_word' id='word_1_283' title='bbox 1574 1882 1638 1914; x_wconf 89' lang='lat' dir='ltr'>per</span> <span class='ocrx_word' id='word_1_284' title='bbox 1654 1877 1844 1914; x_wconf 88' lang='lat' dir='ltr'>presentes</span> <span class='ocrx_word' id='word_1_285' title='bbox 1866 1869 2012 1902; x_wconf 90' lang='lat' dir='ltr'>ibidem.</span> <span class='ocrx_word' id='word_1_286' title='bbox 2036 1874 2114 1913; x_wconf 80' lang='lat' dir='ltr'>Quo</span> 
     </span>
     <span class='ocr_line' id='line_1_25' title="bbox 247 1936 2114 1982; baseline 0.001 -15"><span class='ocrx_word' id='word_1_287' title='bbox 247 1936 353 1977; x_wconf 82' lang='lat' dir='ltr'>facto,</span> <span class='ocrx_word' id='word_1_288' title='bbox 383 1936 478 1968; x_wconf 87' lang='lat' dir='ltr'>idem</span> <span class='ocrx_word' id='word_1_289' title='bbox 507 1944 694 1981; x_wconf 87' lang='lat' dir='ltr'>promotor</span> <span class='ocrx_word' id='word_1_290' title='bbox 723 1937 852 1970; x_wconf 88' lang='lat' dir='ltr'>iterum</span> <span class='ocrx_word' id='word_1_291' title='bbox 885 1938 970 1970; x_wconf 86' lang='lat' dir='ltr'>secit</span> <span class='ocrx_word' id='word_1_292' title='bbox 1002 1950 1065 1970; x_wconf 91' lang='lat' dir='ltr'>eos</span> <span class='ocrx_word' id='word_1_293' title='bbox 1096 1937 1286 1982; x_wconf 86' lang='lat' dir='ltr'>cooperire</span> <span class='ocrx_word' id='word_1_294' title='bbox 1317 1949 1381 1981; x_wconf 87' lang='lat' dir='ltr'>per</span> <span class='ocrx_word' id='word_1_295' title='bbox 1411 1937 1585 1981; x_wconf 82' lang='lat' dir='ltr'>prefatum</span> <span class='ocrx_word' id='word_1_296' title='bbox 1618 1936 1881 1981; x_wconf 86' lang='lat' dir='ltr'>speculatorem</span> <span class='ocrx_word' id='word_1_297' title='bbox 1914 1944 1949 1969; x_wconf 82' lang='lat' dir='ltr'>et</span> <span class='ocrx_word' id='word_1_298' title='bbox 1982 1937 2114 1970; x_wconf 84' lang='lat' dir='ltr'>deinde</span> 
     </span>
     <span class='ocr_line' id='line_1_26' title="bbox 247 2003 2110 2049; baseline 0.001 -14"><span class='ocrx_word' id='word_1_299' title='bbox 247 2003 445 2035; x_wconf 85' lang='lat' dir='ltr'>ascendere</span> <span class='ocrx_word' id='word_1_300' title='bbox 466 2010 501 2036; x_wconf 89' lang='lat' dir='ltr'>et</span> <span class='ocrx_word' id='word_1_301' title='bbox 521 2003 641 2037; x_wconf 89' lang='lat' dir='ltr'>levare</span> <span class='ocrx_word' id='word_1_302' title='bbox 663 2016 771 2049; x_wconf 89' lang='lat' dir='ltr'>supra</span> <span class='ocrx_word' id='word_1_303' title='bbox 793 2005 1019 2049; x_wconf 79' lang='lat' dir='ltr'>quadrigam,</span> <span class='ocrx_word' id='word_1_304' title='bbox 1045 2011 1079 2037; x_wconf 89' lang='lat' dir='ltr'>et.</span> <span class='ocrx_word' id='word_1_305' title='bbox 1100 2004 1232 2037; x_wconf 90' lang='lat' dir='ltr'>deinde</span> <span class='ocrx_word' id='word_1_306' title='bbox 1253 2004 1444 2048; x_wconf 89' lang='lat' dir='ltr'>cooperire</span> <span class='ocrx_word' id='word_1_307' title='bbox 1470 2004 1514 2036; x_wconf 93' lang='lat' dir='ltr'>de</span> <span class='ocrx_word' id='word_1_308' title='bbox 1541 2003 1693 2048; x_wconf 90' lang='lat' dir='ltr'>quodam</span> <span class='ocrx_word' id='word_1_309' title='bbox 1725 2016 1842 2048; x_wconf 91' lang='lat' dir='ltr'>panno</span> <span class='ocrx_word' id='word_1_310' title='bbox 1864 2004 1982 2048; x_wconf 79' lang='lat' dir='ltr'>nigro.</span> <span class='ocrx_word' id='word_1_311' title='bbox 2007 2005 2058 2036; x_wconf 87' lang='lat' dir='ltr'>De</span> <span class='ocrx_word' id='word_1_312' title='bbox 2080 2011 2110 2037; x_wconf 85' lang='lat' dir='ltr'>et</span> 
     </span>
     <span class='ocr_line' id='line_1_27' title="bbox 248 2070 2110 2115; baseline 0.001 -14"><span class='ocrx_word' id='word_1_313' title='bbox 248 2080 358 2114; x_wconf 88' lang='lat' dir='ltr'>super</span> <span class='ocrx_word' id='word_1_314' title='bbox 383 2070 517 2114; x_wconf 88' lang='lat' dir='ltr'>quibus</span> <span class='ocrx_word' id='word_1_315' title='bbox 545 2071 735 2115; x_wconf 86' lang='lat' dir='ltr'>premissis</span> <span class='ocrx_word' id='word_1_316' title='bbox 757 2071 927 2104; x_wconf 89' lang='lat' dir='ltr'>omnibus</span> <span class='ocrx_word' id='word_1_317' title='bbox 954 2078 988 2104; x_wconf 89' lang='lat' dir='ltr'>ct</span> <span class='ocrx_word' id='word_1_318' title='bbox 1015 2071 1171 2115; x_wconf 78' lang='lat' dir='ltr'>singulis</span> <span class='ocrx_word' id='word_1_319' title='bbox 1201 2071 1440 2115; x_wconf 88' lang='lat' dir='ltr'>prenominati</span> <span class='ocrx_word' id='word_1_320' title='bbox 1469 2077 1710 2115; x_wconf 84' lang='lat' dir='ltr'>promotores,</span> <span class='ocrx_word' id='word_1_321' title='bbox 1739 2070 1948 2103; x_wconf 89' lang='lat' dir='ltr'>nominibus</span> <span class='ocrx_word' id='word_1_322' title='bbox 1974 2071 2110 2103; x_wconf 90' lang='lat' dir='ltr'>domini</span> 
     </span>
     <span class='ocr_line' id='line_1_28' title="bbox 246 2136 2111 2183; baseline 0.001 -15"><span class='ocrx_word' id='word_1_323' title='bbox 246 2136 464 2170; x_wconf 88' lang='lat' dir='ltr'>Parisiensis</span> <span class='ocrx_word' id='word_1_324' title='bbox 486 2144 520 2170; x_wconf 90' lang='lat' dir='ltr'>et</span> <span class='ocrx_word' id='word_1_325' title='bbox 541 2138 810 2180; x_wconf 87' lang='lat' dir='ltr'>Universitatis,</span> <span class='ocrx_word' id='word_1_326' title='bbox 835 2139 1017 2183; x_wconf 89' lang='lat' dir='ltr'>petierunt</span> <span class='ocrx_word' id='word_1_327' title='bbox 1038 2138 1180 2183; x_wconf 90' lang='lat' dir='ltr'>publica</span> <span class='ocrx_word' id='word_1_328' title='bbox 1202 2138 1440 2170; x_wconf 87' lang='lat' dir='ltr'>instrumenta</span> <span class='ocrx_word' id='word_1_329' title='bbox 1463 2138 1515 2170; x_wconf 83' lang='lat' dir='ltr'>eis</span> <span class='ocrx_word' id='word_1_330' title='bbox 1537 2138 1615 2170; x_wconf 76' lang='lat' dir='ltr'>lieri</span> <span class='ocrx_word' id='word_1_331' title='bbox 1636 2149 1700 2182; x_wconf 89' lang='lat' dir='ltr'>per</span> <span class='ocrx_word' id='word_1_332' title='bbox 1716 2149 1795 2177; x_wconf 85' lang='lat' dir='ltr'>nos,</span> <span class='ocrx_word' id='word_1_333' title='bbox 1815 2138 1975 2169; x_wconf 85' lang='lat' dir='ltr'>notarios</span> <span class='ocrx_word' id='word_1_334' title='bbox 1997 2138 2111 2182; x_wconf 87' lang='lat' dir='ltr'>publi-</span> 
     </span>
     <span class='ocr_line' id='line_1_29' title="bbox 245 2203 2110 2250; baseline 0.001 -15"><span class='ocrx_word' id='word_1_335' title='bbox 245 2214 322 2243; x_wconf 90' lang='lat' dir='ltr'>cos,</span> <span class='ocrx_word' id='word_1_336' title='bbox 354 2203 488 2236; x_wconf 88' lang='lat' dir='ltr'>ibidem</span> <span class='ocrx_word' id='word_1_337' title='bbox 523 2212 713 2249; x_wconf 84' lang='lat' dir='ltr'>presentes</span> <span class='ocrx_word' id='word_1_338' title='bbox 746 2217 752 2238; x_wconf 77' lang='lat'>1</span> <span class='ocrx_word' id='word_1_339' title='bbox 785 2205 1019 2250; x_wconf 86' lang='lat' dir='ltr'>presentibus</span> <span class='ocrx_word' id='word_1_340' title='bbox 1048 2205 1322 2238; x_wconf 86' lang='lat' dir='ltr'>venerabilibus</span> <span class='ocrx_word' id='word_1_341' title='bbox 1353 2205 1521 2237; x_wconf 88' lang='lat' dir='ltr'>discretis</span> <span class='ocrx_word' id='word_1_342' title='bbox 1551 2211 1586 2236; x_wconf 91' lang='lat' dir='ltr'>et</span> <span class='ocrx_word' id='word_1_343' title='bbox 1619 2204 1784 2236; x_wconf 87' lang='lat' dir='ltr'>honestis</span> <span class='ocrx_word' id='word_1_344' title='bbox 1814 2204 1919 2244; x_wconf 73' lang='lat' dir='ltr'>viris,</span> <span class='ocrx_word' id='word_1_345' title='bbox 1952 2204 2110 2237; x_wconf 83' lang='lat' dir='ltr'>dominis</span> 
     </span>
     <span class='ocr_line' id='line_1_30' title="bbox 244 2269 2107 2316; baseline 0.001 -15"><span class='ocrx_word' id='word_1_346' title='bbox 244 2269 407 2302; x_wconf 89' lang='lat' dir='ltr'>Johaune</span> <span class='ocrx_word' id='word_1_347' title='bbox 435 2272 586 2313; x_wconf 90' lang='lat' dir='ltr'>Durant,</span> <span class='ocrx_word' id='word_1_348' title='bbox 615 2273 789 2305; x_wconf 87' lang='lat' dir='ltr'>canonico</span> <span class='ocrx_word' id='word_1_349' title='bbox 812 2273 1021 2313; x_wconf 84' lang='lat' dir='ltr'>Parisiensi,</span> <span class='ocrx_word' id='word_1_350' title='bbox 1050 2273 1134 2304; x_wconf 93' lang='lat'><strong>.....¹</strong></span> <span class='ocrx_word' id='word_1_351' title='bbox 1158 2272 1299 2315; x_wconf 76' lang='lat' dir='ltr'>Quibus</span> <span class='ocrx_word' id='word_1_352' title='bbox 1328 2272 1379 2304; x_wconf 88' lang='lat' dir='ltr'>sie</span> <span class='ocrx_word' id='word_1_353' title='bbox 1406 2272 1441 2303; x_wconf 91' lang='lat' dir='ltr'>in</span> <span class='ocrx_word' id='word_1_354' title='bbox 1464 2272 1540 2316; x_wconf 83' lang='lat' dir='ltr'>ipsa</span> <span class='ocrx_word' id='word_1_355' title='bbox 1567 2271 1741 2315; x_wconf 79' lang='lat' dir='ltr'>quadriga</span> <span class='ocrx_word' id='word_1_356' title='bbox 1762 2270 1889 2303; x_wconf 80' lang='lat' dir='ltr'>levatis</span> <span class='ocrx_word' id='word_1_357' title='bbox 1911 2277 1945 2303; x_wconf 83' lang='lat' dir='ltr'>et</span> <span class='ocrx_word' id='word_1_358' title='bbox 1966 2271 2107 2315; x_wconf 78' lang='lat' dir='ltr'>positis,</span> 
     </span>
     <span class='ocr_line' id='line_1_31' title="bbox 244 2336 2106 2384; baseline 0.001 -16"><span class='ocrx_word' id='word_1_359' title='bbox 244 2336 392 2369; x_wconf 88' lang='lat' dir='ltr'>suerunt</span> <span class='ocrx_word' id='word_1_360' title='bbox 411 2337 504 2370; x_wconf 88' lang='lat' dir='ltr'>dicta</span> <span class='ocrx_word' id='word_1_361' title='bbox 528 2338 712 2380; x_wconf 88' lang='lat' dir='ltr'>cadavera,</span> <span class='ocrx_word' id='word_1_362' title='bbox 738 2340 782 2372; x_wconf 91' lang='lat' dir='ltr'>de</span> <span class='ocrx_word' id='word_1_363' title='bbox 804 2346 974 2384; x_wconf 88' lang='lat' dir='ltr'>precepto</span> <span class='ocrx_word' id='word_1_364' title='bbox 997 2340 1082 2372; x_wconf 90' lang='lat' dir='ltr'>dicti</span> <span class='ocrx_word' id='word_1_365' title='bbox 1104 2339 1263 2384; x_wconf 81' lang='lat' dir='ltr'>gress&#39;erii</span> <span class='ocrx_word' id='word_1_366' title='bbox 1287 2339 1415 2383; x_wconf 71' lang='lat' dir='ltr'>ipsiuS,</span> <span class='ocrx_word' id='word_1_367' title='bbox 1439 2351 1518 2371; x_wconf 90' lang='lat' dir='ltr'>cum</span> <span class='ocrx_word' id='word_1_368' title='bbox 1542 2338 1618 2370; x_wconf 77' lang='lat' dir='ltr'>suis</span> <span class='ocrx_word' id='word_1_369' title='bbox 1640 2337 1885 2370; x_wconf 81' lang='lat' dir='ltr'>servientibus</span> <span class='ocrx_word' id='word_1_370' title='bbox 1907 2338 2106 2378; x_wconf 76' lang='lat' dir='ltr'>associatis,</span> 
     </span>
     <span class='ocr_line' id='line_1_32' title="bbox 246 2404 2108 2451; baseline 0.001 -16"><span class='ocrx_word' id='word_1_371' title='bbox 246 2414 309 2447; x_wconf 87' lang='lat' dir='ltr'>per</span> <span class='ocrx_word' id='word_1_372' title='bbox 325 2404 536 2449; x_wconf 83' lang='lat' dir='ltr'>quadrigam</span> <span class='ocrx_word' id='word_1_373' title='bbox 559 2407 674 2438; x_wconf 65' lang='grc' dir='ltr'>ΙέὲῑΓο2</span> <span class='ocrx_word' id='word_1_374' title='bbox 696 2406 823 2439; x_wconf 84' lang='lat' dir='ltr'>adueta</span> <span class='ocrx_word' id='word_1_375' title='bbox 845 2419 908 2451; x_wconf 89' lang='lat' dir='ltr'>per</span> <span class='ocrx_word' id='word_1_376' title='bbox 925 2407 1030 2447; x_wconf 82' lang='lat' dir='ltr'>viam,</span> <span class='ocrx_word' id='word_1_377' title='bbox 1054 2419 1117 2451; x_wconf 89' lang='lat' dir='ltr'>per</span> <span class='ocrx_word' id='word_1_378' title='bbox 1138 2418 1241 2450; x_wconf 89' lang='lat' dir='ltr'>quam</span> <span class='ocrx_word' id='word_1_379' title='bbox 1265 2405 1478 2438; x_wconf 84' lang='lat' dir='ltr'>dicebantur</span> <span class='ocrx_word' id='word_1_380' title='bbox 1496 2405 1610 2437; x_wconf 85' lang='lat' dir='ltr'>fuisse</span> <span class='ocrx_word' id='word_1_381' title='bbox 1632 2405 1737 2436; x_wconf 87' lang='lat' dir='ltr'>ducta</span> <span class='ocrx_word' id='word_1_382' title='bbox 1758 2404 1800 2436; x_wconf 91' lang='lat' dir='ltr'>ad</span> <span class='ocrx_word' id='word_1_383' title='bbox 1823 2404 2020 2448; x_wconf 84' lang='lat' dir='ltr'>patibulum</span> <span class='ocrx_word' id='word_1_384' title='bbox 2044 2418 2108 2450; x_wconf 86' lang='lat' dir='ltr'>per</span> 
     </span>
     <span class='ocr_line' id='line_1_33' title="bbox 245 2471 2106 2518; baseline 0.001 -16"><span class='ocrx_word' id='word_1_385' title='bbox 245 2471 419 2515; x_wconf 83' lang='lat' dir='ltr'>prefatum</span> <span class='ocrx_word' id='word_1_386' title='bbox 443 2472 668 2505; x_wconf 81' lang='lat' dir='ltr'>Gauffridum</span> <span class='ocrx_word' id='word_1_387' title='bbox 691 2473 956 2518; x_wconf 87' lang='lat' dir='ltr'>speculatorem</span> <span class='ocrx_word' id='word_1_388' title='bbox 979 2480 1013 2506; x_wconf 88' lang='lat' dir='ltr'>et</span> <span class='ocrx_word' id='word_1_389' title='bbox 1033 2474 1111 2518; x_wconf 81' lang='lat' dir='ltr'>ejus</span> <span class='ocrx_word' id='word_1_390' title='bbox 1131 2473 1338 2514; x_wconf 78' lang='lat' dir='ltr'>samulum³,</span> <span class='ocrx_word' id='word_1_391' title='bbox 1365 2484 1479 2516; x_wconf 85' lang='lat' dir='ltr'>usque</span> <span class='ocrx_word' id='word_1_392' title='bbox 1501 2472 1543 2504; x_wconf 92' lang='lat' dir='ltr'>ad</span> <span class='ocrx_word' id='word_1_393' title='bbox 1568 2471 1802 2504; x_wconf 88' lang='lat' dir='ltr'>Castelletum</span> <span class='ocrx_word' id='word_1_394' title='bbox 1831 2471 2047 2512; x_wconf 83' lang='lat' dir='ltr'>Parisiense,</span> <span class='ocrx_word' id='word_1_395' title='bbox 2074 2482 2106 2504; x_wconf 82' lang='lat' dir='ltr'>et</span> 
     </span>
     <span class='ocr_line' id='line_1_34' title="bbox 245 2537 2106 2585; baseline 0.001 -16"><span class='ocrx_word' id='word_1_396' title='bbox 245 2537 377 2570; x_wconf 87' lang='lat' dir='ltr'>deinde</span> <span class='ocrx_word' id='word_1_397' title='bbox 399 2550 463 2582; x_wconf 91' lang='lat' dir='ltr'>per</span> <span class='ocrx_word' id='word_1_398' title='bbox 484 2550 592 2584; x_wconf 87' lang='lat' dir='ltr'>supra</span> <span class='ocrx_word' id='word_1_399' title='bbox 618 2552 787 2584; x_wconf 82' lang='lat' dir='ltr'>magnum</span> <span class='ocrx_word' id='word_1_400' title='bbox 818 2547 963 2585; x_wconf 91' lang='lat' dir='ltr'>pontem</span> <span class='ocrx_word' id='word_1_401' title='bbox 992 2552 1107 2584; x_wconf 86' lang='lat' dir='ltr'>usque</span> <span class='ocrx_word' id='word_1_402' title='bbox 1133 2540 1176 2572; x_wconf 91' lang='lat' dir='ltr'>ad</span> <span class='ocrx_word' id='word_1_403' title='bbox 1205 2540 1393 2572; x_wconf 90' lang='lat' dir='ltr'>ecclesiam</span> <span class='ocrx_word' id='word_1_404' title='bbox 1425 2539 1683 2577; x_wconf 67' lang='lat' dir='ltr'>Parisiensem,</span> <span class='ocrx_word' id='word_1_405' title='bbox 1711 2544 1746 2569; x_wconf 86' lang='lat' dir='ltr'>et</span> <span class='ocrx_word' id='word_1_406' title='bbox 1774 2537 1906 2569; x_wconf 87' lang='lat' dir='ltr'>ibidem</span> <span class='ocrx_word' id='word_1_407' title='bbox 1930 2537 2106 2582; x_wconf 81' lang='lat' dir='ltr'>depositis</span> 
     </span>
     <span class='ocr_line' id='line_1_35' title="bbox 245 2603 2104 2651; baseline 0.001 -16"><span class='ocrx_word' id='word_1_408' title='bbox 245 2603 288 2636; x_wconf 91' lang='lat' dir='ltr'>de</span> <span class='ocrx_word' id='word_1_409' title='bbox 310 2604 485 2650; x_wconf 85' lang='lat' dir='ltr'>quadriga</span> <span class='ocrx_word' id='word_1_410' title='bbox 512 2618 575 2650; x_wconf 86' lang='lat' dir='ltr'>per</span> <span class='ocrx_word' id='word_1_411' title='bbox 599 2606 746 2639; x_wconf 88' lang='lat' dir='ltr'>eosdem</span> <span class='ocrx_word' id='word_1_412' title='bbox 769 2607 1033 2651; x_wconf 86' lang='lat' dir='ltr'>speculatorem</span> <span class='ocrx_word' id='word_1_413' title='bbox 1055 2613 1090 2639; x_wconf 86' lang='lat' dir='ltr'>et</span> <span class='ocrx_word' id='word_1_414' title='bbox 1114 2608 1192 2650; x_wconf 86' lang='lat' dir='ltr'>ejus</span> <span class='ocrx_word' id='word_1_415' title='bbox 1213 2606 1400 2645; x_wconf 80' lang='lat' dir='ltr'>famulum,</span> <span class='ocrx_word' id='word_1_416' title='bbox 1427 2612 1461 2637; x_wconf 91' lang='lat' dir='ltr'>et</span> <span class='ocrx_word' id='word_1_417' title='bbox 1487 2605 1615 2649; x_wconf 86' lang='lat' dir='ltr'>positis</span> <span class='ocrx_word' id='word_1_418' title='bbox 1642 2616 1749 2648; x_wconf 86' lang='lat' dir='ltr'>supra</span> <span class='ocrx_word' id='word_1_419' title='bbox 1771 2604 1968 2642; x_wconf 77' lang='lat' dir='ltr'>trestellos,</span> <span class='ocrx_word' id='word_1_420' title='bbox 1996 2617 2104 2637; x_wconf 92' lang='lat' dir='ltr'>unum</span> 
     </span>
     <span class='ocr_line' id='line_1_36' title="bbox 244 2669 2104 2717; baseline 0.001 -15"><span class='ocrx_word' id='word_1_421' title='bbox 244 2669 394 2704; x_wconf 88' lang='lat' dir='ltr'>interra</span> <span class='ocrx_word' id='word_1_422' title='bbox 423 2672 459 2704; x_wconf 94' lang='lat' dir='ltr'>in</span> <span class='ocrx_word' id='word_1_423' title='bbox 482 2673 720 2717; x_wconf 84' lang='lat' dir='ltr'>juridictione</span> <span class='ocrx_word' id='word_1_424' title='bbox 747 2674 883 2706; x_wconf 90' lang='lat' dir='ltr'>domini</span> <span class='ocrx_word' id='word_1_425' title='bbox 906 2674 1137 2714; x_wconf 80' lang='lat' dir='ltr'>l’arisiensis,</span> <span class='ocrx_word' id='word_1_426' title='bbox 1167 2680 1201 2705; x_wconf 88' lang='lat' dir='ltr'>et</span> <span class='ocrx_word' id='word_1_427' title='bbox 1229 2673 1378 2705; x_wconf 89' lang='lat' dir='ltr'>alterum</span> <span class='ocrx_word' id='word_1_428' title='bbox 1408 2673 1444 2704; x_wconf 92' lang='lat' dir='ltr'>in</span> <span class='ocrx_word' id='word_1_429' title='bbox 1473 2679 1567 2704; x_wconf 89' lang='lat' dir='ltr'>terra</span> <span class='ocrx_word' id='word_1_430' title='bbox 1594 2672 1630 2703; x_wconf 89' lang='lat' dir='ltr'>in</span> <span class='ocrx_word' id='word_1_431' title='bbox 1655 2671 1892 2715; x_wconf 83' lang='lat' dir='ltr'>juridictione</span> <span class='ocrx_word' id='word_1_432' title='bbox 1921 2671 2064 2715; x_wconf 88' lang='lat' dir='ltr'>capituli</span> <span class='ocrx_word' id='word_1_433' title='bbox 2088 2685 2104 2704; x_wconf 90' lang='lat' dir='ltr'>a</span> 
     </span>
     <span class='ocr_line' id='line_1_37' title="bbox 244 2737 2105 2785; baseline 0.001 -16"><span class='ocrx_word' id='word_1_434' title='bbox 244 2737 404 2781; x_wconf 88' lang='lat' dir='ltr'>qualibet</span> <span class='ocrx_word' id='word_1_435' title='bbox 424 2746 524 2783; x_wconf 87' lang='lat' dir='ltr'>parte</span> <span class='ocrx_word' id='word_1_436' title='bbox 545 2740 687 2772; x_wconf 88' lang='lat' dir='ltr'>itineris</span> <span class='ocrx_word' id='word_1_437' title='bbox 715 2752 779 2773; x_wconf 88' lang='lat' dir='ltr'>seu</span> <span class='ocrx_word' id='word_1_438' title='bbox 806 2741 861 2773; x_wconf 89' lang='lat' dir='ltr'>vie</span> <span class='ocrx_word' id='word_1_439' title='bbox 890 2753 953 2785; x_wconf 91' lang='lat' dir='ltr'>per</span> <span class='ocrx_word' id='word_1_440' title='bbox 979 2753 1082 2785; x_wconf 88' lang='lat' dir='ltr'>quam</span> <span class='ocrx_word' id='word_1_441' title='bbox 1113 2752 1177 2773; x_wconf 86' lang='lat' dir='ltr'>seu</span> <span class='ocrx_word' id='word_1_442' title='bbox 1206 2740 1302 2784; x_wconf 86' lang='lat' dir='ltr'>quod</span> <span class='ocrx_word' id='word_1_443' title='bbox 1334 2740 1485 2772; x_wconf 87' lang='lat' dir='ltr'>intratur</span> <span class='ocrx_word' id='word_1_444' title='bbox 1506 2750 1569 2783; x_wconf 88' lang='lat' dir='ltr'>per</span> <span class='ocrx_word' id='word_1_445' title='bbox 1590 2750 1753 2781; x_wconf 82' lang='lat' dir='ltr'>magnam</span> <span class='ocrx_word' id='word_1_446' title='bbox 1785 2744 1920 2781; x_wconf 78' lang='lat' dir='ltr'>portam</span> <span class='ocrx_word' id='word_1_447' title='bbox 1951 2738 1986 2769; x_wconf 94' lang='lat' dir='ltr'>in</span> <span class='ocrx_word' id='word_1_448' title='bbox 2013 2738 2105 2771; x_wconf 82' lang='lat' dir='ltr'>dicta</span> 
     </span>
     <span class='ocr_line' id='line_1_38' title="bbox 244 2803 627 2839; baseline 0.005 -3"><span class='ocrx_word' id='word_1_449' title='bbox 244 2803 396 2837; x_wconf 80' lang='lat' dir='ltr'>ecclesia</span> <span class='ocrx_word' id='word_1_450' title='bbox 417 2806 627 2839; x_wconf 78' lang='lat' dir='ltr'>parisiensi.</span> 
     </span>
    </p>
   </div>
   <div class='ocr_carea' id='block_1_3' title="bbox 332 2869 2106 2922">
    <p class='ocr_par' dir='ltr' id='par_1_3' title="bbox 332 2869 2106 2922">
     <span class='ocr_line' id='line_1_39' title="bbox 332 2869 2106 2922; baseline 0 -18"><span class='ocrx_word' id='word_1_451' title='bbox 332 2871 473 2914; x_wconf 82' lang='lat' dir='ltr'>Quibus</span> <span class='ocrx_word' id='word_1_452' title='bbox 494 2873 627 2906; x_wconf 86' lang='lat' dir='ltr'>ibidem</span> <span class='ocrx_word' id='word_1_453' title='bbox 651 2874 780 2920; x_wconf 89' lang='lat' dir='ltr'>positis</span> <span class='ocrx_word' id='word_1_454' title='bbox 802 2881 836 2907; x_wconf 85' lang='lat' dir='ltr'>et</span> <span class='ocrx_word' id='word_1_455' title='bbox 856 2874 1051 2922; x_wconf 87' lang='lat' dir='ltr'>coopertis,</span> <span class='ocrx_word' id='word_1_456' title='bbox 1074 2874 1191 2907; x_wconf 79' lang='lat' dir='ltr'>statim</span> <span class='ocrx_word' id='word_1_457' title='bbox 1217 2873 1369 2906; x_wconf 87' lang='lat' dir='ltr'>accessit</span> <span class='ocrx_word' id='word_1_458' title='bbox 1390 2872 1574 2917; x_wconf 88' lang='lat' dir='ltr'>predictus</span> <span class='ocrx_word' id='word_1_459' title='bbox 1600 2871 1772 2915; x_wconf 86' lang='lat' dir='ltr'>magister</span> <span class='ocrx_word' id='word_1_460' title='bbox 1792 2869 1987 2912; x_wconf 82' lang='lat' dir='ltr'>Johanncs,</span> <span class='ocrx_word' id='word_1_461' title='bbox 2010 2873 2106 2916; x_wconf 77' lang='lat' dir='ltr'>grel-</span> 
     </span>
    </p>
   </div>
  </div>
 </body>
</html>
