2502 3418
379 338 443 370 202
956 347 1277 369 cuAuTULAmUM
1313 345 1504 367 umvsas.
1542 345 1673 367 PAnts.
2152 331 2249 367 [1411

378 431 419 445 an.
437 422 507 451 1411,
523 422 582 445 Jan.
599 422 620 451 2,
635 422 668 444 ad
687 421 855 444 Franciscum
872 421 992 449 Conzieu,
1010 421 1240 452 archiepiscopum
1256 420 1430 449 Narbonens.,
1446 419 1631 447 carnemt-ium,
1646 427 1723 450 quem
1736 422 1798 441 tunc
1811 418 1837 440 in
1852 425 2032 441 successorem
2048 417 2117 440 Petri
2133 417 2165 440 de
2180 417 2251 441 Thu-

378 475 439 497 reyo
456 470 484 489 ut
498 469 626 489 rectorem
645 466 784 489 Avenionis
801 469 825 489 et
842 466 982 489 comitatus
999 465 1122 488 instituit.
1140 466 1211 496 Pupn
1226 465 1320 487 scribit
1334 473 1339 487 ·.
1355 473 1366 487 ((
1383 464 1529 487 Sentientcs
1545 463 1713 492 nuperrime
1772 462 1839 485 bone
1856 462 1980 485 memorie
1996 462 2128 493 quondam
2144 462 2250 485 Petrum

377 511 418 534 tit.
435 511 462 534 S.
479 511 597 533 Susanne
612 511 701 541 presb.
718 511 791 534 Rom.
808 511 871 533 eccl.
888 510 1049 532 cardinalem
1071 518 1100 532 ac
1120 509 1146 532 in
1168 509 1294 532 comitatu
1314 508 1466 539 Venuysini.
1482 507 1588 530 civitate
1608 506 1778 530 Aviuioncnsi
1801 506 1909 537 ejusque
1931 506 2088 529 comitatu...
2110 505 2250 537 [vicarium

376 555 526 586 generalem
546 555 572 578 in
593 555 795 586 temporalibus]
810 555 842 579 ab
861 556 949 584 huJ'us
971 554 1063 578 labilis
1083 554 1137 577 vite
1157 553 1332 577 mortalitate
1349 553 1526 577 subtractum
1548 556 1573 575 et
1590 551 1723 575 clausisse
1745 551 1802 582 fine
1822 550 1965 574 laudabili
1985 550 2042 574 dies
2061 557 2128 574 suos
2193 550 2248 574 Dat.

377 599 492 622 Bononio
514 599 551 630 iiij
577 608 637 622 non.
658 599 777 622 Jnnunrii
800 607 841 622 an.
858 599 944 630 primo
970 607 981 620 1)
1005 598 1079 628 (ch.
1096 599 1164 627 Vat.,
1182 602 1210 620 n⁰
1234 598 1287 624 342,
1310 597 1355 620 sol.
1372 596 1443 622 nob:
1462 597 1507 619 fol.
1525 596 1578 624 271,
1596 595 1641 618 ubi
1663 595 1690 626 iij
1718 604 1779 618 non.
1803 596 1884 624 Jan,).
1908 594 1950 618 Sic
1975 595 2156 624 confirmatur,
2179 595 2249 626 quod

378 644 542 667 Universitns
559 652 639 675 supra
657 644 730 666 dixit.
744 645 843 667 Revera
859 643 937 666 etiam
953 642 1081 666 Antonius
1096 643 1167 665 card.
1180 641 1361 673 Aquilegiens.
1375 641 1464 672 junior
1483 641 1538 671 jam
1562 648 1603 663 an.
1621 640 1690 669 1412,
1709 639 1783 670 April
1798 641 1820 667 6,
1835 639 1942 662 titulum
1956 639 1983 662 S.
2000 640 2135 662 Susannne
2151 639 2250 670 recepit

375 689 462 719 {Art-b.
474 689 541 716 Vnt„
559 689 612 716 XII,
630 689 683 716 121,
700 697 727 719 p.
744 689 795 719 59);
812 688 919 710 abbatia
932 688 957 710 S.
972 686 1127 711 Theoderici
1141 686 1254 709 vacabat
1269 694 1311 709 nn.
1329 686 1398 714 1411,
1415 686 1474 709 Jan.
1491 686 1513 712 4,
1528 693 1611 716 usque
1624 685 1657 707 ad
1672 685 1732 707 Jan.
1744 684 1786 711 31;
1804 691 1942 706 successor
1957 683 2025 707 Petri
2041 684 2072 706 de
2084 684 2205 715 Thureyo
2221 687 2250 707 ut

375 733 592 757 commendatarii
606 733 731 756 ecclesiae
746 733 918 755 Avenionens.
937 740 978 755 an.
992 732 1061 759 1411,
1076 731 1152 754 Mart.
1165 731 1202 758 23,
1219 730 1268 753 suit
1283 730 1368 753 Guido
1384 730 1467 752 abbas
1483 729 1636 752 monasterii
1649 732 1722 752 extra
1737 731 1842 760 portam
1856 728 1996 752 Viennens.
2010 728 2098 759 (Arch.
2112 729 2181 758 Vnt„
2193 729 2247 757 XII,

375 778 429 806 121,
441 786 466 809 Ρ,
478 779 527 807 46).
542 778 679 801 Praeterea
696 777 801 800 minime
812 785 902 799 verum
918 779 965 803 est,
981 775 1151 798 Benedictum
1165 775 1223 797 XIII
1239 774 1325 797 adhuc
1337 783 1379 797 an.
1393 774 1452 797 1417
1464 774 1570 797 Petrum
1584 773 1651 796 vivis
1668 773 1835 804 ascripsisse.
1852 773 1932 795 immo
1945 773 1999 804 jam
2013 773 2139 800 un.1413,
2154 773 2247 804 April„

376 822 400 844 in
418 822 493 844 Bulla
508 822 598 846 Coena
613 822 736 850 Domini,
750 824 774 844 et
790 821 827 843 sic
842 820 919 843 etiam
934 828 975 842 an.
996 820 1064 847 1417,
1082 828 1141 842 eum
1157 819 1225 841 inter
1239 819 1376 841 defunctos
1393 818 1540 841 cardinales
1557 826 1568 840 «
1586 818 1617 840 de
1633 817 1718 840 medio
1733 817 1789 848 jem
1804 816 1895 840 divina
1909 817 2083 848 dispositione
2099 817 2219 840 sublatos
2235 826 2246 840 >2

375 869 492 889 recenset
507 866 592 895 (Arch.
610 867 678 897 Vah,
695 866 723 895 D7
739 866 812 888 Fasc.
824 866 843 892 1,
860 865 892 887 11ῑ’ἶ
910 865 918 886 1
935 868 959 887 et
974 865 997 891 2,
1013 863 1091 886 divis.
1109 864 1155 892 2⁹).
1170 877 1200 880 —
1214 862 1237 887 7.
1249 863 1297 886 Ms.
1315 871 1320 886 ¹.
1339 871 1349 885 (ι
1367 862 1435 885 unde
1452 871 1473 885 ».
1489 875 1516 879 —
1532 862 1556 886 8.
1573 862 1647 889 Quod
1662 865 1687 884 et
1702 862 1800 884 sactum
1816 864 1865 884 est.
1882 861 1938 885 Vid.
1954 865 2007 884 not.
2023 863 2047 886 6.
2064 861 2205 892 Perperam
2221 861 2247 885 in

377 911 451 934 Gall.
467 911 573 937 christ..
590 911 608 938 Ι,
627 911 684 938 841;
699 910 740 938 Vl,
758 910 811 937 100,
827 903 961 935 scribitur,
978 908 1026 930 hoc
1040 908 1126 930 solum
1142 916 1184 931 an.
1202 908 1262 930 1418
1277 907 1406 930 evenisse.
1421 920 1452 924 —
1466 907 1490 932 9.
1506 907 1552 929 Ast
1565 906 1699 929 Johannes
1716 906 1796 929 XXIII
1815 914 1856 930 un.
1874 906 1943 933 1411,
1957 906 2017 929 Jan.
2033 906 2071 935 31,
2088 906 2246 929 Fulcardum

375 954 503 984 instituite
524 955 614 978 Petrus
632 955 662 977 dc
679 955 778 984 Roseyo
794 953 886 976 Octob.
901 954 912 975 7
930 954 1012 975 san-tus
1029 955 1068 975 est
1082 952 1164 974 abbas
1181 952 1212 974 (le
1228 951 1358 982 Josnphat
1372 951 1434 980 (vid.
1451 959 1533 982 supra
1549 955 1577 973 n⁰
1592 950 1662 977 1790,
1679 953 1733 973 not,
1747 951 1771 980 4,
1788 953 1813 973 et
1825 950 1894 973 infru
1907 955 1937 973 11⁰
1953 950 2022 978 1932,
2036 951 2110 978 not.)-

378 1130 398 1165 1
407 1130 436 1166 9
445 1129 516 1165 14.
541 1138 677 1163 Nicotaus
687 1138 826 1167 Amanus,
838 1142 930 1163 rector
944 1138 1151 1171 Universitatis,
1167 1136 1287 1162 mandat
1301 1136 1484 1162 thesaurario
1496 1139 1523 1161 el
1536 1135 1679 1172 campsori
1690 1136 1765 1169 regis
1776 1136 1917 1161 Franciae
1929 1140 1959 1161 ιιι·
1970 1135 2119 1170 religiosos
2133 1135 2247 1170 collegii

462 1187 560 1212 Sancti
579 1187 696 1213 Victoris
715 1186 843 1220 gaudere
861 1191 887 1212 et
907 1187 967 1220 frui
986 1186 1100 1220 facian!
1119 1185 1278 1220 arreragiis
1294 1185 1352 1211 sihi
1371 1185 1476 1210 debitis
1490 1194 1542 1220 per
1557 1184 1671 1210 litteras
1687 1184 1783 1218 Caroli
1808 1186 1845 1210 VI
1856 1185 1927 1210 anni
1940 1184 2092 1220 praeteriti
2104 1184 2162 1210 sibi
2179 1193 2247 1210 con-

460 1236 558 1262 cessis.
573 1236 683 1261 Datum
699 1236 810 1261 Parisiis
824 1243 902 1261 auno
916 1236 1072 1262 millesimo
1085 1235 1375 1269 quadringentesimo
1388 1234 1512 1263 decimo.
1526 1234 1573 1260 die
1587 1234 1699 1260 decima
1712 1236 1789 1260 sexta
1802 1234 1910 1260 mensis
1925 1234 2027 1260 Martii.
2043 1234 2086 1259 DE
2098 1234 2243 1260 Funcnus.

1603 1324 1668 1352 1411,
1684 1323 1772 1349 Martii
1786 1324 1822 1353 18,
1840 1323 1954 1349 Par-leil&

461 1412 529 1436 Bibl.
546 1415 598 1435 nat.
616 1412 709 1440 Puris.,
725 1421 774 1435 ms.
791 1413 837 1436 lat.
855 1413 931 1435 ’14372
948 1413 1016 1441 (Joh.
1034 1413 1065 1434 dc
1080 1412 1249 1441 Thoulouze),
1267 1412 1311 1435 sol.
1329 1412 1382 1435 301.
1398 1425 1429 1429 ——
1444 1412 1491 1435 An.
1513 1411 1580 1440 1411,
1597 1411 1657 1434 Maii
1676 1412 1713 1440 19,
1726 1419 1774 1442 per
1787 1419 1917 1442 organum
1930 1419 1999 1442 mag.
2015 1411 2119 1434 Henrici
2132 1411 2243 1434 Pistoris

367 1460 508 1479 conventus
533 1457 558 1479 S.
575 1457 687 1480 Victoris
703 1460 866 1488 protestatur
882 1457 970 1479 irritas
993 1457 1073 1479 fuisso
1094 1456 1196 1480 litteras
1215 1456 1316 1487 primas
1335 1456 1421 1479 Caroli
1438 1456 1509 1487 regis
1525 1456 1557 1479 VI
1573 1464 1615 1479 an.
1634 1456 1694 1479 1410
1713 1459 1738 1479 et
1758 1456 1953 1479 conclusionem
1968 1455 2155 1479 Universitatis
2170 1455 2241 1486 ejus-

371 1501 428 1524 dem
449 1501 510 1524 anni
527 1502 598 1532 Sept.
616 1502 654 1531 10,
677 1505 755 1532 atquc
774 1502 799 1524 in
816 1502 937 1524 secundis
958 1501 1053 1524 litteris
1077 1501 1163 1524 Caroli
1188 1509 1281 1524 nomon
1298 1503 1441 1524 conventus
1461 1500 1589 1523 omissum
1605 1508 1672 1523 esse.
1689 1501 1811 1523 Declarat
1829 1504 1965 1531 praeterea
1980 1500 2120 1523 nonnullos
2137 1500 2168 1523 de
2183 1499 2243 1523 aliis

367 1546 485 1576 collegiis
501 1546 644 1568 novissime
659 1554 686 1569 se
699 1546 856 1577 opposuisse
874 1554 904 1568 ne
916 1546 982 1577 ipsis
997 1546 1027 1568 de
1044 1547 1069 1568 S.
1081 1546 1184 1568 Victore
1200 1545 1300 1576 aliquid
1317 1546 1513 1576 persolveretur
1524 1553 1604 1576 super
1614 1545 1758 1576 arreragiis
1774 1545 1805 1568 de
1820 1545 1890 1568 dicta
1903 1553 1914 1568 ((
1926 1548 1996 1568 resta
2008 1553 2034 1571 »ς
2052 1545 2154 1567 nullum
2170 1544 2242 1568 uliud

367 1590 510 1612 remedium
526 1590 661 1621 cognoscit
678 1599 756 1621 quam
771 1598 905 1613 recurrere
923 1591 954 1613 ad
972 1590 1101 1621 gremium
1118 1590 1306 1613 Universitatis
1324 1590 1408 1619 (ibid.,
1427 1590 1471 1613 sol.
1487 1590 1552 1619 393).
1575 1590 1667 1621 Itaque
1686 1589 1778 1612 tertiae
1800 1589 1903 1612 litterae
1921 1589 2007 1612 Caroli
2024 1590 2043 1612 V
2062 1592 2166 1612 secutae
2182 1592 2243 1612 sunt

366 1634 397 1656 de
411 1634 506 1664 quibus
523 1638 551 1656 n⁰
567 1635 627 1657 1883
641 1634 666 1657 in
683 1638 753 1658 nota.

372 1770 511 1806 1915.
540 1779 714 1804 Universitas
730 1778 878 1815 deputatis
894 1779 954 1804 suis
969 1779 997 1804 in
1011 1780 1092 1805 curia
1108 1780 1241 1805 Romana
1258 1779 1359 1805 scribit
1374 1783 1404 1805 ul
1418 1788 1435 1805 α
1451 1779 1579 1805 Iohanne
1594 1780 1693 1805 XXIII
1702 1779 1795 1815 petita
1809 1779 1936 1804 obtinere
1953 1778 2076 1805 valcant.

1600 1868 1665 1897 1411,
1682 1867 1769 1893 Martii
1783 1867 1820 1896 17,
1836 1866 1950 1892 Parisiis.

455 1953 694 1986 Venerabiles
715 1960 748 1986 et
770 1954 1025 1999 circumspecti
1046 1955 1128 1996 viri,
1158 1967 1225 1987 nos
1253 1955 1297 1988 ad
1327 1967 1482 2000 presens
1511 1955 1706 1988 scribimus
1732 1954 1963 1987 sanctissimo
1991 1953 2153 1998 pontifici
2175 1964 2239 1998 per

367 2020 463 2052 hunc
485 2020 631 2052 modum
657 2032 663 2052 ε
692 2034 707 2051 «
732 2020 823 2061 Nisi,
851 2020 1060 2053 beatissime
1082 2028 1183 2066 pater
1201 2036 1232 2062 n⁷
1253 2029 1320 2055 etc.
1344 2022 1522 2065 Quocirca
1550 2028 1690 2055 vestras
1710 2021 1876 2054 caritates
1898 2020 2030 2053 obnixe
2052 2031 2236 2065 rogamus,

367 2087 536 2131 quatinus
558 2087 722 2119 effectum
745 2087 944 2120 litterarum
964 2094 1169 2120 nostrarum
1186 2089 1276 2121 adeo
1298 2096 1588 2134 perseveranter,
1611 2089 1757 2121 curiose
1779 2095 1814 2121 et
1832 2087 2026 2132 vigilanter
2043 2098 2238 2132 procurare

367 2153 499 2194 velitis,
526 2160 563 2186 ut
583 2153 650 2186 hoc
673 2154 770 2198 quod
793 2154 962 2198 petimus7
982 2166 1046 2199 per
1062 2155 1209 2187 modum
1229 2156 1412 2201 privilegii
1432 2156 1599 2201 perpetui
1621 2155 1787 2188 obtinere
1803 2154 1964 2188 valeatis.
1987 2155 2028 2187 Et
2051 2154 2081 2186 si
2103 2153 2236 2194 minus,

367 2219 492 2252 saltem
516 2232 580 2264 pro
602 2232 710 2260 nunc,
730 2220 812 2264 quia
831 2221 880 2253 uti
903 2232 961 2252 res
980 2234 1075 2253 nunc
1097 2233 1179 2255 sese
1200 2222 1334 2255 habere
1350 2223 1534 2264 videntur,
1553 2222 1786 2264 multitudine
1802 2221 1990 2254 curialium
2008 2220 2237 2253 considerata

366 2287 595 2331 longitudine
615 2287 671 2319 vie
700 2293 735 2319 et
763 2287 998 2331 amplissimis
1020 2289 1148 2332 gratiis
1170 2290 1318 2333 prefatis
1340 2289 1539 2322 curialibus
1566 2290 1669 2322 factis
1695 2289 1875 2322 modicum
1904 2287 2010 2320 nobis
2037 2287 2237 2332 proderunt

364 2353 508 2398 labores
533 2353 659 2394 vestri,
685 2353 755 2386 nisi
777 2353 844 2386 hoc
871 2366 950 2386 cum
973 2355 1105 2387 ceteris
1127 2356 1369 2400 prerogativis
1389 2356 1576 2389 obtentum
1599 2356 1706 2389 nobis
1728 2355 1905 2388 reseratis.
1929 2355 2099 2388 Ceterum
2121 2365 2236 2397 nuper

364 2419 468 2452 vobis
497 2420 712 2464 scripsimus
739 2432 849 2464 super
870 2421 1102 2453 revocatione
1124 2422 1311 2465 cujusdam
1341 2422 1440 2455 bulle
1471 2422 1765 2456 Mendieantibus
1791 2422 1827 2454 in
1857 2421 1968 2454 totius
1997 2419 2235 2453 ecclesiastici

364 2486 504 2518 ordinis
525 2486 778 2519 confusionem
801 2498 998 2526 concesse3
1026 2487 1069 2520 ad
1098 2500 1202 2532 quam
1232 2489 1493 2533 impetrandam
1521 2502 1649 2523 omnes
1673 2489 1770 2522 vires
1796 2495 1936 2522 vestras
1964 2498 2146 2532 exponere
2169 2497 2235 2518 vos

363 2553 546 2594 convenit⁷
574 2552 754 2594 laborare,
783 2565 963 2586 summum
987 2554 1194 2598 pontificem
1219 2555 1421 2595 sollicitari,
1448 2568 1514 2589 nec
1543 2569 1644 2589 more
1666 2568 1732 2589 nec
1753 2555 1867 2600 quieti
1888 2554 2095 2598 indulgere,
2118 2563 2234 2597 usque

362 2619 451 2651 adeo
470 2619 584 2651 donec
602 2619 837 2652 abolitionem
862 2620 1078 2664 presatarum
1098 2620 1277 2654 bullarum
1296 2629 1332 2654 et
1351 2623 1611 2655 contrariarum
1630 2621 1907 2667 consequemini
1929 2619 2231 2665 impetrationem.

362 2685 475 2718 Vobis
498 2692 531 2717 et
559 2686 642 2718 item
670 2686 950 2731 scripseramus,
977 2687 1148 2731 quatinus
1169 2695 1319 2732 propter
1340 2688 1475 2721 bonum
1504 2690 1603 2734 pacis
1704 2688 2013 2722 confirmationem
2036 2697 2232 2731 paucorum

362 2751 405 2783 de
426 2752 566 2796 gremio
588 2759 714 2785 nostro
735 2753 771 2784 iu
794 2753 870 2785 suis
898 2753 1088 2786 beneficiis
1110 2754 1303 2787 efficaciter
1326 2756 1546 2800 procuretis,
1565 2757 1625 2800 qui
1647 2763 1728 2789 ante
1750 2754 2078 2800 promulgationem
2101 2752 2233 2797 gratia-

362 2830 437 2850 rum
469 2818 746 2862 apostolicarum
780 2819 815 2851 in
846 2819 937 2852 locis
966 2820 1226 2853 beneficiorum
1258 2821 1302 2854 ab
1328 2822 1524 2855 ordinariis
1555 2829 1589 2855 et
1619 2823 1811 2867 presertim
1837 2821 2048 2855 auctoritate
2076 2818 2232 2852 Concilii

361 2884 537 2917 Gallicani
560 2885 720 2929 predicta
742 2885 919 2918 beneficia
937 2887 1083 2919 suerunt
1101 2888 1302 2932 assequuti,
1322 2889 1419 2933 quod
1441 2889 1610 2933 quoniam
1632 2890 1724 2922 sactu
1743 2889 1846 2921 facile
1863 2895 1897 2921 et
1913 2887 2063 2920 obtentu
2086 2885 2231 2918 multam

483 2943 521 2964 28.
