2502 3418
275 306 371 342 1433]
618 318 664 339 AB
699 318 803 340 ΑΝΝο
838 318 1126 340 MCCCLxxxxw
1161 318 1292 345 USQUE
1327 318 1374 339 An
1409 318 1547 339 ANNUM
1583 318 1789 340 1116666111,
2073 310 2134 342 557

274 399 564 433 conservateurs,
588 399 622 425 et
650 393 694 425 de
716 404 755 425 ce
775 404 797 437 y
817 404 834 425 a
857 392 990 431 bulles,
1013 392 1101 425 dont
1122 392 1273 424 recitent
1304 392 1337 424 16
1366 398 1535 430 contenu,
1564 399 1599 424 ct
1619 404 1710 436 pour
1731 405 1770 425 66
1792 405 1862 438 que
1896 393 1950 426 les
1972 395 2060 427 trois
2092 407 2136 427 ne

274 466 409 503 peuent
443 459 512 492 mie
534 459 719 492 ensemble
742 459 917 492 entendre
943 461 961 491 a
988 459 1175 491 l'exercice
1205 458 1248 491 de
1275 458 1306 491 la
1327 458 1602 499 conservacion,
1626 458 1859 492 l’Univcrsitc
1885 472 1901 492 a
1924 460 2007 492 bien
2029 473 2138 493 acon-

274 530 392 558 stume
414 527 457 559 de
479 526 621 559 baillier
637 529 655 559 a
671 527 745 559 l‘un
766 526 916 559 d‘iceulz
938 538 1117 570 evesques
1139 525 1170 558 la
1192 525 1290 558 bulle
1313 537 1404 570 pour
1425 525 1615 558 l'exereice
1633 526 1676 558 de
1698 526 1729 558 la
1751 527 2024 559 conservacion.
2053 530 2096 560 Et
2116 540 2137 572 y

274 599 360 637 puet
379 593 564 638 l'evesque
585 593 833 638 subdeleguer
854 600 888 626 et
903 605 925 638 y
945 599 1155 626 commettre
1177 593 1409 638 viccsgerent
1426 599 1460 625 et
1485 592 1654 633 officiers,
1674 600 1708 626 et
1724 594 1813 625 ainsi
1839 600 1902 626 ont
1928 600 2136 628 acoustume

275 660 318 692 de
340 660 372 692 le
393 661 494 693 faire.
514 662 557 693 Et
577 666 687 704 quant
708 660 891 704 l'evesque
905 660 950 692 de
967 660 1143 692 Beauvais
1160 660 1195 692 su
1208 660 1269 692 sait
1283 666 1555 699 conservamur,
1577 660 1601 692 il
1622 672 1643 705 y
1663 660 1830 692 connnist
1850 667 1932 693 tous
1950 673 2138 694 nouveaux

274 728 443 768 officiens,
467 728 554 760 c'est
574 727 735 760 assavoir
755 727 901 759 maistre
921 726 1034 759 Jehan
1056 726 1215 760 Chevrot
1235 727 1479 772 vicesgerent,
1499 734 1531 760 et
1553 727 1700 760 maistre
1718 728 1761 760 G.
1786 727 1829 759 de
1852 728 1998 760 Brossis
2019 729 2056 760 su
2076 729 2138 761 sait

274 794 394 827 scribe
407 806 452 827 ou
470 794 542 826 lieu
560 794 603 826 de
619 794 765 826 maistre
778 793 890 826 Jehan
902 793 1076 832 Chuss'art,
1091 801 1125 826 et
1139 794 1285 826 maistre
1297 795 1430 839 Jaques
1443 794 1548 827 Galet
1562 801 1772 839 promotcur
1784 807 1829 827 ou
1843 794 1916 827 lieu
1932 795 1975 827 dc
1990 796 2135 828 maistre

273 864 406 907 Jaques
427 862 603 906 Maugier.
628 863 672 894 Et
687 861 779 893 ainsi
800 867 856 893 est
883 865 1105 893 acoustume.
1131 862 1244 903 [Cum
1268 861 1348 894 Jolz.
1375 861 1519 895 Hubert
1546 862 1595 895 sit
1623 862 1787 907 officialis
1816 863 1937 896 curiae
1965 863 2076 896 Paris
2105 869 2135 896 et

275 945 290 961 «
314 931 462 964 maistre
483 929 543 962 cles
569 934 756 962 testamens
773 943 803 968 »‚
828 928 943 973 officia
961 928 1245 971 incompatibilia
1270 934 1420 962 exercet.
1443 929 1654 973 Propterea,
1682 934 1715 962 et
1741 930 1821 974 quia
1858 930 1946 963 male
1975 931 2135 964 exercuit

273 998 424 1043 officium
440 996 715 1037 conservatorz'S,
727 995 908 1039 episcopus
918 994 1112 1028 Meldensis
1121 995 1313 1029 Jolzannem
1330 995 1371 1029 de
1387 995 1672 1041 Courcellisjanz
1683 1008 1739 1029 an.
1758 999 1875 1039 1432,
1889 998 2054 1031 Nouemb.
2075 1009 2137 1042 19,

272 1064 461 1109 delegavit,
481 1062 673 1097 revocando
687 1063 879 1096 Jolzannem
904 1062 1047 1096 Hubert
1062 1063 1105 1095 ab
1124 1062 1249 1107 officio.
1268 1063 1468 1106 Episcopus
1474 1065 1565 1107 jure
1580 1063 1616 1096 id
1627 1063 1715 1106 fecit
1723 1089 1728 1095 .
1730 1066 1755 1106 ]
1771 1064 1880 1096 Dient
1909 1076 1978 1108 que
2007 1064 2139 1109 depuis

273 1131 506 1164 l‘Universite
534 1143 551 1163 a
573 1133 742 1175 presente
770 1129 801 1162 la
824 1129 922 1170 bulle
944 1129 988 1162 de
1017 1129 1048 1161 la
1073 1130 1335 1162 conservacion
1359 1132 1376 1162 a
1397 1129 1471 1162 l'un
1494 1130 1633 1162 desdits
1655 1143 1827 1175 evesque,
1855 1131 1880 1162 il
1906 1143 1950 1163 ne
1980 1131 2029 1163 lui
2052 1143 2131 1164 sera

273 1198 430 1243 besoing
451 1198 494 1230 de
516 1204 708 1230 retourner
724 1208 828 1241 aprez
850 1197 980 1230 devers
997 1196 1232 1229 l’Universitc
1254 1208 1346 1241 pour
1367 1196 1543 1241 deleguer
1566 1209 1610 1229 ne
1638 1209 1730 1242 pour
1751 1204 1961 1230 commettrc
1983 1198 2139 1231 officiers

275 1267 292 1297 a
312 1264 344 1297 la
365 1264 639 1304 conservacion,
659 1270 694 1296 et
716 1264 816 1296 n'ont
840 1267 1051 1296 acoustume
1075 1263 1118 1295 de
1144 1275 1165 1307 y
1195 1270 1405 1296 commettre
1436 1263 1591 1296 ossiciers
1619 1276 1680 1308 par
1705 1264 1938 1297 l'ordonancc
1960 1265 2004 1297 de
2026 1265 2141 1298 l'Uni-

275 1332 421 1373 versite,
440 1338 475 1364 et
495 1343 534 1364 se
555 1331 609 1363 lez
624 1331 860 1375 vicesgerens
883 1331 1054 1363 devoient
1072 1331 1160 1363 faire
1177 1337 1361 1363 serement
1377 1343 1421 1363 en
1446 1330 1693 1371 l'Universite,
1715 1331 1926 1364 Courcelles
1950 1331 1983 1364 le
2004 1333 2077 1364 sera
2100 1344 2139 1365 se

276 1399 423 1432 mestier
445 1405 510 1431 est.
536 1400 579 1431 Et
594 1410 686 1443 pour
702 1410 742 1430 ce
760 1409 829 1442 que
851 1397 990 1430 Hubert
1011 1397 1062 1430 dit
1082 1410 1152 1442 que
1174 1409 1219 1429 on
1242 1410 1286 1430 ne
1312 1397 1345 1430 16
1368 1404 1451 1442 puet
1475 1410 1654 1442 revoquer
1679 1398 1752 1431 sine
1769 1409 1887 1438 causa,
1916 1399 2140 1443 respondent

275 1478 338 1510 par
358 1478 398 1498 ce
419 1466 480 1510 qui
502 1472 555 1498 est
573 1472 730 1498 contenu
748 1477 793 1497 en
810 1464 841 1497 la
858 1464 964 1497 lettre
986 1465 1030 1497 de
1053 1464 1086 1497 la
1107 1464 1394 1509 subdelegacion
1420 1476 1426 1496 z
1456 1464 1623 1509 quamdiu
1643 1465 1731 1498 vices
1760 1470 1902 1498 nostras
1932 1465 2140 1499 duxerimus

276 1532 500 1566 revocandas.
520 1534 562 1565 Et
582 1532 615 1565 16
637 1539 723 1577 puet
752 1544 932 1576 revoqucr
959 1538 1069 1576 quant
1099 1532 1123 1563 il
1149 1532 1199 1564 lui
1226 1531 1345 1576 plaist,
1376 1532 1458 1576 quia
1473 1531 1653 1576 judicium
1675 1532 1831 1565 solvitur
1856 1538 1992 1570 vetante
2013 1544 2051 1566 eo
2081 1533 2141 1577 qui

273 1599 436 1644 judicare
443 1601 572 1645 jussit.

369 1707 446 1730 Arch.
459 1710 512 1730 nut.
529 1707 624 1735 Paris.‚
641 1707 769 1733 X¹=²4797‚
787 1706 832 1729 sol.
850 1707 903 1729 125.
919 1719 945 1723 —
960 1707 1006 1729 An.
1022 1706 1090 1735 1434,
1108 1706 1185 1729 Febr.
1202 1706 1239 1734 13,
1257 1706 1350 1728 iterum
1370 1705 1401 1728 de
1419 1705 1467 1728 hoc
1490 1705 1514 1727 in
1538 1705 1704 1728 Parlumento
1725 1709 1813 1728 uotum
1831 1709 1879 1734 est,
1900 1709 1924 1728 et
1944 1706 2140 1729 Parlamentum

275 1751 459 1774 condemnavit
473 1751 619 1774 Johannem
635 1751 745 1774 Huberti
761 1761 774 1772 «
791 1751 816 1773 in
833 1750 953 1782 expensis
970 1760 992 1778 n,
1008 1751 1166 1773 declarando
1180 1750 1267 1781 ipsum
1283 1758 1334 1772 non
1350 1758 1407 1773 esse
1421 1750 1610 1772 admittendum
1627 1750 1683 1779 (Χυἱ
1698 1751 1737 1779 68,
1756 1750 1799 1774 sol,
1816 1750 1878 1780 149).

371 1854 393 1879 1.
409 1856 482 1878 Anno
495 1855 593 1883 eodem,
609 1855 736 1878 Novemb.
754 1855 791 1883 16,
809 1855 927 1877 facultati
944 1855 1039 1878 decret.
1055 1853 1225 1884 supplicavit,
1240 1856 1267 1876 ut
1284 1853 1335 1876 sibi
1350 1853 1375 1875 in
1390 1853 1438 1875 hac
1454 1861 1534 1875 causa
1551 1856 1642 1875 contra
1659 1853 1805 1875 Johnnnem
1821 1853 1852 1875 de
1864 1852 2009 1876 Com-cellis
2027 1861 2056 1876 ea
2077 1853 2142 1876 ussi—

276 1903 364 1929 steret,
381 1900 450 1931 quod
463 1903 489 1923 et
503 1908 655 1923 concessum
669 1904 708 1923 est
720 1900 806 1928 (Mein.
821 1900 870 1922 sae.
887 1899 993 1927 decret.v
1011 1900 1030 1924 1.
1049 1898 1092 1922 sol.
1109 1899 1171 1927 164).

277 2113 421 2149 2441.
443 2122 603 2158 Episcopus
627 2121 824 2155 Ambianens.‚
843 2125 942 2154 rector,
961 2121 1090 2147 doctores
1113 2124 1140 2146 et
1165 2120 1307 2146 licentiati
1326 2120 1524 2146 Universitatis
1545 2119 1627 2145 Urbis
1647 2123 1675 2145 et
1690 2121 1837 2145 Romanae
1853 2119 1951 2144 curiae
1971 2118 2140 2154 supplicant

365 2171 492 2205 Eugenio
508 2172 555 2205 JV,
573 2174 603 2196 ut
615 2171 672 2196 sibi
685 2172 817 2205 conserat
826 2170 1048 2206 praerogativas
1062 2169 1154 2195 studii
1169 2169 1356 2197 Parisiensis.

1447 2233 1521 2262 7433,
1537 2232 1683 2258 Decembris
1697 2231 1739 2261 24,
1756 2232 1857 2257 Romae.

368 2331 581 2364 Beatissime
621 2338 720 2376 pater
755 2338 789 2364 et
827 2331 1112 2364 clementissime
1143 2331 1301 2363 domine.
1333 2330 1462 2363 Devoti
1502 2330 1614 2362 vestri
1653 2335 1816 2361 oratores
1851 2328 1989 2361 assidui
2029 2330 2068 2360 R.
2101 2330 2138 2361 P.

277 2398 460 2431 Johannes
482 2399 677 2443 episcopus
698 2398 988 2439 Ambianensis¹,
1020 2405 1150 2439 rector,
1182 2398 1449 2437 reformatores,
1473 2396 1654 2437 doctores,
1677 2395 1862 2435 licentiati,
1895 2395 2076 2427 bacallarii
2107 2402 2140 2428 et

278 2466 467 2498 studentes
496 2472 615 2498 vestre
639 2465 762 2498 inclite
784 2465 856 2498 filie
879 2466 1066 2510 unigenite
1088 2465 1343 2498 Universitatis
1367 2463 1477 2497 Urbis
1499 2470 1533 2495 et
1563 2465 1720 2495 Romane
1753 2462 1866 2503 curie,
1890 2463 1993 2506 cujus
2015 2462 2140 2506 dispo-

275 2533 359 2565 sitio
381 2533 424 2565 ad
442 2534 475 2565 S.
500 2534 540 2566 V.
564 2533 745 2577 pertinere
767 2533 1007 2577 dignoscitur,
1030 2539 1064 2564 et
1084 2544 1126 2564 eo
1150 2538 1315 2576 respectu
1338 2531 1415 2575 ipsa
1437 2530 1663 2563 Uiiiversitas
1684 2530 1720 2560 in
1748 2529 1952 2573 privilegiis
1975 2535 2009 2561 et
2031 2528 2141 2561 liber-

277 2599 423 2641 tatibus,
445 2599 662 2640 honoribus,
693 2599 857 2640 indultis,
881 2599 1121 2644 prerogativis
1148 2605 1182 2630 et
1207 2596 1488 2630 antelationibus
1511 2596 1639 2629 merito
1668 2596 1703 2627 in
1726 2596 1802 2628 suis
1820 2595 2021 2640 suppositis
2042 2595 2141 2628 attol-

277 2667 382 2699 lenda
399 2672 602 2700 cunctarum
629 2667 912 2700 Universitatum
933 2667 1031 2700 orbis
1041 2667 1240 2710 primatum
1256 2664 1441 2698 secundum
1462 2664 1561 2708 juris
1581 2674 1708 2696 sertem
1735 2663 1918 2701 obtinebit,
1937 2662 2141 2707 supplicant

277 2734 475 2773 humiliter,
506 2740 684 2778 quatenus
706 2734 853 2766 eosdem
884 2733 1082 2766 clementer
1113 2732 1156 2764 ad
1178 2731 1419 2764 exauditionis
1444 2730 1594 2775 gratiam
1622 2729 1810 2762 admittere
1834 2735 1869 2761 et
1893 2729 2140 2773 infrascriptas

278 2801 411 2846 gratias
432 2801 680 2846 prerogativas
698 2807 731 2832 et
746 2800 934 2833 facultates
951 2799 1151 2832 concedere
1172 2811 1211 2831 ac
1228 2799 1264 2830 in
1283 2797 1377 2830 libro
1399 2796 1612 2830 cancellarie
1635 2797 1673 2828 E.
1687 2796 1720 2828 S.
1744 2802 1916 2828 annotare
1933 2802 1968 2828 et
1988 2795 2139 2828 inscribi

277 2868 394 2900 facere
407 2868 450 2900 ad
466 2874 674 2912 perpetuam
686 2867 737 2899 rei
749 2867 969 2899 memoriam.
983 2864 1419 2909 [Petuntpraerogativas
1429 2863 1694 2896 Parisiensibus
1702 2864 1969 2905 concessas.]—
1978 2862 2138 2895 Conces-
