2502 3418
384 331 447 363 662
741 354 745 358 .
963 339 1283 361 CHARTULARIUM
1319 338 1509 360 umvzns.
1545 337 1675 359 PARIS.
1895 338 1897 341 ·
2150 324 2251 361 [1445

385 415 483 447 naria
504 414 671 454 contulit,
687 421 724 447 et
745 414 781 446 in
803 414 1055 447 cancellarium
1080 414 1215 458 prefate
1235 413 1416 446 facultatis
1437 412 1635 457 deputavit,
1658 412 1811 456 ipseque
1832 410 2016 444 Johannes
2037 411 2250 445 collacionis

386 488 420 514 et
440 481 693 526 deputacionis
714 481 924 526 hujusmodi
940 481 1067 526 vigore
1085 481 1185 524 (licet
1206 480 1267 513 dil.
1286 480 1335 513 fil.
1354 480 1543 525 Philippus
1561 478 1718 524 Anglici,
1738 478 1798 523 qui
1820 490 1859 511 se
1877 478 1972 523 gerit
1992 490 2056 522 pro
2074 477 2249 511 monacho

387 548 513 592 prefati
535 548 746 581 monasterii
763 554 798 580 et
814 548 988 593 magistro
1006 548 1042 580 in
1058 547 1211 587 artibus,
1229 560 1246 580 a
1264 538 1441 587 moribus,
1458 547 1542 583 vita,
1562 546 1713 578 seientia
1730 552 1766 578 et
1781 545 1956 590 gravitate
1974 544 2059 577 dicti
2075 544 2251 578 ,Iohannis

386 614 537 647 multum
560 615 747 655 differens,
770 614 840 647 hiis
862 614 1032 647 omnibus
1060 626 1100 647 se
1131 620 1333 659 opponeret
1362 620 1397 646 et
1427 613 1602 658 prefatum
1631 611 1921 645 cancellariatum
1948 611 1991 644 ad
2022 623 2061 644 se
2087 618 2251 656 spectare

386 683 604 724 assereret⁶)
626 693 690 726 per
707 681 769 714 dil.
788 681 837 714 fil.
857 681 1136 714 Universitatem
1153 680 1332 713 facultatis
1349 686 1384 713 et
1404 686 1582 713 rectorem
1600 679 1856 713 Universitatis
1873 678 1985 712 studii
2006 678 2250 723 predictorum

387 749 430 781 ad
452 749 570 793 ipsum
591 748 881 781 cancellariatum
904 748 1122 788 admissus⁷,
1140 747 1241 780 illum
1264 747 1394 780 exinde
1416 758 1480 791 per
1497 758 1536 779 se
1552 746 1608 779 vel
1630 746 1738 779 alium
1761 746 1877 779 tenuit
1897 752 1933 779 et
1953 745 2127 786 exercuit,
2146 751 2253 791 prout

387 822 486 848 tenet
506 823 540 848 et
561 816 664 848 etiam
688 822 833 848 exercet
859 815 903 847 de
932 814 1106 860 presenti.
1130 815 1219 848 Cum
1249 820 1380 855 autem,
1408 814 1503 846 sicut
1529 813 1653 846 eadem
1684 813 1817 858 peticio
1840 812 2099 858 subjungebat,
2122 824 2187 858 pro
2209 824 2251 845 eo

388 883 485 927 quod
507 883 543 915 in
565 882 719 927 quodam
743 889 876 915 statuto
893 882 1103 914 auctoritate
1125 881 1323 926 apostolica
1344 881 1441 913 edito
1459 892 1524 913 seu
1545 880 1757 913 confirmato
1775 880 1908 913 dicitur
1924 880 2043 913 caveri
2064 891 2250 924 expresse,

388 949 484 994 quod
506 950 542 981 in
564 950 643 994 ipso
665 949 919 981 cancellariatu
942 949 1026 981 dum
1047 948 1227 981 vacaverit
1256 948 1454 980 canonicus
1482 947 1569 980 dicti
1598 947 1823 989 monasterii,
1847 947 2021 992 magister
2041 947 2078 979 in
2099 944 2251 988 artibus,

387 1017 417 1049 si
439 1017 474 1048 in
497 1016 622 1048 eodem
647 1016 866 1048 monasterio
889 1015 970 1049 talis
994 1016 1116 1057 suerit,
1142 1015 1274 1048 ceteris
1296 1014 1426 1047 debeat
1445 1015 1652 1055 anteferri⁸,
1682 1021 1717 1047 et
1742 1027 1785 1047 ex
1814 1014 1924 1047 certis
1956 1014 2037 1046 aliis
2063 1014 2182 1047 causis
2208 1013 2252 1046 de

388 1084 560 1116 dictarum
597 1083 801 1115 collationis
832 1089 867 1115 et
901 1082 1147 1127 deputationis
1180 1082 1320 1116 viribus
1355 1095 1372 1115 a
1406 1082 1596 1127 plurisque
1630 1081 1820 1123 hesitetur,
1855 1093 1919 1126 pro
1954 1087 2053 1126 parte
2088 1080 2251 1125 ejusdem

386 1150 561 1183 Johanuis
582 1149 689 1182 nobis
710 1150 777 1182 suit
796 1149 983 1182 humiliter
1005 1149 1246 1194 supplicatum
1269 1156 1307 1182 ut
1333 1149 1482 1194 prefatis
1502 1148 1688 1182 collationi
1709 1155 1745 1181 et
1765 1148 1997 1193 deputacioni
2018 1160 2057 1181 ac
2082 1147 2253 1181 omnibus

388 1224 422 1250 et
443 1217 600 1262 singulis
628 1217 713 1249 inde
743 1217 879 1250 secutis
909 1229 975 1262 pro
1003 1229 1127 1249 eorum
1158 1216 1396 1250 subsistentia
1422 1216 1573 1249 firmiori
1606 1215 1718 1249 robur
1739 1216 1939 1261 apostolice
1960 1215 2253 1258 confirmacionis

387 1285 530 1317 adicere
552 1284 596 1316 de
619 1284 844 1329 benignitate
866 1284 1063 1329 apostolica
1085 1284 1322 1329 dignaremur
1345 1295 1351 1316 :
1376 1296 1443 1316 nos
1465 1284 1525 1328 qui
1548 1283 1592 1316 (le
1622 1283 1813 1328 premissis
1833 1290 1964 1316 certam
1988 1283 2157 1316 noticiam
2179 1294 2253 1315 non

387 1351 575 1392 habemus,
604 1351 815 1395 hujusmodi
837 1350 1167 1396 supplicationibus
1190 1351 1352 1384 inclinati
1379 1350 1593 1383 discretioni
1615 1357 1674 1383 tue
1696 1362 1760 1395 per
1780 1350 1979 1395 apostolica
2000 1350 2134 1395 scripta
2155 1361 2254 1382 man-

389 1419 528 1456 damus,
556 1418 725 1463 quatinus
746 1419 884 1451 vocatis
914 1418 1081 1463 Philippo
1112 1418 1250 1463 prefato
1272 1424 1307 1451 et
1327 1417 1407 1450 aliis
1429 1418 1490 1462 qui
1520 1418 1655 1450 suerint
1676 1417 1850 1451 evocandi
1876 1429 1987 1462 super
2008 1416 2198 1462 premissis
2220 1404 2255 1449 et

389 1498 512 1518 eorum
535 1486 818 1518 circumstantiis
836 1485 1019 1519 universis
1041 1485 1253 1518 auctoritate
1275 1491 1399 1518 nostra
1420 1491 1453 1518 te
1475 1484 1673 1530 diligenter
1689 1485 1878 1526 informes,
1896 1491 1931 1517 et
1951 1484 1981 1517 si
2003 1496 2067 1529 per
2083 1485 2256 1517 informa-

390 1553 523 1585 tionem
545 1552 754 1597 hujusmodi
783 1564 822 1585 ea
848 1565 931 1586 vera
953 1564 1050 1594 esse,
1076 1559 1111 1585 et
1139 1552 1234 1585 dicto
1265 1551 1432 1596 Philippo
1463 1552 1500 1584 in
1530 1552 1610 1597 ipso
1631 1552 1887 1585 cancellariatu
1913 1563 1978 1585 seu
2004 1551 2047 1584 ad
2073 1551 2174 1584 illurn
2192 1551 2254 1596 jus

389 1632 462 1653 non
482 1626 689 1664 competere
711 1620 933 1664 reppereris,
961 1619 1211 1660 collacionem,
1239 1619 1516 1664 deputacionem
1543 1626 1578 1652 et
1606 1619 1691 1652 inde
1716 1625 1839 1652 secuta
1860 1618 2021 1664 predicta
2042 1603 2254 1653 auctoritate

389 1694 510 1720 nostra
533 1687 667 1732 prefata
688 1686 869 1732 approbes
890 1693 925 1720 et
945 1686 1154 1728 confirmes,
1177 1685 1382 1731 supplendo
1404 1698 1531 1718 omnes
1553 1692 1588 1719 et
1612 1686 1780 1732 singulos
1801 1686 2017 1719 desectussi
2045 1686 2107 1731 qui
2131 1686 2254 1719 forsan

388 1754 652 1788 intervenerint
680 1754 715 1786 in
746 1754 897 1787 eisdem.
924 1755 1004 1787 Non
1025 1753 1271 1787 obstantibus.
1299 1758 1364 1787 etc.
1398 1754 1475 1786 Dat.
1506 1755 1618 1786 Rome
1648 1754 1742 1799 apud
1778 1754 1946 1787 Sanctum
1983 1754 2128 1786 Petrum
2159 1765 2253 1786 anno

389 1822 651 1855 lncarnationis
673 1821 855 1854 dominice
877 1821 1070 1854 millesimo
1090 1820 1453 1866 quadringentesimo
1470 1821 1751 1866 quadragesimo
1768 1821 1907 1866 quinto,
1926 1821 2053 1866 quinto
2074 1820 2123 1853 id.
2140 1820 2252 1863 Junii,

387 1901 481 1922 anno
502 1889 789 1934 quintodecimo.

482 1988 543 2018 Reg.
562 1987 618 2010 Lat.
635 1987 734 2017 Eugen.
751 1987 792 2015 lv,
811 1991 840 2009 n⁰
852 1987 907 2016 416,
924 1987 968 2010 sol.
989 1987 1043 2010 182.
1063 2000 1095 2004 -—
1116 1987 1144 2009 ln
1164 1987 1257 2018 Suppl.
1273 1987 1374 2018 Eugen.
1396 1987 1437 2017 tv,
1458 1991 1487 2010 n⁰
1502 1988 1557 2016 399,
1578 1987 1623 2010 rol.
1640 1988 1679 2015 86,
1695 1989 1779 2010 exstat
1794 1986 1954 2018 supplicatio
1973 1986 2101 2010 Johannis
2117 1986 2148 2009 de
2164 1986 2253 2022 Puteo,

387 2040 510 2055 concessa
526 2032 616 2055 eodem
632 2031 687 2060 die;
709 2031 755 2054 sed
770 2031 795 2054 in
807 2039 846 2060 ea,
863 2034 891 2054 ut
906 2040 974 2054 nunc
990 2031 1132 2062 registrum
1148 2035 1195 2059 est,
1213 2032 1344 2055 omittitur
1359 2040 1426 2063 quae
1448 2031 1669 2063 supru,dicuntur
1683 2032 1715 2054 de
1727 2031 1850 2063 Philippo
1865 2031 1978 2062 Anglici,
1994 2039 2040 2055 nec
2058 2031 2136 2055 etium
2156 2031 2252 2054 ibidem

388 2077 574 2100 archidiacono
590 2077 621 2100 de
636 2077 734 2108 Josayo
750 2076 892 2099 commissu
907 2080 947 2099 est
960 2076 1107 2107 inquisitio,
1124 2076 1170 2099 sed
1186 2076 1346 2108 supplicatio
1362 2076 1520 2108 simpliciter
1534 2076 1695 2100 conceditur.

480 2170 504 2195 1.
520 2171 570 2193 Seu
586 2180 599 2192 (ι
614 2170 722 2201 Dupuys
739 2180 761 2194 n.
776 2171 803 2193 In
820 2170 888 2193 Bibl.
906 2170 931 2193 S.
951 2170 1106 2198 Genovesae,
1124 2178 1172 2195 ms,
1189 2170 1259 2200 2151,
1277 2170 1322 2194 sol.
1336 2171 1373 2198 11,
1391 2172 1513 2200 refertur,
1530 2179 1589 2194 eum
1605 2171 1638 2194 ab
1656 2179 1699 2194 nn.
1716 2171 1777 2194 1440
1791 2170 1896 2194 circiter
1912 2170 2099 2194 cancellarium
2116 2170 2207 2194 fuisse.
2223 2184 2256 2189 -—

387 2215 411 2240 2.
428 2216 539 2238 Fructus
555 2215 672 2246 ejusdem
686 2218 760 2238 erant
775 2216 804 2238 24
819 2214 865 2239 lib.
882 2214 1028 2238 annuatim.
1044 2228 1070 2232 —-
1089 2214 1113 2239 3.
1126 2215 1174 2239 Ms.
1191 2222 1196 2238 z
1211 2225 1224 2236 «
1238 2215 1271 2238 ud
1287 2224 1310 2239 n.
1325 2229 1355 2232 —
1369 2215 1394 2240 4.
1411 2216 1469 2239 vid.
1486 2224 1568 2247 supra
1583 2220 1612 2238 n⁰
1627 2216 1697 2239 2500.
1713 2229 1739 2233 —
1755 2215 1778 2241 5.
1795 2216 1887 2239 Petrus
1901 2215 2013 2239 Caillou.
2029 2229 2059 2233 ——-
2073 2215 2097 2240 ὃ.
2113 2216 2254 2247 Perpetem

388 2260 468 2290 igitur
483 2261 507 2283 in
520 2262 580 2282 msm
596 2260 621 2283 S.
636 2260 783 2283 Genovel'ac
797 2259 934 2288 asseritur,
952 2259 1103 2290 Philippum
1120 2260 1204 2282 solum
1221 2260 1251 2282 de
1267 2268 1329 2282 cura
1346 2262 1372 2283 S.
1387 2261 1514 2292 Stephani
1530 2260 1554 2283 in
1569 2261 1654 2283 Monte
1669 2269 1727 2283 cum
1745 2260 1864 2283 Johanne
1882 2261 1913 2283 de
1926 2261 2005 2283 Puteo
2020 2260 2195 2291 contendisse,
2210 2260 2254 2292 qui

386 2308 525 2335 propterea
539 2305 661 2335 Philippo
676 2304 862 2327 cancellariam
876 2304 1037 2335 reliquisset..
1051 2304 1108 2327 Vid.
1120 2304 1199 2327 etium
1215 2308 1310 2327 numum
1326 2308 1486 2336 sequentem.
1498 2319 1529 2323 —
1541 2304 1566 2329 7.
1578 2305 1683 2328 Minime
1694 2313 1741 2336 per
1752 2313 1852 2328 omnes.
1865 2305 1922 2328 Vid.
1934 2309 2030 2328 numum
2042 2305 2252 2336 praecedentem.

388 2363 418 2367 —
433 2350 457 2374 8.
474 2350 528 2374 Vid.
546 2350 683 2378 Chartul„
700 2349 746 2379 ΙΙΙ,
761 2357 788 2380 p.
803 2349 856 2372 145.

391 2518 533 2554 2600.
558 2527 644 2552 Natio
659 2527 798 2552 Franciae
817 2527 1015 2552 Universitatis
1031 2531 1057 2553 et
1073 2526 1225 2563 Philippus
1238 2527 1353 2562 Anglici
1366 2527 1533 2564 supplicant
1545 2529 1673 2562 Eugenio
1687 2529 1734 2563 IV,
1751 2532 1781 2554 ut
1794 2529 1927 2564 episcopo
1942 2527 2083 2554 Meldensi
2097 2527 2254 2553 committat

478 2576 690 2611 inquisitionem
706 2576 741 2602 de
757 2576 968 2602 cancellar-iata
986 2578 1013 2602 S.
1032 2578 1198 2611 Genorefae.
1213 2576 1366 2613 Philippus
1381 2581 1483 2614 postca
1497 2586 1511 2603 e
1523 2578 1666 2604 sententia
1682 2578 1810 2614 episcopi
1821 2578 1850 2603 in
1861 2577 2067 2603 cancellarium
2082 2576 2251 2602 instituitur.

1542 2667 1616 2697 1445,
1632 2667 1793 2699 Septembris
1807 2667 1850 2697 27.
1866 2668 1967 2693 Romae.

481 2754 693 2787 Beatissimo
720 2761 830 2799 pater.
862 2755 1062 2799 Exponitur
1088 2755 1122 2787 S.
1140 2756 1183 2789 V.
1214 2767 1278 2799 pro
1306 2762 1405 2800 parte
1427 2755 1639 2788 devotorum
1669 2762 1873 2789 vestrorum
1905 2754 2062 2787 nationis
2089 2753 2252 2793 Francie,

392 2820 539 2853 alterius
561 2828 592 2853 et
616 2821 720 2865 primi
743 2821 892 2854 membri
916 2822 1009 2854 dicte
1029 2823 1071 2855 Y.
1096 2822 1130 2855 S.
1153 2821 1226 2854 filie
1242 2822 1497 2855 Universitatis
1519 2822 1728 2864 parisiens,
1747 2829 1782 2855 et
1803 2822 1958 2867 Philippi
1974 2820 2119 2866 Anglici
2141 2820 2253 2864 magi-

393 2888 457 2920 stri
475 2887 509 2920 in
522 2887 658 2921 artibus
675 2889 884 2932 Parisiens.,
897 2889 1061 2923 canonici
1079 2901 1251 2937 expresse
1264 2890 1421 2937 professi
1435 2890 1645 2924 monasterii
1660 2890 1694 2925 S.
1709 2890 1895 2925 Genovefe
1911 2888 2108 2924 Parisiens.
2127 2888 2162 2922 S.
2178 2888 2253 2921 Au·-
