2502 3418
290 300 387 337 1449]
633 313 679 335 AB
713 313 817 335 auno
848 311 1141 334 MCCCLxxxxrv
1175 311 1306 340 USQUE
1341 312 1389 334 AD
1423 313 1562 334 ANNUM
1598 314 1801 336 Mccccmr
2083 305 2145 338 687

287 412 432 449 2646.
462 421 636 447 Universitas
652 420 689 446 ab
705 420 834 446 erunibus
850 419 1019 446 christianis
1032 418 1228 455 eleemosynas
1244 420 1317 455 petit
1337 420 1365 446 in
1387 422 1512 454 favorem
1529 421 1697 446 monasterii
1714 423 1741 447 S.
1764 422 1881 447 Victoris
1897 423 2073 448 Parisiensis
2087 425 2148 458 sere

375 470 495 497 ruinosi.

1430 506 1503 535 7449,
1521 505 1681 538 Septembris
1696 507 1734 535 16,
1751 507 1863 532 Parisiis.

376 581 567 615 Universis
595 581 831 614 ecclesiarum
860 580 1022 625 prelatis,
1050 580 1230 625 capitulis7
1259 580 1464 614 rectoribus
1491 587 1525 613 et
1550 580 1740 622 ministris,
1767 582 1973 626 ceterisque
2004 582 2149 616 christi-

289 648 472 690 fidelibus,
498 655 617 682 rector
638 655 673 682 et
692 648 921 682 Universitas
943 647 1053 681 studii
1075 648 1294 681 Parisiensis
1320 648 1471 681 salutem
1493 648 1529 680 in
1552 647 1698 681 Christo
1720 650 1806 681 Jesu
1831 650 1985 681 Domino
2010 657 2134 682 nostro

290 717 389 750 Inter
405 716 500 749 clare
521 716 712 761 religionis
733 715 810 748 loca
827 715 997 750 universa
1018 715 1126 760 hujus
1147 714 1450 748 christianissime
1473 715 1623 748 occidue
1645 717 1864 749 Francorum
1888 717 2050 761 regionis
2072 729 2152 761 pre-

289 784 426 816 ciosum
445 790 501 816 est
517 783 774 816 monasterium
795 783 915 816 Sancti
929 783 1103 824 Victoris,
1116 782 1266 815 Ordinis
1283 782 1505 827 regularium
1524 783 1780 815 canonicorum
1804 784 1922 816 Sancti
1940 784 2149 828 Augustini,

283 851 385 895 juxta
410 850 588 884 civitatem
617 849 709 883 hanc
734 850 956 883 Parisiorum
985 849 1251 883 inclitissimam
1277 849 1320 882 ab
1346 850 1431 882 olim
1460 850 1561 895 regia
1589 857 1836 883 constructum
1863 851 2097 895 providencia
2118 858 2153 884 et

289 918 376 951 alias
398 918 558 951 dotatum
579 924 845 962 competenter;
873 917 909 949 in
937 929 1020 961 quo7
1049 917 1143 949 sicut
1168 917 1311 950 excelse
1337 917 1556 962 complacuit
1580 918 1769 962 majestati,
1792 929 1933 950 sacrum
1960 918 2152 963 religionis

290 985 402 1018 decus
424 991 519 1018 tante
540 984 712 1018 claritatis
733 984 878 1029 fulgore
900 984 1047 1017 emicuit
1067 990 1106 1016 ut
1128 996 1202 1016 non
1227 984 1396 1017 inmerito
1422 996 1440 1017 a
1466 984 1573 1017 nohis
1597 984 1727 1018 debeat
1748 985 2007 1018 commendari.
2035 987 2152 1019 Locus

290 1052 385 1085 enim
406 1052 468 1085 ille
489 1064 591 1085 sacer
612 1058 647 1085 et
671 1051 829 1084 celebris
855 1051 973 1084 nostri
995 1051 1106 1084 studii
1130 1050 1329 1084 membrum
1355 1051 1398 1084 ab
1420 1051 1505 1084 olim
1531 1051 1704 1093 notabile,
1726 1052 1844 1085 claros
1870 1052 1995 1085 habuit
2020 1052 2152 1086 litteris

290 1119 403 1152 sacris
420 1117 641 1153 excellentes
659 1119 842 1160 doctores,
861 1118 948 1151 etin
966 1118 1093 1151 eodem
1111 1118 1301 1151 hodiernis
1318 1118 1433 1151 adhuc
1451 1118 1678 1164 temporibus
1695 1119 1852 1152 studiosi
1871 1119 1939 1153 viri
1956 1119 2155 1154 exuberant

290 1186 421 1219 litteris
443 1193 478 1219 et
496 1186 660 1220 moribus
681 1186 862 1231 insignes.
885 1186 1047 1229 Quorum
1070 1186 1320 1219 devotissimis
1342 1185 1531 1230 obsequiis
1553 1186 1698 1219 divinus
1721 1186 1912 1232 religionis
1933 1187 2052 1220 cultus
2073 1200 2155 1233 per-

291 1253 410 1286 ficitur
431 1260 467 1287 et
486 1253 726 1286 scienciarum
749 1253 926 1286 exercicia
947 1252 1178 1286 laudabiliter
1203 1252 1465 1298 amplexantur.
1497 1254 1613 1298 Hujus
1643 1260 1758 1286 autem
1781 1253 2001 1287 venerabilis
2026 1254 2098 1287 loci
2121 1261 2155 1288 et

292 1320 525 1365 precellentis
551 1319 696 1353 cenobii
723 1320 894 1365 inopiam,
922 1319 1193 1353 desolacionem
1220 1326 1256 1352 et
1278 1320 1402 1352 ruinas
1428 1326 1592 1364 patentes
1618 1332 1707 1364 quas
1738 1320 1856 1365 (proth
1882 1321 2020 1366 dolorl)
2047 1333 2155 1366 guer-

292 1400 411 1420 rarum
433 1387 573 1433 prolixa
593 1399 730 1433 vorago
747 1387 913 1429 contulit,
935 1387 1070 1420 intueri
1092 1387 1171 1420 sine
1193 1387 1357 1419 cordium
1374 1387 1613 1420 amaritudine
1635 1399 1707 1419 non
1723 1387 1898 1420 valemus.
1921 1388 1976 1420 Ad
1999 1388 2155 1421 sobriam

293 1455 387 1488 enim
412 1454 670 1500 religiosorum
693 1454 1002 1488 sustentacionem
1025 1454 1159 1488 divinis
1175 1454 1383 1487 vacancium
1407 1466 1525 1498 neque
1542 1454 1584 1487 ad
1607 1454 1832 1487 edificiorum
1853 1467 2001 1488 suorum
2020 1462 2159 1489 restau-

293 1522 439 1555 randam
466 1522 605 1555 ruinam
632 1529 822 1555 extenuata
848 1521 1059 1554 monasterii
1088 1521 1190 1566 copia
1218 1521 1384 1554 sufficere
1411 1528 1543 1566 potest.
1573 1523 1616 1554 Et
1637 1522 1709 1566 jam
1738 1528 1834 1555 tanta
1864 1522 1963 1567 viget
1993 1523 2156 1567 ejusdem

292 1589 414 1634 gravis
436 1589 557 1634 inopia
575 1596 612 1622 ut
634 1601 697 1622 sua
718 1589 961 1634 undequaque
983 1589 1144 1621 desolata
1167 1588 1364 1633 dissipacio
1386 1589 1580 1632 insurgere
1601 1589 1676 1622 visa
1695 1589 1757 1629 sit;
1781 1589 1838 1621 cui
1859 1589 2019 1622 fidelium
2038 1590 2159 1623 catho-

293 1656 446 1689 licorum
469 1668 578 1689 sexus
599 1663 753 1701 uterque
775 1657 857 1701 piis,
881 1663 919 1689 ut
939 1656 1137 1697 credimus,
1159 1655 1319 1688 lacrimis
1345 1662 1378 1688 et
1404 1655 1644 1700 possibilibus
1670 1655 1846 1689 subsidiis
1868 1663 2012 1689 tenetur
2032 1669 2159 1690 occur-

295 1735 388 1756 rere.
411 1725 485 1756 Nos
512 1724 633 1768 itaque
655 1724 833 1757 dictorum
861 1723 1119 1769 religiosorum
1146 1722 1410 1756 venerabilium
1436 1722 1747 1767 contemplacione
1769 1730 1804 1756 et
1828 1723 1864 1755 in
1891 1723 2026 1757 Christi
2046 1724 2158 1757 visce-

294 1790 397 1823 ribus
421 1791 584 1835 ejusdem
607 1791 887 1836 compacientes⁷
909 1797 1049 1823 vestras
1069 1790 1256 1823 hortamur
1276 1789 1313 1822 in
1335 1789 1489 1822 Domino
1511 1790 1677 1822 caritates
1703 1790 1957 1835 amplissimas,
1981 1797 2159 1835 quatenus

295 1864 551 1903 procuratores
577 1869 702 1890 eorum
727 1864 762 1890 et
787 1857 942 1890 nuncios
971 1857 1217 1902 reliquiasque
1244 1857 1337 1901 apud
1363 1869 1428 1889 vos
1455 1856 1663 1889 deserentes
1689 1857 1725 1889 in
1751 1857 1906 1889 Domino
1934 1869 2159 1890 recommen-

296 1925 398 1958 datos
428 1924 617 1966 habentes,
641 1937 705 1970 per
725 1937 790 1958 vos
811 1931 846 1958 et
873 1931 1015 1958 ceteros
1041 1924 1300 1957 christifideles
1326 1924 1522 1957 caritativis
1547 1924 1708 1956 tractetis
1734 1923 1926 1966 subsidiis,
1952 1925 2158 1970 vestrisque

296 1992 520 2033 elemosinis,
542 1992 585 2025 ad
607 2004 673 2025 sue
695 1992 917 2037 paupertatis
943 1991 1105 2024 solamen
1127 2003 1166 2023 ac
1193 2003 1317 2023 eorum
1345 1990 1500 2023 ecclesie
1526 1997 1805 2035 ceterorumque
1831 1991 2057 2024 edificiorum
2079 2003 2160 2025 suo-

297 2071 374 2091 rum
396 2059 699 2092 restaurationem
721 2059 883 2092 relevare
905 2059 1053 2100 curetis,
1077 2066 1115 2091 ut
1135 2071 1153 2091 a
1179 2058 1356 2090 bonorum
1380 2058 1541 2090 omnium
1567 2057 1740 2102 largitore
1766 2064 1926 2090 eternam
1952 2058 2157 2091 felicitatem

298 2138 362 2171 pro
390 2126 527 2171 premio
550 2126 717 2171 optinere
741 2126 902 2159 valeatis.
925 2127 1052 2158 Datum
1075 2126 1111 2158 in
1136 2124 1423 2170 congregatione
1445 2125 1607 2169 generali
1629 2125 1723 2169 apud
1751 2125 1916 2157 Sanctum
1940 2125 2159 2158 Maturinum

298 2193 459 2226 Parisius
481 2193 696 2226 solemniter
716 2193 897 2226 celebrata
919 2193 977 2226 die
999 2192 1240 2225 sextadecima
1262 2192 1401 2225 mensis
1424 2191 1662 2236 Septembris,
1685 2204 1779 2224 anno
1801 2192 1944 2224 Domini
1968 2192 2159 2225 millesimo

299 2260 663 2306 quadringentesimo
685 2260 965 2305 quadragesimo
988 2272 1097 2293 nono.
1117 2279 1162 2285 -—
1181 2259 1371 2293 Nmonnst.

391 2359 527 2390 Originale
549 2359 575 2382 in
597 2359 674 2383 Arch.
695 2362 748 2384 nat.
768 2359 864 2388 Paris„
884 2360 902 2383 L
921 2360 975 2389 889,
993 2364 1022 2382 n⁰
1037 2359 1076 2382 15.
1091 2359 1228 2390 Appendet.
1243 2358 1362 2390 sigillum
1383 2358 1579 2382 Universitatis.
1594 2372 1626 2376 —
1641 2358 1716 2381 Aliud
1733 2358 1838 2381 omnino
1857 2358 1942 2381 simile
1964 2358 2062 2381 ibidem
2078 2362 2106 2381 n⁰
2121 2358 2161 2388 14,

297 2412 357 2427 cum
374 2405 520 2435 fragmento
535 2404 627 2435 sigilli.
643 2404 678 2428 De
693 2404 742 2427 hoc
758 2404 783 2427 in
799 2407 916 2429 Auctar.
932 2404 1067 2434 chartul„
1084 2404 1117 2432 ΙΙ,
1130 2412 1156 2435 p.
1174 2404 1227 2432 776,
1244 2403 1272 2426 14
1288 2412 1356 2435 sqq.,
1370 2403 1403 2426 ad
1417 2403 1549 2434 Septemb.
1567 2404 1604 2426 15.

393 2490 415 2512 1.
432 2489 491 2512 Vid.
506 2493 535 2511 n⁰
548 2490 617 2518 2668,
632 2492 685 2512 not.
703 2490 726 2513 2.

301 2599 446 2636 2647.
471 2607 658 2634 Sententiarii
671 2611 697 2634 et
710 2608 822 2633 Biblici.

1408 2650 1483 2679 7449,
1496 2657 1584 2675 mense
1598 2649 1748 2681 Septembri,
1764 2649 1877 2675 Parisiis.

391 2731 603 2776 Sequuntur
620 2737 764 2775 recepte
781 2737 815 2763 et
831 2730 935 2763 misie
950 2730 1155 2764 venerande
1172 2729 1350 2762 facultatis
1362 2729 1545 2773 theologie
1558 2728 1601 2761 ab
1616 2728 1752 2769 u[ltimo
1766 2733 1945 2773 compoto]
1962 2728 2059 2761 dom.
2075 2729 2163 2761 Lau-

301 2782 409 2830 rentii
425 2797 602 2831 Poutrelli
619 2797 746 2830 bidelli
764 2805 797 2830 et
813 2797 1014 2843 receptoris
1032 2797 1195 2841 ejusdem
1215 2796 1407 2837 facultatis,
1427 2796 1522 2840 quod
1541 2796 1619 2838 [suit
1637 2795 1695 2827 die
1769 2807 1824 2827 an.
1847 2795 2024 2835 NJCCCC
2034 2796 2162 2828 XLIX.

392 2865 509 2897 Primo
541 2865 677 2910 recepit
701 2877 719 2897 a
746 2864 960 2897 bachalariis
982 2864 1042 2909 qui
1070 2864 1285 2909 inceperunt
1312 2863 1516 2896 Sententias
1546 2862 1581 2894 in
1609 2861 1839 2907 [Septembri]
1865 2862 2028 2906 ejusdem
2053 2862 2162 2895 anni:
