2502 3418
388 331 453 365 776

962 342 1286 365 anaTULARIUM
1322 343 1515 365 UNIVERS.
1552 341 1684 364 PARIS.

387 461 446 483 2541
510 458 592 485 *148⁹
674 461 825 485 Decembris
839 463 868 485 22

387 518 449 541 2542
523 516 590 543 1440
705 519 793 543 Martii
808 520 837 543 23

387 576 449 599 2543
544 589 575 593 --
666 578 729 613 Aprl.
738 577 794 600 20-.Ι
798 585 841 601 un.
848 578 878 600 20

387 633 449 656 2544
485 618 487 621 -
544 647 575 651 —
586 619 590 622 -
662 619 665 621 -
713 636 831 666 Augusto

387 736 449 759 2545
545 749 575 753 -
667 737 830 769 Septembris
848 738 877 760 12

388 838 450 861 2546
524 836 590 862 1441
682 839 818 862 Februarii
834 839 864 862 16

388 982 449 1008 2547
544 996 575 1000 -
666 985 829 1017 Septembris
848 985 876 1008 12

388 1087 449 1110 2548
545 1098 575 1102 --
687 1087 810 1111 Octobris
826 1088 855 1111 27

388 1279 449 1302 2549
545 1290 575 1294 —
717 1278 830 1302 Octobre

388 1381 449 1405 2⁵50
543 1392 574 1396 -
696 1381 709 1404 J
713 1381 846 1407 unii-Nov.

388 1487 447 1510 2551
466 1473 469 1481 ⁴
485 1506 487 1508 .
544 1498 575 1502 —-
642 1506 643 1509 ,
671 1488 827 1511 Novembris
843 1489 873 1511 16

388 1550 449 1572 2552
543 1560 574 1564 -
672 1550 749 1574 Circa
764 1551 828 1574 Nov.
845 1551 872 1574 17

388 1656 449 1679 2553
545 1668 575 1671 -
671 1657 828 1680 Novembris
843 1658 874 1680 30

389 1763 449 1797 2554
470 1764 471 1769 ’
544 1775 575 1778 -
675 1764 826 1787 Decembris
842 1764 870 1787 11

389 1870 450 1893 2555
471 1867 472 1875 ’
523 1867 591 1900 1442
697 1871 818 1894 Januarii
833 1872 855 1901 4>

390 1977 451 1999 2556
548 1989 576 1993 -
746 1992 774 1995 -
835 1979 848 2001 8

391 2084 451 2106 2557
548 2095 575 2099 —
690 2085 827 2108 Februarii
844 2086 857 2109 7

392 2190 452 2213 2558
547 2202 579 2206 -
747 2205 776 2208 —
829 2192 859 2215 22

392 2252 453 2275 2559
476 2280 477 2288 ¹
494 2262 496 2264 ·
546 2264 579 2268 —
729 2253 823 2277 Martio

393 2359 454 2381 2560
544 2371 575 2374 -
762 2374 790 2378 —

393 2421 452 2443 2561
547 2432 580 2436 --
710 2422 799 2446 Martii
813 2423 842 2446 10

394 2483 454 2505 2562
548 2494 580 2498 —
740 2498 769 2502 —
813 2486 842 2507 24

394 2546 455 2568 2563
551 2556 578 2560 -
691 2547 867 2578 Mart.·April.

395 2652 455 2674 2564
551 2662 581 2666 —-
671 2646 748 2677 Mart.
756 2654 882 2685 23-Apr.7

396 2702 456 2736 2565
551 2723 581 2728 -
734 2715 795 2738 Maii
808 2717 823 2738 9

397 2820 457 2842 2566
551 2830 582 2834 --
673 2822 837 2852 Septembris
854 2823 883 2845 12

907 461 1043 485 Licentiati
1053 462 1079 485 in
1092 463 1215 485 facultate
1228 462 1376 493 theologiae
1389 475 2172 486 ...............................
2217 458 2264 481 614

907 519 1043 543 Licentiati
1058 520 1085 543 in
1101 520 1225 543 facultate
1240 520 1405 543 decretorum
1418 533 2172 544 ..............................
2217 515 2264 538 615

907 577 957 605 Qui
972 577 998 600 in
1014 577 1138 600 facultate
1153 578 1250 601 decret.
1266 578 1431 601 doctoratum
1446 577 1594 609 receperint
1597 591 2185 603 ........................
2217 573 2264 596 615

907 636 1141 659 Pseudo-Johanna
1160 635 1245 664 d’Arc,
1268 635 1365 658 semina
1387 635 1432 658 des
1455 635 1598 664 Armoises,
1621 643 1711 658 coram
1732 634 1911 658 Universitate
1929 633 2013 656 Paris.
2038 636 2064 656 et
2086 632 2175 655 Parla-

937 683 1023 703 mento
1045 683 1181 711 comparet
1183 693 2173 703 .......................................
2218 675 2264 698 616

907 737 1058 768 Capitulum
1071 737 1135 761 Ord.
1151 737 1318 760 Cisterciens.
1335 737 1425 760 abbati
1448 737 1480 760 de
1502 737 1646 760 Bellavalle
1658 736 1799 760 Viennensi
1820 736 1953 760 licentiam
1978 736 2024 759 dat
2045 734 2123 758 eundi
2141 734 2174 757 ad
2264 769 2266 771 η

937 782 1054 804 studium
1067 781 1151 805 Paris.
1168 784 1193 805 et
1204 781 1301 804 ibidem
1318 781 1470 804 remanendi
1485 784 1537 804 tres
1553 789 1636 804 annos
1649 795 2173 805 .....................
2218 778 2264 800 816

906 839 1063 862 Guillelmus
1083 839 1199 865 Adeline,
1222 840 1360 869 professus
1385 838 1509 866 Carmel„
1525 838 1717 867 Carthusiens.,
1736 839 1842 862 demum
1866 838 1929 862 Ord.
1947 839 1974 861 S.
1998 838 2070 865 Bon„
2092 837 2172 860 theol.

937 883 1065 914 magister
1081 883 1265 911 Avenionens„
1282 883 1404 906 defensor
1418 882 1526 906 honoris
1543 882 1639 906 summi
1663 883 1805 914 pontificis,
1827 882 1886 905 finit
1900 886 1929 905 ut
1944 890 2037 913 magus
2055 881 2176 904 condem-

937 931 1024 957 natus,
1041 927 1119 951 etiam
1134 935 1182 958 per
1196 926 1402 950 Universitatem
1416 927 1491 950 Paris
1495 942 2173 952 ...........................
2218 924 2265 947 616

906 985 1059 1017 Capitulum
1074 985 1196 1016 generale
1208 985 1271 1009 Ord.
1289 984 1457 1008 Cisterciens.
1482 985 1625 1008 abbatibus
1636 984 1760 1016 plurimis
1774 984 1914 1016 praecipit,
1932 987 1961 1007 ut
1972 984 2106 1007 scholares
2122 983 2176 1006 ido-

937 1038 999 1053 neos
1015 1030 1122 1053 mittant
1140 1029 1256 1053 Parisios
1259 1045 2174 1054 ....................................
2219 1027 2267 1050 617.

906 1097 920 1109 «
938 1088 1071 1111 Statutum
1085 1087 1147 1119 [sac.
1163 1086 1257 1119 theol.]
1274 1087 1344 1119 quod
1360 1087 1449 1110 nullus
1463 1087 1582 1110 decetero
1600 1095 1648 1118 per
1668 1087 1827 1118 rescriptum
1845 1090 1891 1110 aut
1908 1086 1974 1109 alias
1991 1086 2023 1109 ad
2047 1086 2175 1109 lecturam

937 1132 963 1155 in
979 1132 1162 1155 vacationibus
1180 1131 1334 1155 admittetur
1347 1132 1553 1161 Sententiarum,
1571 1140 1602 1155 ac
1626 1131 1704 1155 etiam
1720 1132 1789 1163 quod
1813 1131 1865 1155 nisi
1889 1131 1983 1154 unicus
2007 1131 2038 1154 de
2062 1130 2175 1162 singulis

937 1176 1082 1200 Ordinibus
1098 1176 1278 1201 indifferenter
1298 1180 1416 1208 tempore
1433 1177 1567 1200 ordinario
1583 1176 1747 1206 admittetur,
1766 1180 1854 1208 preter
1876 1178 1970 1199 fratres
1995 1175 2175 1199 Predicatores
2264 1207 2267 1209 -

937 1221 982 1253 qui
997 1222 1126 1245 duntaxat
1143 1221 1279 1245 habebunt
1296 1221 1362 1244 duos
1366 1231 2174 1246 ................................
2219 1219 2269 1252 617,

907 1279 1017 1303 Carolus
1033 1280 1079 1302 vn
1094 1279 1233 1302 confirmat
1245 1279 1388 1311 privilegia
1404 1279 1542 1310 magistris
1562 1282 1587 1302 et
1606 1279 1768 1302 baccalareis
1788 1279 1814 1301 in
1832 1279 1969 1310 chirurgia
1981 1278 2067 1303 Paris.
2082 1278 2145 1301 olim
2160 1286 2175 1301 a

938 1324 1032 1347 Carolo
1045 1324 1066 1346 V
1081 1332 1204 1347 concessu
1209 1340 2123 1348 ....................................
2143 1343 2148 1348 .
2168 1339 2174 1346 .
2219 1326 2266 1349 618

906 1382 1039 1406 Gerardus
1053 1382 1174 1411 Macheti,
1187 1381 1328 1410 exhortans
1343 1382 1489 1405 Johannem
1505 1381 1625 1405 Chuffart
1639 1382 1672 1404 ad
1683 1381 1868 1404 cancellariam
1881 1381 1965 1405 Paris.
1977 1381 2174 1412 resignandam,

937 1426 1061 1458 Egidium
1077 1426 1187 1450 Carlerii
1204 1430 1300 1456 monet,
1318 1429 1346 1449 ut
1360 1435 1426 1449 onus
1440 1426 1614 1450 cancellariae
1630 1426 1760 1457 suscipiat
1778 1442 2174 1450 ................
2219 1428 2269 1460 619,

907 1489 1072 1513 Universitas
1086 1497 1114 1512 se
1127 1489 1249 1520 adjungit
1260 1489 1376 1512 Johanni
1389 1489 1488 1520 Poquet
1498 1488 1609 1512 librario
1615 1491 1707 1512 contra
1717 1489 1843 1512 electores
1854 1488 1880 1511 iu
1894 1496 1974 1511 causa
1985 1487 2175 1511 subsidiorum.
2220 1491 2267 1514 620

906 1551 1040 1575 Gerardus
1055 1551 1166 1575 Macheti
1182 1551 1292 1574 Parisiis
1316 1551 1440 1575 lectiones
1466 1551 1635 1583 magistrales
1655 1550 1813 1582 resumpsit;
1836 1550 1885 1574 fuit
1906 1551 2020 1575 decanus
2044 1549 2176 1573 facultatis

937 1596 1054 1627 theolog.
1070 1595 1196 1627 collegia.
1212 1599 1317 1627 praeter
1332 1596 1475 1624 Navarrae,
1489 1596 1578 1627 jacent
1592 1596 1701 1625 inculta,
1718 1603 1801 1618 vacua
1816 1595 1983 1618 studentibus
1987 1611 2176 1620 ........
2210 1598 2269 1633 Χ62οΔ

907 1659 972 1681 Cum
989 1658 1129 1689 supposita
1147 1658 1334 1682 Universitatis
1351 1658 1437 1681 Paris.
1450 1658 1663 1687 molestarentur,
1680 1657 1846 1681 Universitas
1862 1657 1977 1681 cessavit
1992 1666 2007 1680 a
2019 1657 2177 1680 lectionibus
2258 1675 2268 1691 „'

937 1706 962 1726 et
981 1702 1224 1734 praedicationibus
1236 1718 2176 1726 .....................................
2221 1705 2266 1728 621

908 1765 1031 1788 Facultas
1047 1765 1192 1788 medicinae
1210 1765 1340 1788 deliberat
1362 1765 1484 1788 absentes
1502 1765 1646 1796 magistros
1671 1765 1740 1788 inter
1754 1768 1874 1796 regentes
1898 1772 1949 1787 non
1965 1764 2177 1791 annumerandos
2267 1790 2270 1794 ,

939 1809 1231 1840 esse‚nisi18solidos
1249 1810 1348 1833 decano
1368 1809 1507 1833 solvant..
1527 1828 1533 1833 .
1553 1828 1559 1833 .
1579 1827 1585 1833 .
1605 1828 1611 1833 .
1631 1827 1636 1832 .
1658 1828 1663 1833 .
1683 1828 1689 1833 .
1709 1827 1714 1833 .
1735 1827 1740 1833 .
1760 1827 1765 1833 .
1785 1828 1791 1834 .
1812 1826 1841 1833 ..
1862 1826 1868 1832 .
1888 1826 1894 1832 .
1914 1827 1920 1832 .
1940 1826 1946 1833 .
2042 1825 2151 1832 .....
2171 1826 2176 1832 .
2222 1802 2270 1835 62f

909 1872 1030 1895 Facultas
1060 1872 1235 1902 decretorum,
1257 1875 1362 1904 petente
1388 1875 1503 1907 rector-e,⁴
1526 1872 1632 1907 Petrum
1661 1872 1692 1894 de
1716 1872 1802 1895 Brena
1822 1865 1940 1894 'Johanni
1955 1857 2130 1894 'Pninetchair
2145 1871 2178 1894 ad

939 1924 1028 1947 regem
1043 1916 1131 1947 legato
1147 1916 1269 1947 adjungit
1272 1932 2177 1941 ....................................
2222 1918 2268 1942 622

909 1980 1002 2002 Rector
1017 1981 1042 2002 et
1056 1978 1222 2002 Universitus
1241 1978 1400 2010 promittunt
1420 1979 1523 2002 duobus
1540 1978 1779 2002 ambassiatoribus
1801 1978 1834 2000 ad
1854 1966 1943 2010 regem
1966 1977 2055 2002 missis
2076 1978 2179 2000 solvere

940 2024 969 2046 24
985 2024 1034 2046 sol.
1051 2023 1087 2047 De
1103 2023 1233 2046 occisione
1250 2023 1339 2046 fratris
1355 2023 1463 2047 Eremit.
1480 2024 1507 2047 S.
1521 2024 1578 2054 Aug
1581 2039 2178 2047 ........................
2223 2022 2272 2048 622

910 2085 1044 2116 Eugenius
1061 2086 1093 2108 lv
1108 2086 1216 2108 mandat
1235 2085 1352 2109 Gerardo
1385 2085 1506 2115 Macheti,
1523 2085 1648 2117 episcopo
1669 2085 1812 2113 Castrens.‚
1840 2088 1866 2108 et
1889 2085 1965 2108 Petro
1987 2085 2019 2109 de
2042 2084 2178 2113 Versaliis,

940 2130 1022 2161 episc.
1039 2130 1174 2158 Meldens„
1192 2133 1221 2153 ut
1233 2130 1369 2161 inquirant
1383 2130 1415 2153 de
1431 2133 1502 2153 statu
1517 2129 1690 2153 cancellariae
1705 2129 1779 2153 Paris
1783 2146 1893 2152 .....
1908 2142 1911 2145 v
1916 2146 2178 2154 ...........
2224 2131 2270 2156 623

910 2192 1047 2216 Licentiati
1069 2192 1095 2215 in
1121 2192 1245 2216 facultate
1260 2192 1408 2224 theologiae
1412 2208 2179 2217 ...............................
2214 2194 2271 2228 Ὶι624

911 2255 1044 2278 Gerardus
1058 2255 1171 2278 Macheti
1190 2255 1305 2278 Johanni
1316 2255 1445 2285 Chuffart,
1461 2255 1619 2278 cancellario
1636 2254 1732 2284 Paris„
1753 2254 1846 2278 scribit
1860 2254 1892 2278 de
1911 2254 2091 2278 controversia
2111 2257 2181 2278 mota

944 2299 1012 2322 inter
1028 2300 1234 2323 Universitatem
1247 2303 1272 2323 et
1287 2299 1465 2323 Mendicantes
1477 2315 1895 2323 .................
1911 2317 1919 2334 ,¹
1940 2316 1946 2322 .
1966 2316 1972 2322 .
1992 2316 2012 2323 .,
2018 2315 2180 2323 .......
2221 2301 2273 2336 624

911 2362 1045 2388 Gerardus
1060 2362 1172 2385 Macheti
1186 2361 1279 2385 scribit
1294 2362 1389 2385 rectori
1403 2362 1590 2385 Universitatis
1605 2361 1690 2386 Paris.
1709 2362 1742 2384 de
1759 2362 1874 2385 adventu
1889 2361 2127 2393 ambassiatorum.
2148 2379 2154 2385 .
2173 2379 2180 2386 .
2225 2363 2272 2387 625

912 2423 1048 2447 Licentiati
1063 2424 1090 2447 in
1104 2424 1229 2447 facultate
1242 2424 1388 2447 medicinae
1396 2441 1871 2448 ...................
1889 2440 1892 2441 ⁷
1892 2440 2000 2449 .....
2012 2434 2014 2440 ⁸
2019 2440 2181 2448 .......
2216 2423 2275 2448 628

913 2486 988 2509 Bulla
1004 2486 1115 2518 Eugenii
1129 2487 1162 2510 IV
1174 2487 1200 2509 in
1219 2487 1336 2510 savorem
1352 2487 1557 2510 Mendicantium
1573 2490 1700 2518 quantum
1723 2487 1757 2509 ad
1772 2486 1889 2517 legentes
1904 2490 1930 2510 et
1944 2486 2128 2516 licentiandos.
2148 2503 2154 2509 .
2174 2503 2180 2509 .
2217 2486 2275 2510 '625

912 2548 1046 2572 Gerardus
1062 2549 1174 2572 Macheti
1192 2549 1305 2572 Roberto
1323 2549 1442 2578 Ciboule,
1465 2552 1494 2572 ut
1516 2548 1685 2572 Sententiarii
1707 2549 1856 2572 saeculares
1880 2542 2014 2572 facultatis
2033 2548 2182 2579 theologiae

943 2593 1153 2624 multiplicentur
1165 2610 1353 2618 ........
1359 2606 1360 2611 =
1374 2609 2181 2618 .................................
2217 2592 2274 2616 'we

912 2655 1050 2678 Licentiati
1062 2648 1091 2678 in
1107 2656 1231 2679 facultate
1247 2656 1423 2680 decretorum.
1439 2650 1531 2679 Modus
1546 2655 1667 2679 tradendi
1679 2648 1799 2678 rotulum
1814 2655 1971 2679 cancellario
1986 2655 2060 2679 Paris
2070 2671 2182 2680 .....
2226 2655 2272 2679 627

913 2717 1034 2740 Facultas
1050 2718 1215 2741 decretorum
1229 2718 1371 2749 magistros
1387 2722 1476 2741 monet
1493 2722 1521 2741 ut
1536 2719 1567 2741 de
1587 2718 1802 2741 baccalareandis
1819 2721 1890 2741 certa
1908 2717 2058 2741 testimonia
2083 2710 2181 2746 seran&
2216 2710 2220 2717 ¹

943 2762 1076 2785 candidati
1086 2771 1123 2785 ‘xv
1137 2763 1244 2786 cedulas
1256 2766 1401 2786 monstrent
1405 2779 1694 2787 ............
1701 2777 1703 2780 ‹
1714 2780 1926 2787 .........
1926 2774 1928 2776 -
1946 2780 1952 2786 .
1972 2779 1979 2786 .
1998 2779 2015 2790 .Ὶ
2024 2779 2181 2786 .......
2217 2762 2276 2785 (628

913 2817 1065 2854 Capitulum
1089 2818 1352 2855 generale'Cisterc.
1379 2819 1487 2848 ordinat·
1513 2825 1544 2848 de
1564 2821 1669 2848 'lectura
1694 2825 1784 2849 fratris
1810 2825 1949 2856 Arnulphi‚
1973 2810 2127 2855 mdnasterii
2151 2824 2183 2847 de

944 2868 1068 2898 Ellantiu,
1083 2873 1161 2900 atque
1180 2870 1208 2892 21
1225 2870 1367 2893 abbatibus
1390 2869 1513 2901 injungit,
1530 2873 1559 2893 ut
1574 2870 1709 2894 scholares
1725 2870 1841 2894 Parisios
1861 2870 1967 2893 mittant
1968 2885 2077 2894 .....
2092 2880 2103 2893 ι
2116 2879 2130 2893 ·.
2148 2887 2157 2894 .
2174 2885 2181 2893 .
2217 2866 2277 2892 628
