2502 3418
409 321 473 353 480
989 333 1306 355 CHARTULARIUM
1341 334 1529 356 UNtvens.
1567 334 1694 356 rmus.
2173 324 2273 361 [1429

410 407 476 437 Aug.
493 407 531 433 26,
548 406 689 438 episcopus
703 407 823 430 Cabilon.
837 407 936 437 (Oblig.
949 412 978 430 n⁰
992 409 1029 436 66,
1047 408 1092 431 sol.
1108 409 1156 437 28).
1171 422 1202 426 —
1217 407 1241 432 3.
1258 408 1384 440 Magister
1399 409 1486 432 Martii
1503 409 1531 432 17
1549 411 1607 438 (ms.
1622 410 1691 440 5494,
1710 410 1726 434 1,
1744 411 1787 439 (κ).
1803 423 1833 427 —-
1848 409 1873 434 h.
1892 410 2019 441 Magister
2030 410 2102 434 Junii
2117 412 2140 440 6,
2156 419 2198 434 an.
2213 411 2273 434 1429

409 453 468 479 (ms.
488 452 557 481 5494,
576 460 602 482 p.
617 452 666 480 90).
684 452 711 474 In
728 452 804 475 Arch.
826 455 889 478 nat..
907 453 952 475 ΧΗ·
968 453 1036 481 1481,
1055 453 1099 476 fol.
1115 455 1144 475 50
1158 453 1199 482 (ad
1216 461 1258 476 an.
1271 453 1340 483 1431)
1356 456 1464 476 vocatur
1480 464 1492 475 «
1505 453 1587 476 Bovin
1605 462 1626 477 ».
1640 454 1705 480 —5.
1721 455 1813 477 Petrus
1829 463 1840 477 α
1857 455 1968 478 Hersord
1980 463 1992 477 »
2004 455 2131 486 magister
2146 464 2188 479 an.
2202 456 2273 485 1429,

407 496 490 526 April.
506 496 534 518 19
551 497 609 525 (ms.
624 497 692 523 5494,
709 505 736 528 p.
753 498 801 526 80).
815 510 846 514 —
865 497 888 522 6.
906 497 1032 528 Magister
1046 498 1106 520 Jun.
1126 498 1156 520 20
1172 500 1206 528 (p.
1221 499 1270 527 90).
1295 511 1321 515 -
1343 497 1367 523 7.
1383 498 1512 521 Ultimum
1532 498 1574 521 hic
1596 499 1755 524 nominatur.
1772 499 1835 522 Maii
1851 499 1878 522 21
1895 508 1943 530 pro
1959 499 2047 523 anima
2063 499 2119 531 ejus
2135 500 2273 524 servitium

408 541 568 564 celebratum
584 544 623 564 est
639 542 697 570 (ms.
712 542 782 571 5494,
798 550 824 573 p.
838 543 887 571 89).

411 668 554 706 2319.
578 678 706 704 Litterae
722 678 931 704 testimoniales
945 678 980 704 de
995 677 1185 705 scholar-itale
1202 678 1243 705 vel
1258 678 1292 705 de
1308 679 1448 713 regentia.

1555 750 1627 778 7429.
1643 751 1700 776 dan.
1717 750 1820 777 4-rebr.
1837 752 1856 780 1,
1873 751 1987 777 Parisii&

498 839 595 864 Petrus
609 838 745 867 Maur-lcii,
762 848 775 861 «
788 839 877 863 rector·
893 837 1083 863 Universilatis
1099 837 1292 871 magistrorum
1305 839 1330 864 et
1345 839 1491 865 scolarium
1506 839 1630 865 Pari-sius
1645 840 1845 869 studentium»,
1857 840 1990 867 universis
2003 841 2120 870 nuntiat,
2132 843 2273 876 sequentes

408 896 466 914 esse
481 895 558 913 veros
573 889 655 921 atque
669 887 808 913 continuos
823 886 960 912 scholares
973 886 1088 912 Parisiis
1102 887 1239 912 studentes
1251 894 1260 912 .-

496 964 569 997 Mag.
585 964 686 989 Petrus
698 963 733 989 de
745 962 961 992 Ordeimontc‘.
980 963 1011 988 in
1028 963 1083 996 leg.
1101 963 1159 991 lic„
1176 964 1278 988 cantor
1290 960 1462 990 cathedralis
1476 965 1543 990 eccl.
1561 965 1724 995 Constant„
1740 973 1804 992 can.
1821 966 1909 992 Paris.
1928 967 1957 993 et
1976 967 2122 1000 Bajocens.
2141 966 2272 994 ecclesia-

409 1021 488 1042 rum,
502 1013 607 1039 decret.
622 1013 719 1038 studet
734 1012 788 1038 sub
803 1012 961 1038 Guillclmo
976 1012 1011 1038 (16
1024 1012 1129 1045 Conty‚
1143 1012 1247 1038 abbate
1258 1013 1288 1038 B.
1306 1013 1381 1039 Petri
1396 1013 1432 1039 de
1448 1014 1613 1047 Latigniaco
1629 1014 1674 1048 (11ο
1687 1014 1732 1049 49,
1746 1015 1864 1041 Januar.
1880 1015 1916 1050 A).

496 1063 582 1088 Dom.
599 1061 765 1088 Johannes2
779 1061 866 1087 abbas
881 1062 911 1087 B.
929 1061 1033 1088 Mariae
1047 1061 1083 1087 de
1098 1061 1268 1095 Barbereyo,
1285 1062 1319 1088 O.
1336 1062 1418 1092 Cist.,
1434 1062 1580 1097 Bajocens.
1598 1063 1701 1094 dioec„
1718 1064 1807 1090 theol.
1827 1064 1881 1090 sub
1900 1072 1977 1098 mag.
1995 1065 2104 1091 Erardo
2116 1066 2275 1100 Emengart

408 1112 452 1145 (n0
466 1111 509 1141 [ιδ.
526 1111 645 1137 Januar.
663 1112 716 1145 20).

495 1160 569 1193 Mag,
585 1159 716 1186 Nicotaus
731 1158 820 1193 Davy,
837 1159 868 1186 in
882 1161 936 1186 art.
954 1168 1044 1193 mag„
1061 1159 1159 1187 licent.
1179 1161 1209 1187 in
1224 1161 1352 1195 utroque
1363 1161 1440 1195 jure.
1456 1161 1677 1188 archidiaconus
1691 1162 1727 1189 de
1742 1162 1935 1189 Constantino
1949 1163 1980 1189 in
1995 1163 2092 1190 eccles.
2109 1164 2274 1194 Constant„

407 1211 483 1236 decr.
501 1209 555 1236 sub
570 1217 647 1242 mag.
663 1209 797 1235 Johannc
811 1209 925 1236 Joliveti
938 1208 984 1244 (n0
1001 1210 1045 1239 48,
1062 1210 1143 1236 Febr.
1164 1211 1200 1245 1),
2281 1205 2283 1207 ¹

500 1298 569 1321 Bibl.
585 1301 639 1321 nat.
654 1297 748 1327 Paris.‚
762 1306 811 1321 ms.
825 1299 857 1321 sr.
871 1297 944 1321 20591
964 1297 1149 1329 (Gaigni‘eres).
1165 1312 1191 1316 —
1208 1298 1270 1322 Tria
1283 1298 1389 1322 diversa
1406 1299 1548 1330 originalia
1568 1307 1698 1331 pergam„
1719 1300 1817 1332 ubique
1838 1300 1864 1323 in
1882 1301 1974 1324 eadem
1990 1302 2083 1331 forma,
2102 1301 2273 1333 incipientia:

407 1353 420 1364 «
432 1342 569 1366 Universis
580 1343 746 1367 ...Petrus
760 1343 795 1366 Ut
810 1342 847 1366 ait
858 1343 965 1370 Seneca,
976 1351 1026 1365 non
1038 1343 1152 1366 amicitie
1165 1351 1186 1371 ι),
1203 1343 1269 1366 utin
1281 1343 1415 1367 similibus
1427 1343 1610 1367 instrumentis
1623 1344 1679 1376 jam
1694 1345 1769 1376 prius
1784 1346 1883 1369 factum
1898 1349 1937 1369 est
1951 1346 2015 1377 (vid.
2028 1350 2057 1369 n⁰
2070 1346 2140 1374 1952,
2156 1349 2181 1370 et
2196 1347 2274 1377 BUL„

408 1389 436 1416 Vy
456 1389 521 1417 888).
537 1387 680 1415 Quodlibet
694 1387 875 1410 testimonium
892 1387 982 1410 datum
997 1390 1037 1411 est
1052 1387 1102 1411 sub
1117 1387 1207 1419 sigillo
1220 1388 1348 1411 rectoriae
1363 1388 1561 1412 Universitatis.
1578 1389 1681 1421 Ubique
1696 1393 1783 1413 tamen
1800 1390 1919 1422 sigillum
1934 1399 2003 1414 nunc
2018 1391 2100 1414 deest.
2116 1391 2181 1415 Cum
2196 1391 2274 1423 plura

406 1432 547 1463 privilegia
560 1432 747 1455 Universitatis
762 1432 926 1455 solummodo
939 1440 987 1463 pro
998 1435 1058 1455 actu
1072 1433 1238 1456 studentibus
1254 1436 1280 1456 et
1292 1433 1448 1456 docentibus
1464 1434 1575 1457 Parisiis
1590 1434 1651 1457 data
1664 1438 1760 1463 essent,
1778 1435 1826 1458 hac
1841 1435 1944 1459 litterae
1959 1435 2149 1459 testimoniales
2165 1436 2273 1460 rectoris

407 1477 529 1508 pluribus
550 1477 634 1500 modis
650 1478 816 1508 prosuerunt,
833 1479 858 1500 et
879 1477 964 1505 multi,
982 1476 1037 1508 jam
1052 1477 1180 1509 provecti,
1198 1477 1266 1501 sicut
1285 1477 1409 1501 Nicolaus
1423 1478 1454 1502 de
1470 1478 1630 1510 Clamongiis
1651 1479 1758 1511 aliique,
1774 1483 1835 1503 tunc
1851 1483 1880 1503 ut
1896 1479 2030 1504 scholares
2050 1479 2271 1508 inscribebantur.

409 1524 436 1545 ut
451 1522 512 1545 data
534 1522 671 1545 occasione
691 1521 850 1553 privilegiis,
870 1521 1003 1553 imprimis
1025 1522 1189 1554 exemptione
1209 1522 1242 1545 ab
1262 1522 1478 1554 impositionibus
1495 1526 1521 1547 et
1536 1532 1551 1547 a
1570 1527 1649 1555 gueto
1669 1527 1694 1547 et
1713 1524 1834 1548 custodia
1854 1527 2000 1556 portarum,
2024 1526 2182 1550 fruerentur.
2202 1525 2274 1549 Idem

407 1567 546 1590 dicendum
559 1567 590 1590 de
603 1566 713 1590 caeteris
729 1566 799 1589 infra
809 1566 916 1590 edendis
929 1566 1092 1590 documentis
1108 1566 1187 1599 hujus
1203 1567 1319 1598 generis.

502 1651 526 1676 1.
543 1652 615 1675 Anno
630 1652 731 1682 eodem⁷
746 1651 824 1683 Aug.⁵
837 1651 885 1675 suit
900 1651 1078 1675 incarceratus
1095 1660 1125 1675 ex
1139 1655 1215 1683 parte
1230 1653 1384 1684 Anglm-um.
1400 1653 1457 1678 Vid.
1473 1653 1556 1677 Me'm.
1570 1655 1602 1678 de
1615 1654 1644 1678 la
1660 1654 1719 1678 Soc.
1733 1656 1766 1678 de
1780 1654 1912 1679 l'histoire
1923 1656 1956 1678 de
1971 1654 2065 1685 Paris,
2082 1655 2123 1683 IX,
2135 1663 2162 1686 p.
2180 1655 2232 1679 176.
2245 1668 2274 1674 —

409 1696 432 1721 2.
445 1696 578 1720 Johunnes
595 1697 719 1728 Pymeule
735 1696 799 1726 (vid.
814 1697 886 1721 Gall.
897 1697 1005 1727 christ„
1022 1697 1063 1725 XI,
1080 1705 1107 1728 p.
1123 1698 1188 1726 454).

409 1864 552 1902 2320.
575 1874 699 1900 Jacobus
717 1873 807 1907 Galet,
826 1878 955 1910 receptor
969 1874 1096 1900 nationis
1112 1874 1240 1909 picard„
1259 1874 1341 1900 solvil
1362 1874 1481 1909 triginta
1497 1878 1524 1901 et
1539 1875 1664 1911 quinque
1676 1874 1729 1901 sol.
1747 1875 1938 1911 pictanliario
1956 1877 1983 1901 S.
2004 1877 2161 1910 Genovefae
2176 1876 2272 1903 Paris.

493 1932 546 1959 pro
563 1923 687 1959 quodam
702 1923 793 1958 fundo
810 1927 915 1950 terrae.

1628 1961 1703 1990 7429.
1716 1961 1805 1987 nat-tii
1815 1962 1858 1991 22,
1874 1962 1987 1988 ‘’arleff-5.

498 2048 617 2080 Receu
635 2059 698 2092 par
715 2059 808 2093 moy,
825 2048 920 2081 frere
936 2049 1024 2081 Jean
1042 2048 1232 2090 Fournier,
1252 2048 1428 2093 pitancier
1444 2055 1479 2082 et
1494 2049 1670 2082 euisinier
1686 2050 1730 2082 de
1747 2049 1889 2094 l'eglise
1907 2050 2049 2083 Saincte
2066 2050 2273 2084 Genevieve

409 2126 454 2147 ou
476 2121 576 2147 mont
596 2115 640 2147 de
662 2115 774 2156 Paris⁷
798 2115 862 2147 des
884 2115 1051 2148 maistres
1073 2122 1107 2149 et
1127 2116 1318 2149 escolliers
1339 2116 1383 2149 de
1405 2116 1436 2149 la
1458 2116 1581 2149 nation
1602 2116 1646 2149 de
1668 2117 1843 2158 Picardie,
1867 2128 1929 2162 par
1949 2117 1981 2150 la
1998 2118 2093 2150 main
2109 2117 2154 2151 de
2169 2129 2274 2152 vene-

410 2181 507 2214 rable
529 2188 564 2214 et
584 2182 740 2215 discrete
762 2194 945 2227 personne
968 2183 1114 2216 maistre
1134 2184 1270 2228 Jaques
1292 2183 1410 2225 Galet,
1434 2195 1609 2217 receveur
1630 2184 1674 2216 de
1697 2183 1828 2217 ladicte
1850 2184 1993 2224 nacion,
2016 2184 2048 2217 13
2070 2195 2208 2224 somme
2229 2185 2274 2218 de

410 2255 523 2281 trante
545 2249 628 2294 cinq
650 2249 751 2282 soulz
772 2250 882 2294 paris.
906 2249 1009 2282 deulz
1031 2252 1048 2283 ξι
1067 2250 1198 2283 ladicte
1221 2250 1337 2296 eglise
1364 2262 1456 2295 pour
1480 2250 1534 2283 les
1561 2257 1694 2284 termes
1720 2251 1764 2284 de
1790 2252 1951 2296 Pasques
1977 2258 2011 2284 et
2037 2251 2137 2285 Saint
2163 2253 2275 2298 Remy

410 2317 691 2357 IllchXVlll¹7
717 2319 734 2349 ἰι
759 2328 867 2349 cause
889 2317 936 2349 du
957 2317 1039 2350 fons
1061 2318 1106 2350 de
1132 2324 1227 2350 terre
1249 2324 1321 2350 tant
1348 2317 1392 2350 de
1418 2317 1498 2351 leur
1523 2318 1662 2351 maison
1683 2318 1798 2351 355156
1820 2330 1865 2351 611
1886 2318 1918 2351 13
1940 2331 2004 2351 rue
2026 2319 2070 2351 de
2096 2318 2271 2361 Galande,

410 2395 547 2415 comme
569 2383 613 2416 de
634 2383 732 2416 leurs
750 2384 906 2417 escolles
922 2384 1059 2418 assises
1077 2397 1121 2417 en
1138 2385 1170 2418 la
1188 2397 1251 2418 rue
1268 2385 1316 2418 du
1335 2386 1482 2427 Fenrre,
1500 2385 1596 2418 l'une
1613 2385 1824 2430 desquelles
1841 2385 1888 2418 o'n
1905 2386 1957 2419 dit
1972 2386 2003 2419 le
2018 2386 2135 2420 clzeval
2148 2397 2270 2432 rouge.

410 2451 460 2482 De
482 2450 638 2495 laquelle
664 2462 800 2483 somme
826 2451 870 2483 de
895 2463 986 2485 xxxv
1011 2463 1040 2484 5.
1068 2464 1142 2497 par.
1167 2453 1205 2497 je
1231 2464 1287 2485 1116
1316 2452 1389 2485 tien
1416 2464 1508 2497 pour
1533 2459 1681 2485 content
1708 2459 1743 2485 et
1767 2452 1852 2485 bien
1878 2457 1978 2498 paye‚
2007 2459 2041 2485 et
2068 2453 2112 2485 de
2138 2459 2216 2486 tout
2238 2453 2271 2486 le

410 2523 525 2561 temps
546 2520 664 2561 passe.
687 2518 886 2563 Teslnoing
907 2530 990 2551 mon
1012 2519 1118 2564 saing
1138 2519 1282 2551 manuel
1303 2531 1345 2564 cy
1365 2518 1433 2551 inis
1450 2518 1483 2551 le
1504 2519 1688 2564 xxijejour
1704 2519 1748 2552 de
1765 2521 1861 2552 Mars
1878 2519 1939 2552 mil
1953 2519 2212 2554 11110XXV111.
2228 2540 2273 2545 —

409 2585 439 2615 J.
464 2585 656 2616 Fonmvmn.

502 2681 617 2706 Minuta
632 2682 747 2706 chartac.
762 2683 786 2705 in
802 2683 879 2708 Arch.
902 2688 954 2708 nat.
970 2684 1064 2715 Paris.,
1083 2685 1106 2708 M
1119 2686 1156 2713 70,
1171 2689 1199 2708 n⁰
1210 2686 1249 2708 39.

502 2765 526 2790 1.
542 2767 590 2790 An.
604 2767 663 2790 1428
677 2768 767 2798 (1429).
