2502 3418
451 336 515 368 500
1020 345 1337 367 CHARTULARIUM
1372 345 1562 367 umvnns.
1603 345 1732 367 rmus.
2212 330 2311 367 [1430

452 472 547 508 235
557 472 577 508 1
588 500 596 508 .
621 481 756 515 Magistri
768 485 897 515 regentes
911 481 937 506 ιἰι
951 481 1094 515 facultate
1110 480 1194 506 theol.
1212 480 1346 506 Parisiis.

1673 523 1749 552 7430,
1763 521 1898 554 septemb..
1913 521 2026 547 Parisiis.

540 612 691 645 Nomina
712 612 968 657 magistrorum
988 611 1193 657 regentium
1211 611 1249 644 in
1266 623 1392 645 mense
1410 610 1614 656 Septembri
1632 623 1697 656 pro
1714 622 1807 643 anno
1825 610 1941 642 XXX⁰
1960 621 1966 641 :

540 712 647 741 Primo,
664 712 804 738 dominus
818 712 944 738 decanus
959 711 1102 738 facultatis
1117 719 1195 744 mag.
1215 710 1316 737 Petrus
1332 711 1367 737 de
1484 711 1558 743 Mag.
1575 710 1715 736 Girardus
1729 709 1765 735 de
1778 709 1889 735 Salinis.

451 761 571 794 Diercyo
599 759 656 795 [etc.
680 762 707 787 ut
726 769 770 786 an.
800 760 876 789 1h25.
899 768 983 794 usque
1002 760 1037 786 ad
1056 760 1119 785 Joh.
1143 760 1305 787 Gaucherii,
1321 768 1367 785 ew·
1503 773 1536 777 —
1573 758 1715 790 Georgius
1730 758 1766 784 de
1780 757 2011 791 Vallespeciosass.

450 810 533 842 ceptis
562 809 675 835 Andron
700 809 796 835 Gareti
820 810 845 835 et
875 809 986 835 Judoco
1008 809 1043 834 dc
1069 808 1153 834 Lissa.
1182 808 1233 834 Ilic
1258 809 1368 834 additur
1574 807 1742 832 Gauffridus
1755 807 1903 832 Coclearis.

451 858 577 884 Thomas
592 857 680 892 llobc]
691 857 710 883 ¹.
1574 856 1693 882 Michael
1710 855 1842 888 Anglicy.

538 907 610 939 Mag.
628 906 776 932 Johannos
791 905 967 931 Gravestain.
1573 904 1721 930 Johannes
1733 902 1869 930 Wiffleffl.

556 969 591 973 —
627 954 757 979 Nicolaus
771 953 885 979 Tibout.
1576 953 1677 978 Petrus
1692 952 1812 978 Beuvin.

555 1017 591 1022 -
626 1003 773 1028 Johannes
787 1001 917 1035 Triparii.
1576 1001 1724 1027 Johannes
1738 1001 1774 1027 de
1789 1001 1949 1034 Quesneyo.

556 1066 590 1070 —
627 1051 774 1077 Johannes
788 1050 982 1084 Sarracegni2‚
2223 1048 2277 1084 [31]

1502 821 1539 1020 ΙΙΙΙΙ

543 1139 611 1162 Bibl.
628 1141 682 1162 nnt.
698 1138 794 1168 Paris„
808 1146 858 1161 ms.
874 1138 920 1161 lut.
937 1138 1006 1166 5494,
1020 1146 1046 1168 p.
1062 1137 1107 1160 103
1123 1145 1162 1168 sq.

542 1223 565 1248 1.
582 1224 714 1247 Johnnnes
728 1222 848 1246 Snunerii
863 1222 985 1245 ultimum
1006 1222 1168 1250 nominatum
1181 1222 1314 1253 Septemb.
1329 1223 1357 1245 22
1378 1222 1457 1253 hujus
1473 1222 1533 1245 anni
1550 1222 1575 1245 in
1595 1223 1620 1246 S.
1635 1222 1767 1246 Genovefa
1783 1222 1902 1253 sepultus
1918 1225 1958 1245 est
1977 1224 2012 1253 (p.
2033 1223 2081 1251 97).
2097 1234 2127 1239 —
2147 1221 2171 1246 2.
2188 1221 2316 1245 Ultimum

451 1269 601 1292 nominatur
616 1268 661 1291 ille
677 1268 805 1299 magister
820 1267 883 1291 Ord.
896 1268 987 1290 Praed.
1002 1267 1052 1290 Pro
1065 1275 1126 1298 rege
1142 1267 1235 1290 carolo
1252 1267 1397 1295 decertans,
1416 1267 1531 1290 Parisios
1548 1267 1656 1299 reliquit
1675 1270 1699 1290 ct
1717 1267 1823 1290 carnoti
1839 1266 1908 1290 inter
1924 1266 1985 1289 illos
2001 1274 2100 1298 paucos
2117 1266 2315 1295 numerabatur,

451 1314 494 1345 qui
508 1322 550 1337 un.
565 1314 624 1336 1432
635 1313 692 1336 ausi
706 1316 769 1335 sunt
781 1321 829 1343 pro
841 1320 920 1335 causa
934 1311 1045 1342 legitimi
1057 1312 1127 1343 regis
1140 1311 1356 1344 insistere‚im1no
1367 1315 1439 1335 actor
1453 1312 1609 1343 principalis
1625 1312 1674 1335 fuit
1687 1312 1809 1335 reductae
1822 1311 1896 1334 urbis
1908 1311 2077 1334 Carnotensis
2093 1311 2126 1334 ad
2139 1310 2315 1334 obedientiam

451 1358 538 1383 Caroli
554 1359 599 1381 vn
618 1357 701 1389 April.
718 1358 746 1380 12
760 1357 801 1380 vel
817 1358 855 1380 20.
872 1357 928 1380 Vid.
948 1357 1051 1381 Chron.
1066 1357 1099 1380 de
1114 1356 1283 1385 Monstrelet,
1297 1357 1326 1385 V,
1340 1365 1366 1388 p.
1381 1357 1424 1385 22;
1441 1357 1579 1385 Lam-ms,
1594 1357 1667 1381 Hist.
1683 1357 1715 1380 de
1732 1357 1872 1384 maures,
1888 1359 1906 1379 t.
1924 1356 1957 1385 11,
1971 1364 1997 1387 p.
2012 1356 2039 1378 81
2056 1364 2096 1387 sq.
2107 1355 2172 1380 -3-
2188 1355 2315 1379 Ultimum

451 1404 518 1426 inter
531 1406 651 1434 regentes
668 1402 827 1425 nominatur.
842 1402 888 1425 An.
906 1402 974 1430 1431,
991 1401 1085 1432 April„
1099 1401 1154 1432 jam
1167 1401 1193 1424 in
1211 1401 1380 1425 Germaniam
1391 1409 1514 1424 reversus
1528 1404 1597 1429 ernt3
1610 1401 1707 1424 electus
1721 1401 1747 1424 in
1762 1400 1953 1432 provincialem
1966 1401 2053 1423 Erem.
2069 1400 2096 1423 S.
2111 1400 2178 1431 Aug.
2189 1400 2317 1424 Bavariae

452 1457 494 1471 an.
511 1448 570 1471 1432
588 1447 614 1470 in
632 1447 730 1471 Concil.
747 1446 829 1470 Busil.
846 1446 894 1469 fuit
910 1446 1038 1476 (HALLER,
1056 1446 1160 1470 Concil.
1177 1446 1276 1476 Basil.‚
1288 1449 1306 1469 t.
1331 1446 1363 1474 11,
1388 1454 1415 1477 p.
1434 1447 1455 1474 7,
1474 1446 1498 1475 13
1518 1447 1556 1470 67.
1577 1446 1620 1474 31;
1650 1455 1676 1477 p.
1701 1447 1757 1474 605,
1778 1445 1804 1468 in
1826 1445 1933 1475 Indice).
1947 1458 1976 1462 —
1988 1444 2014 1469 4.
2033 1446 2080 1468 An.
2097 1445 2166 1474 1432,
2182 1444 2268 1468 Martii
2285 1446 2308 1473 6,

452 1493 570 1516 anileue
583 1501 631 1524 pro
647 1500 694 1515 suo
710 1492 806 1515 abbate
818 1491 928 1514 concilio
943 1491 1127 1522 incorporatus
1143 1493 1183 1514 est
1198 1491 1325 1520 (ΗΛιικιι,
1341 1490 1359 1514 l.
1376 1498 1409 1521 c.,
1424 1499 1451 1522 p.
1467 1491 1515 1519 49).

450 1629 594 1666 2352.
618 1638 754 1672 Magistri
769 1641 899 1672 regentes
914 1636 1068 1671 facultatis
1083 1636 1243 1662 medicinae
1259 1645 1307 1662 an.
1325 1637 1491 1663 1430-1431.

1574 1706 1650 1735 1430,
1666 1705 1778 1732 Moremb.
1794 1706 1903 1735 Ineunte.
1917 1705 2030 1731 Parisii&

539 1743 691 1776 Nomina
714 1742 919 1787 regentium
941 1753 947 1774 :

541 1835 689 1860 Johannes
704 1833 826 1859 Belardi.
1489 1832 1590 1858 Petrus
1605 1831 1640 1857 de
1655 1831 1803 1858 Chaciaco.

543 1883 666 1910 Jacobus
683 1880 852 1916 Saquespde.
1490 1880 1609 1913 Egidius
1624 1879 1762 1905 Caniveti.

542 1932 682 1959 Henricus
695 1931 820 1965 Doigny.
1490 1929 1638 1955 Rolandus
1652 1928 1811 1962 Scriptoris.

544 1983 645 2008 Petrus
658 1980 855 2007 Cardonnelli.
1488 1978 1663 2004 Guillelmus
1677 1977 1713 2003 de
1728 1976 1908 2010 Apostolatu.

542 2030 682 2056 Hem-icus
697 2029 836 2055 Thibout.
1490 2025 1703 2058 lnghelrandus
1718 2024 1753 2050 de
1769 2024 1893 2050 Parenti.

539 2079 686 2105 Johannes
701 2077 910 2111 Lengrenoys'.
1491 2074 1600 2107 Symon
1615 2073 1651 2099 de
1664 2073 1750 2098 Mara.

541 2127 682 2154 Robertus
698 2126 859 2153 Poithevin.
1491 2122 1666 2149 Guillelmus
1680 2122 1716 2148 de
1731 2122 1827 2155 Algea.

542 2177 705 2203 Bernardus
718 2176 850 2210 Nyvardi.
2227 2167 2280 2203 [15]

545 2249 690 2272 Comment.
705 2249 754 2271 sac.
772 2247 849 2276 med„
867 2247 885 2276 l,
902 2255 929 2278 p.
946 2247 999 2271 307.
1014 2260 1043 2263 -
1057 2246 1109 2268 Hoc
1123 2253 1190 2268 anno
1206 2245 1319 2267 decanus
1337 2245 1385 2267 sac.
1399 2243 1497 2266 electus
1510 2243 1551 2265 est
1564 2241 1691 2265 Hem-icus
1705 2241 1828 2264 Thibout.

546 2296 617 2317 Anno
634 2293 703 2322 1431,
722 2292 800 2315 iidem
816 2291 921 2315 omnino
938 2290 1061 2322 magistri
1076 2293 1197 2321 regentes
1211 2288 1359 2320 quindecim
1374 2289 1489 2316 fuerunt,
1507 2287 1673 2317 decanusque
1689 2286 1753 2309 Nov.
1767 2287 1780 2308 3
1791 2286 1888 2309 electus
1903 2286 1994 2308 Petrus
2010 2285 2041 2308 de
2057 2284 2185 2308 Ghaciaco
2199 2283 2237 2315 (p.
2253 2283 2317 2313 315).

547 2377 571 2402 1.
588 2378 636 2400 Ms.
650 2385 655 2400 z
674 2386 685 2399 «
702 2377 889 2408 Lengronnoys
902 2384 924 2405 »,
940 2376 985 2399 sed
999 2378 1068 2398 recte
1082 2374 1157 2402 alins,
1174 2377 1199 2397 et
1216 2373 1273 2405 ipse
1287 2373 1375 2404 signat
1389 2374 1424 2404 (p.
1440 2373 1495 2402 314)
1511 2372 1535 2395 J.
1552 2372 1742 2395 LENGRENOYS.

456 2523 598 2560 2353.
622 2534 757 2558 Doctores
773 2534 901 2566 regentes
918 2531 946 2556 in
961 2529 1104 2565 facultate
1120 2529 1306 2555 decretorum.

1631 2569 1703 2598 7430.
1719 2568 1864 2594 Novembris
1879 2569 1902 2597 9,
1916 2567 2031 2593 Parisiis.

545 2664 668 2693 Primus,
685 2664 771 2689 abbas
787 2663 813 2689 S.
828 2663 920 2690 Mauri
933 2663 969 2689 de
983 2662 1131 2692 Fossatis'.
1492 2661 1564 2693 Mag.
1582 2659 1708 2685 Thomas
1723 2656 1834 2693 F[i]eve'‚

543 2714 616 2746 Mag.
634 2713 760 2742 Livinus,
1505 2723 1539 2727 —
1578 2707 1759 2741 Pasquerffis,

561 2777 596 2781 —
633 2762 809 2791 Anthonins,
1508 2772 1542 2776 —-
1580 2757 1645 2782 Joh.
1659 2756 1783 2782 Joliveti.

564 2826 596 2829 ——
634 2811 771 2840 Ilm-vous,
1507 2821 1541 2824 —
1578 2805 1643 2831 Joh.
1660 2805 1696 2831 de
1711 2805 1802 2830 Renes
1817 2803 1874 2830 suit
1893 2805 2025 2837 receptus
2044 2803 2079 2829 ad
2095 2801 2256 2835 regentiam
2271 2800 2317 2826 die

563 2874 596 2877 ——
634 2859 829 2888 Gucrouldus,
1404 2855 1459 2881 xvi·
1475 2854 1581 2881 mensis
1594 2853 1723 2880 Januarii
1738 2853 1841 2879 eodem
1854 2860 1932 2878 anno
1947 2852 1977 2886 (i.
1992 2859 2016 2878 e.
2031 2859 2079 2878 an.
2099 2850 2185 2879 1431).

562 2921 597 2924 —
634 2906 860 2936 J01].11ub01·ti‚‘
2188 2922 2190 2924 .
2225 2897 2278 2934 [ιο]
