2502 3418
378 322 444 355 346
962 333 1281 355 CHARTULARIUM
1316 332 1508 354 UNIVERS.
1545 332 1675 355 rmus.
2150 320 2251 356 [1418

381 407 576 452 magistros
594 414 747 452 quatuor
762 407 969 440 facultatum
986 413 1168 452 caperent,
1187 412 1310 451 captos
1327 406 1605 447 incarcerarent,
1625 412 1660 439 et
1675 406 1917 439 incarceratos
1934 405 2102 451 pluribus
2119 406 2249 440 diebus

383 473 601 512 detinerent,
626 473 760 506 nullam
790 473 893 506 aliam
927 473 973 506 ob
1004 485 1145 506 causam
1175 484 1279 517 quam
1309 472 1405 516 quod
1430 471 1648 505 videbantur
1676 472 1720 505 ab
1745 484 1870 505 eorum
1905 473 2031 518 iniquo
2061 473 2249 518 proposito

383 540 606 582 discedere⁶,
625 540 722 585 quod
743 540 786 573 ab
807 540 962 573 adventu
984 546 1109 572 nostro
1130 539 1167 571 in
1187 538 1278 571 hanc
1300 537 1426 571 urbem
1448 538 1644 583 gloriosam
1664 545 1699 571 et
1718 539 1861 584 origine
1882 546 2006 572 nostre
2026 540 2250 573 fundationis

383 618 455 639 non
477 607 543 639 fuit
563 606 801 640 auditum⁷....

473 675 649 706 Tacemus
671 674 767 718 quod
797 673 901 718 regni
932 672 1209 705 subversionem
1240 683 1326 716 pace
1348 671 1441 716 regii
1462 671 1653 716 sanguinis
1680 671 1932 716 optabiliorem
1960 684 2047 717 sepe
2068 672 2248 706 dixerunt.

384 741 559 773 Tacemus
581 740 677 785 quod
707 740 743 772 in
769 740 910 784 justitie
938 739 1048 772 totius
1077 738 1318 779 eversionem,
1348 737 1623 783 privilegiorum
1654 745 1862 771 nostrorum
1891 746 2182 772 conservatorem
2211 751 2250 773 ac

385 806 577 839 officiarios
598 813 743 839 nostros
769 806 812 838 ab
839 806 904 838 hac
930 805 1019 837 urbe
1041 804 1283 838 secluserunt.
1316 804 1410 837 Illud
1436 804 1532 837 enim
1560 811 1636 838 erat
1663 805 1823 850 gravius,
1850 805 1948 850 quod
1977 806 2061 838 dum
2090 806 2134 838 de
2164 818 2250 851 pace

384 873 524 905 nollent
543 873 614 918 agi,
633 879 667 905 et
687 884 819 904 nomen
840 872 937 916 pacis
959 883 1023 916 per
1039 883 1078 904 se
1099 871 1218 915 ipsum
1236 870 1341 903 dulce
1358 877 1557 916 naturaque
1574 872 1713 905 cunctis
1734 871 1953 917 acceptabile
1970 879 2247 918 cognoscerent,

384 940 481 984 pacis
503 939 723 972 desiderium
747 938 971 979 simulantes,
1000 937 1146 970 odiosas
1173 937 1403 970 conditiones
1434 938 1532 982 pacis
1558 938 1767 972 tractatibus
1792 938 2015 980 inserebant,
2039 951 2084 972 ne
2109 940 2250 973 cunctis

383 1005 595 1039 mortalibus
613 1005 766 1050 optanda
788 1017 855 1050 pax
875 1005 1044 1037 oriretur.
1068 1005 1166 1036 Inter
1181 1003 1245 1036 has
1267 1010 1468 1049 temporum
1486 1005 1585 1038 vices
1606 1004 1871 1050 gubernatores
1891 1006 1951 1039 isti
1972 1017 2038 1050 per
2053 1017 2141 1039 suos
2157 1018 2250 1039 com-

383 1073 495 1118 plices
517 1072 787 1112 intellexerunt,
809 1071 977 1116 antiquos
1000 1078 1035 1103 et
1059 1070 1239 1103 notabiles
1259 1071 1359 1104 viros
1384 1071 1500 1104 nostri
1529 1071 1639 1104 studii
1665 1072 1822 1105 animum
1851 1072 2095 1117 resumpsisse
2123 1085 2249 1118 procu-

382 1139 483 1172 randi
506 1145 540 1171 et
561 1151 599 1171 ea
621 1138 765 1171 dicendi
787 1150 856 1182 que
877 1138 921 1170 ad
942 1149 1065 1182 pacem
1087 1137 1317 1170 dominorum
1339 1138 1440 1183 regie
1462 1138 1599 1183 stirpis,
1623 1138 1667 1171 ad
1688 1139 1859 1172 unionem
1881 1146 1917 1172 et
1935 1140 2247 1172 conservationem

381 1206 497 1251 regni,
520 1205 563 1238 ad
591 1204 808 1238 obviandum
831 1204 1034 1249 Anglorum
1057 1203 1258 1245 hostilitati,
1286 1216 1332 1237 ne
1353 1204 1455 1237 clade
1480 1204 1609 1238 bellica
1634 1205 1671 1238 in
1699 1205 1883 1239 interitum
1911 1212 2035 1239 rueret
2059 1212 2131 1239 tota
2156 1217 2248 1251 gens

379 1274 654 1311 Normanorum,
678 1283 851 1304 concessa
872 1271 984 1316 patria
1010 1271 1152 1304 colonis
1173 1271 1315 1304 invisis.
1338 1271 1442 1305 'Unde
1463 1271 1729 1317 gubernatores
1750 1272 1822 1314 isti,
1844 1272 1943 1306 velut
1964 1272 2131 1306 homines
2151 1273 2248 1318 apud

380 1351 471 1384 quos
498 1338 591 1371 bone
618 1345 758 1371 mentes
787 1337 968 1371 habentur
989 1338 1168 1379 damnate,
1189 1338 1380 1371 confestim
1412 1339 1567 1380 excitati,
1598 1339 1700 1384 gravi
1730 1346 1901 1385 precepto
1931 1339 2180 1375 inhibuerunt.
2202 1351 2248 1372 ne

378 1406 464 1451 quid
486 1406 521 1438 in
542 1405 805 1438 deliberatione
827 1411 1036 1450 poneretur,
1061 1411 1096 1437 et
1116 1404 1325 1449 specialiter
1345 1405 1442 1450 quod
1461 1405 1648 1439 videretur
1668 1418 1791 1439 eorum
1815 1413 1964 1451 tangere
1990 1406 2165 1452 regimen.
2190 1407 2248 1440 Sic

378 1473 539 1518 profecto
561 1473 744 1505 materiam
771 1478 806 1504 et
831 1471 1058 1504 deliberandi
1086 1472 1233 1504 modum
1262 1472 1571 1517 proscripserunt,
1596 1484 1662 1506 nec
1685 1479 1827 1506 veteres
1848 1473 2098 1518 congregandi
2118 1473 2248 1506 modos

378 1539 632 1584 permiserunt,
661 1538 732 1571 nisi
757 1538 858 1583 prius
880 1538 916 1570 in
938 1550 1003 1570 sue
1025 1538 1308 1583 conspirationis
1328 1539 1485 1572 favorem
1509 1551 1584 1572 rem
1604 1539 1779 1585 agendam
1803 1546 2081 1585 cognoscerent.
2105 1540 2162 1573 Sic
2183 1540 2248 1573 ita-

377 1618 446 1651 que
468 1605 590 1639 nullus
612 1612 731 1638 rector
755 1604 966 1645 habebatur,
992 1605 1063 1638 nisi
1085 1617 1149 1638 sue
1171 1605 1339 1638 factionis
1360 1606 1549 1646 conscius;
1574 1606 1663 1639 nihil
1685 1606 1721 1638 in
1742 1606 2006 1639 deliberatione
2031 1605 2246 1652 ponebatur,

377 1673 447 1706 nisi
477 1685 542 1706 sue
572 1672 712 1705 bende⁸
740 1668 961 1710 consonumss
994 1671 1085 1704 nihil
1115 1671 1397 1714 deliberabatur,
1422 1673 1492 1706 nisi
1519 1673 1615 1718 quod
1642 1685 1706 1706 sua
1734 1680 1830 1707 secta
1855 1673 2096 1707 concluserat.
2119 1660 2258 1707 Omnia

377 1740 558 1785 tyrannica
576 1739 674 1772 rabie
692 1745 727 1771 et
743 1739 929 1771 coactione
945 1738 1123 1772 vilissime
1140 1739 1327 1772 servitutis
1344 1739 1666 1785 extorquebantur,
1684 1752 1758 1773 non
1775 1740 1892 1773 solum
1914 1740 1951 1773 in
1968 1747 2093 1773 nostro
2111 1739 2247 1782 studio,

377 1807 441 1840 sed
462 1807 498 1839 in
520 1806 610 1839 urbe
632 1812 715 1838 tota.
745 1807 831 1838 Nam
861 1805 948 1838 boni
976 1806 1075 1839 cives
1104 1812 1139 1838 et
1165 1805 1285 1838 incole
1315 1805 1417 1839 urbis
1447 1807 1574 1852 partim
1602 1807 1878 1852 jugulabantur,
1900 1807 2029 1852 partim
2057 1806 2247 1840 submitte-

376 1874 518 1915 bantur,
542 1872 864 1918 proscribebantur
884 1872 964 1911 alii;
987 1873 1098 1905 ceteri
1119 1872 1210 1905 urbe
1232 1872 1486 1918 pellebantur:
1511 1888 1527 1905 «
1549 1873 1751 1907 fremebant
1771 1873 1906 1919 ubique
1930 1874 2049 1906 omnia
2074 1879 2245 1919 apparatu

377 1941 524 1973 mortis⁹
543 1954 572 1972 >›.
597 1940 687 1972 Hinc
707 1940 857 1979 serrum,
883 1938 1039 1983 flagella,
1062 1951 1227 1972 carceres
1248 1939 1502 1972 afferebantur.
1525 1940 1653 1974 Omnia
1679 1940 1840 1973 crudelia
1861 1947 1930 1973 tam
1953 1939 2112 1973 violente
2133 1940 2246 1973 mina-

376 2007 518 2048 bantur,
537 2013 573 2039 ut
594 2006 780 2039 videretur
800 2005 882 2038 duci
903 2006 1014 2038 funus
1037 2012 1118 2038 ante
1136 2012 1308 2047 mortem;
1328 2006 1426 2039 nulla
1446 2007 1556 2040 facies
1572 2007 1728 2052 justitie,
1746 2006 1844 2040 nulla
1865 2006 1996 2040 fiducia
2017 2007 2129 2051 pacis,
2147 2006 2244 2039 nulla

377 2080 453 2106 erat
467 2074 540 2118 jam
563 2084 647 2118 spes
667 2071 859 2105 libertatis.

465 2140 555 2183 Quis
576 2139 688 2185 igitur
708 2145 865 2171 nostram
890 2139 1170 2172 Universitatem
1187 2140 1271 2184 jure
1293 2139 1439 2185 culpare
1461 2140 1606 2185 poterit,
1627 2147 1687 2173 aut
1706 2147 1808 2186 gesta
1831 2147 1925 2173 tanta
1945 2140 2135 2185 iniquitate
2156 2146 2246 2173 tem-

378 2219 504 2252 porum
527 2206 597 2239 sibi
622 2205 843 2241 adscribere,
871 2218 949 2238 cum
978 2205 1052 2239 illis
1083 2206 1310 2251 temporibus
1338 2207 1511 2252 dissipata
1540 2207 1662 2249 fuerit,
1684 2220 1723 2241 ac
1740 2207 1820 2251 fere
1839 2207 1957 2241 nullus
1976 2207 2189 2240 remanserit
2211 2207 2245 2240 in

377 2273 686 2319 m·befamosus¹⁰,
704 2272 776 2305 nisi
797 2283 861 2304 sue
878 2272 1045 2305 factionis
1065 2273 1195 2314 fautor,
1214 2273 1271 2306 vel
1287 2274 1349 2318 qui
1370 2274 1447 2307 suis
1465 2274 1652 2307 sceleratis
1670 2274 1868 2319 propositis
1884 2274 2035 2307 auderet
2050 2273 2247 2306 resistere?

377 2341 482 2384 Quod
508 2340 538 2373 si
566 2340 603 2372 in
628 2338 900 2372 remanentibus
926 2339 996 2371 dici
1021 2339 1138 2372 valeat
1163 2340 1340 2384 quandam
1370 2340 1485 2374 fuisse
1511 2340 1612 2374 velut
1640 2340 1802 2374 umbram
1829 2340 1887 2374 vel
1914 2340 2107 2386 imaginem
2139 2338 2245 2372 faciei

378 2413 624 2452 representate
652 2406 768 2439 nostri
798 2405 921 2446 studii,
951 2405 1067 2439 adhuc
1097 2418 1204 2439 nemo
1234 2407 1280 2439 ita
1308 2407 1443 2452 desipit
1474 2414 1513 2440 ut
1541 2407 1648 2441 nobis
1676 2407 1871 2449 adscribat,
1892 2407 1990 2452 quod
2019 2407 2244 2440 atrocissima

378 2474 572 2507 crudelitas
594 2473 851 2506 sceleratorum
874 2472 1060 2505 hominum
1082 2485 1148 2518 per
1163 2485 1299 2518 paucos
1319 2474 1547 2508 facinorosos
1569 2481 1604 2508 et
1623 2475 1922 2520 corruptissimos
1942 2474 2109 2507 homines
2130 2467 2244 2507 extor-

379 2542 436 2574 sit.
459 2543 537 2573 Non
559 2547 614 2573 est
634 2540 729 2573 enim
750 2546 875 2572 nostre
893 2539 1129 2572 Universitati
1150 2541 1398 2586 imputandum
1421 2541 1519 2587 quod
1539 2553 1613 2574 non
1634 2542 1720 2587 egit,
1739 2553 1806 2575 nec
1827 2541 1952 2587 paucis
1972 2539 2244 2574 remanentibus

378 2608 415 2640 in
436 2607 673 2640 miserrimam
702 2606 911 2639 servitutem
943 2605 1103 2639 subactis
1130 2613 1165 2640 et
1193 2614 1291 2641 metu
1319 2608 1495 2641 acerrimo
1526 2608 1706 2653 perculsis
1733 2607 2065 2653 improperandum,
2091 2607 2121 2640 si
2142 2606 2246 2652 flagi-

379 2675 482 2707 tiosis
502 2673 711 2706 hominibus
732 2672 831 2705 illius
851 2672 1019 2705 factionis
1040 2685 1113 2705 non
1134 2674 1358 2708 restiterunt.

466 2742 567 2773 Nunc
593 2751 693 2780 vero,
725 2739 844 2772 divina
871 2739 1062 2772 clementia
1088 2740 1296 2783 miserante,
1322 2741 1535 2775 solemniter
1561 2742 1773 2787 congregati
1804 2747 1839 2775 et
1865 2741 1902 2774 in
1927 2740 2081 2786 priscam
2103 2739 2244 2772 reducti

377 2807 576 2840 libertatem
608 2805 834 2838 deliberandi
866 2817 905 2838 ac
936 2806 1080 2838 dicendi
1114 2807 1336 2840 veritatem¹¹
1367 2808 1567 2841 secundum
1602 2820 1711 2853 puras
1740 2815 1776 2841 et
1807 2807 1961 2841 mundas
1986 2806 2242 2848 conscientias,

377 2873 655 2908 deadvoavimus
677 2879 709 2904 et
731 2872 986 2914 deadvoamus,
1010 2872 1286 2918 reprobavimus
1312 2881 1348 2908 et
1373 2874 1612 2921 reprobamus
1633 2887 1760 2908 omnes
1787 2874 1885 2916 illos,
1912 2874 1973 2919 qui
2002 2872 2070 2906 sub
2095 2873 2242 2906 nomine

500 2932 540 2954 44.
