2502 3418
222 305 315 341 1399]
651 317 696 337 AB
731 316 834 337 ANNO
869 315 1157 337 ›teceldxxxxiv
1186 317 1233 337 An
1268 316 1404 337 ANNUM
1441 317 1645 338 MCCCCLII.
2040 310 2079 341 41

222 398 384 424 nostrum
406 402 633 423 communem
656 389 954 423 Cluniacensem¹
979 390 1094 422 teneri
1116 396 1151 422 et
1177 389 1363 422 coherceri
1385 389 1520 422 debere
1541 391 1584 423 ad
1607 392 1800 423 tenendum
1829 399 1981 436 quatuor
2002 406 2081 425 sco-

222 458 315 491 lares
336 458 373 490 in
393 457 473 502 ipso
495 456 651 501 collegio
674 457 750 489 suis
772 457 931 501 propriis
953 457 1122 501 expensis
1144 457 1282 489 ratione
1303 468 1428 489 mense
1450 469 1514 489 sue
1541 469 1547 490 :
1572 458 1696 490 dicunt
1717 458 1943 499 diffinitores,
1971 461 2080 503 quod,

222 525 304 570 quia
325 524 411 557 dicti
436 523 596 557 scolares
617 523 728 556 nichil
752 523 1001 568 produxerunt
1021 535 1085 556 seu
1107 523 1352 568 probaverunt
1375 535 1485 568 super
1508 523 1575 556 hoe
1597 524 1761 564 articulo,
1782 537 1863 569 ymo
1885 526 1970 558 dicti
1992 527 2082 558 dissi-

222 592 359 625 nitores
390 598 475 624 sunt
501 590 663 635 legitime
692 590 736 622 de
764 590 946 623 contrario
976 590 1171 627 informati,
1200 590 1318 635 ipsum
1348 591 1533 623 dominum
1562 590 1839 624 Cluniacensem
1871 593 1913 624 ad
1948 593 1983 624 id
2011 605 2082 625 non

223 658 356 691 debere
377 658 459 702 cogi
480 669 543 690 seu
565 657 752 690 coherceri
774 657 820 689 ob
842 657 1086 690 reverenciam
1109 664 1143 690 et
1166 657 1372 690 decenciam
1395 657 1558 701 ejusdem
1583 659 1784 691 reverende
1806 659 2029 703 paternitatis
2051 667 2085 692 et

223 724 501 770 superioritatis,
531 724 602 757 nisi
632 725 776 757 racione
807 736 956 757 suorum
985 724 1222 757 decanatuum
1250 724 1307 757 vel
1338 724 1489 757 alioruin
1520 724 1781 757 beneficiorum
1809 726 1991 758 unitorum
2020 739 2082 759 seu

224 791 464 824 uniendorum
487 791 531 824 ad
551 791 587 824 id
609 803 651 824 ex
671 791 816 836 antiqua
837 791 1054 824 fundacione
1076 791 1163 824 alias
1185 798 1382 824 teneretur.

312 860 399 891 Item
422 858 505 903 quia
526 858 625 903 prior
641 858 685 891 de
707 858 904 899 Marbosi0‚
924 865 1043 891 rector
1059 858 1175 903 ipsius
1193 858 1334 900 domus,
1354 858 1389 890 in
1412 858 1579 903 pluribus
1600 859 1667 891 suit
1687 860 1892 892 irreverens
1910 867 1944 893 et
1965 860 2086 893 inobe-

225 926 329 959 diens
360 937 445 970 erga
475 925 593 970 ipsum
623 925 808 958 dominum
837 932 1000 958 nostrum
1029 937 1257 958 communem
1285 925 1563 959 Cluniacensem
1591 927 1837 971 majoremque
1868 927 2024 971 priorem
2054 934 2088 960 et

225 993 439 1025 diffinitores
460 993 544 1025 anni
572 993 735 1037 preteriti
761 1005 766 1025 :
792 993 961 1025 ordinant
981 993 1196 1025 diffinitores
1224 993 1307 1025 anni
1338 993 1520 1037 presentis
1546 994 1641 1037 quod
1669 994 1786 1026 dictus
1818 994 1917 1038 prior
1938 995 1979 1026 ad
2010 1007 2088 1039 pre-

225 1060 381 1093 senciam
404 1059 540 1092 domini
562 1059 677 1092 nostri
698 1060 901 1092 communis
923 1059 1176 1093 Cluniacensis
1197 1066 1229 1092 et
1261 1060 1371 1092 eciam
1402 1059 1534 1104 prioris
1562 1060 1709 1104 majoris
1739 1060 1924 1093 humiliter
1944 1062 2089 1094 accedat

225 1127 381 1172 petendo
404 1126 677 1160 absolucionem
700 1127 974 1168 sententiarum,
993 1127 1023 1159 si
1045 1138 1134 1171 quas
1155 1126 1305 1159 incurrit
1329 1127 1632 1172 transgrediendo
1657 1139 1720 1159 seu
1742 1127 1988 1160 inobediendo
2013 1141 2089 1173 pre-

225 1194 339 1239 ceptis
361 1200 395 1227 et
415 1192 713 1227 ordinacionibus
742 1194 904 1239 ipsorum
934 1194 1071 1226 domini
1092 1194 1346 1227 Cluniacensis
1372 1201 1404 1227 et
1436 1194 1569 1239 prioris
1599 1195 1744 1238 majoris
1772 1207 1810 1227 ac
1839 1195 2087 1238 diffinitorum7

226 1273 265 1294 ac
290 1261 430 1294 veniam
458 1267 493 1294 et
519 1260 788 1306 indulgenciam
817 1261 1003 1294 humiliter
1024 1268 1119 1306 petat
1141 1268 1176 1293 et
1196 1273 1234 1293 se
1257 1260 1443 1294 submittat
1468 1261 1706 1306 subjeccioni,
1737 1262 2035 1295 determinacioni
2057 1270 2091 1295 et

227 1328 465 1373 disposicioni
487 1328 603 1373 ipsius
625 1328 761 1360 domini
783 1328 1036 1361 Cluniacensis
1058 1335 1093 1360 et
1112 1328 1260 1372 majoris
1282 1328 1428 1372 prioris.

311 1396 399 1428 Item
421 1395 518 1439 quod
539 1401 657 1427 cetera
683 1395 719 1427 in
741 1395 847 1427 dictis
870 1395 1032 1427 articulis
1054 1401 1221 1427 contenta
1244 1401 1278 1427 et
1305 1407 1477 1439 expressa
1502 1401 1536 1428 et
1561 1395 1679 1427 onmia
1702 1396 1884 1440 tangentia
1906 1403 2034 1429 statum
2057 1404 2089 1429 et

222 1462 534 1495 refformacionem
557 1473 792 1507 personarum
823 1468 858 1495 et
887 1462 956 1494 loci
984 1462 1211 1494 remittantur
1233 1462 1328 1494 dicto
1351 1462 1659 1495 reverendissimo
1682 1463 1829 1495 domino
1858 1463 2090 1496 Cluniacensi

222 1535 257 1562 et
277 1529 504 1561 ordinacioni
526 1529 806 1574 omnimodeque
835 1529 951 1574 ipsius
974 1529 1227 1574 disposicioni,
1256 1535 1291 1561 et
1317 1529 1411 1562 circa
1439 1529 1499 1561 illa
1530 1529 1717 1574 provideat
1749 1537 1856 1574 prout
1883 1530 1952 1562 sibi
1974 1531 2089 1563 visum

221 1596 330 1628 fuerit
350 1596 533 1640 expedire.

311 1664 398 1695 ltem
428 1663 510 1707 quia
539 1663 657 1695 dictus
688 1663 787 1708 prior
815 1663 859 1695 de
891 1663 1087 1704 Marbosio,
1121 1663 1220 1708 prior
1248 1663 1410 1708 predicte
1438 1663 1568 1695 domus
1599 1663 1806 1704 scolarium7
1836 1664 1872 1696 in
1903 1665 2091 1709 presencia

223 1729 458 1762 diffinitorum
481 1730 628 1762 tradidit
648 1730 705 1762 vel
727 1730 818 1763 tradi
840 1730 923 1763 fecit
944 1730 980 1762 in
1002 1730 1155 1774 quodam
1179 1730 1298 1762 rotulo
1321 1737 1355 1762 et
1383 1729 1545 1762 exhibuit
1572 1730 1744 1774 quasdam
1774 1743 1951 1775 expensas
1979 1738 2092 1764 extra-

224 1797 425 1829 ordinarias
447 1803 481 1829 et
502 1797 589 1829 alias
610 1797 720 1830 saetas
741 1797 776 1829 in
799 1804 831 1830 et
854 1798 992 1830 ratione
1012 1797 1344 1830 administracionis
1366 1797 1495 1829 domus
1517 1797 1691 1841 predicte,
1716 1804 1748 1830 et
1771 1798 1856 1830 dicti
1879 1798 2092 1831 diffinitores

223 1864 454 1897 arduissimis
472 1870 506 1896 et
527 1864 668 1909 magnis
685 1864 804 1897 causis
822 1864 985 1909 impediti
1008 1876 1072 1909 pro
1090 1865 1251 1909 presenti
1273 1871 1456 1909 nequeant
1472 1864 1565 1897 circa
1582 1864 1824 1897 audictionem
1843 1872 2092 1910 compotorum

223 1931 339 1976 ipsius
367 1942 493 1964 vacare
520 1942 526 1963 :
550 1931 719 1964 ordinant
740 1938 775 1964 et
795 1931 1022 1964 constituunt
1048 1932 1090 1964 ad
1118 1931 1338 1964 audiendum
1361 1937 1526 1975 compota
1554 1938 1588 1963 et
1608 1931 1909 1964 verissicacionem
1931 1932 2091 1976 ipsorum

224 1997 519 2030 elemosinarium
537 2004 572 2031 et
591 1998 840 2031 hostellarium
859 1999 1156 2039 Cluniacensem3
1176 1998 1310 2043 quibus
1327 1998 1460 2031 auditis
1482 1998 1652 2030 refferant
1669 1998 1763 2030 dicto
1786 1999 2092 2031 reverendissimo

224 2064 372 2097 domino
392 2071 451 2098 aut
471 2065 575 2098 alteri
596 2077 660 2110 per
680 2066 799 2110 ipsum
821 2066 1006 2110 deputato,
1031 2066 1092 2110 qui
1114 2077 1178 2110 pro
1205 2065 1308 2097 libito
1333 2064 1530 2098 voluntatis
1556 2071 1589 2097 et
1618 2072 1724 2110 prout
1753 2065 1822 2097 sibi
1848 2066 1963 2099 visum
1986 2067 2095 2099 suerit

225 2131 396 2176 expedire
418 2132 599 2165 ordinabit
619 2139 653 2165 et
674 2133 856 2178 disponet,
880 2139 987 2178 prout
1007 2139 1062 2165 est
1077 2132 1173 2177 juris
1195 2139 1229 2165 et
1250 2132 1420 2165 racionis.

313 2198 403 2231 Cum
425 2199 592 2231 nonnulli
621 2199 782 2244 priorum
803 2199 985 2245 arreragia
1012 2198 1215 2232 scolaribus
1242 2198 1389 2243 collegii
1411 2198 1665 2232 Cluniacensis
1690 2199 1849 2231 Parisius
1876 2200 2090 2244 pensionum

226 2264 496 2298 scolasticarum
532 2266 676 2299 racione
706 2266 913 2299 debentium
947 2278 1057 2311 super
1092 2266 1220 2298 horum
1256 2265 1446 2298 solucione
1482 2265 1700 2298 difficultates
1735 2266 1916 2310 ingerant,
1946 2267 2093 2300 frivolas

226 2332 437 2365 occasiones
458 2332 541 2365 hinc
563 2333 647 2366 inde
670 2334 917 2378 sompniantes
943 2345 949 2366 :
972 2334 1154 2366 diffiniunt
1175 2333 1390 2365 diffinitores
1412 2339 1590 2377 quatenus
1613 2333 1731 2365 omnia
1758 2334 1891 2377 prefata
1912 2335 2092 2378 arreragia

221 2399 293 2443 jam
316 2398 436 2432 debita
458 2406 493 2432 et
517 2400 756 2444 imposterum
782 2401 873 2445 ipsis
901 2400 1104 2433 scolaribus
1131 2399 1296 2432 debenda
1325 2406 1359 2432 et
1388 2411 1615 2444 quecumque
1642 2399 1710 2431 alie
1739 2399 1891 2444 pecunie
1919 2400 1962 2432 ad
1993 2400 2093 2445 ipsos

227 2466 503 2510 quomodolibet
531 2467 757 2511 pertinentes
788 2468 932 2500 realiter
960 2468 1146 2500 tradantur
1174 2474 1209 2499 et
1239 2466 1438 2507 solvantur,
1467 2467 1598 2510 rejecta
1619 2478 1844 2510 quacumque
1871 2466 2092 2508 difficultate,

227 2532 338 2577 priori
365 2545 429 2566 seu
457 2534 640 2579 suppriori
671 2536 807 2579 prefate
830 2535 959 2568 domus
986 2547 1051 2567 seu
1080 2534 1228 2579 collegii
1256 2540 1316 2566 aut
1335 2533 1439 2566 alteri
1466 2533 1672 2577 deputando
1698 2532 1741 2564 al)
1770 2533 1822 2565 eis
1844 2544 1908 2565 seu
1930 2534 2090 2578 ipsorum

227 2599 351 2632 altero.

317 2666 522 2699 Secundum
550 2667 767 2701 relacionem
791 2669 1018 2702 visitatorum
1050 2668 1236 2714 provincie
1266 2667 1415 2700 Francie
1443 2666 1612 2699 dominus
1637 2665 1820 2698 Johannes
1847 2666 1983 2699 Calibis
2013 2679 2093 2699 sco-

227 2732 312 2765 laris
334 2733 515 2778 prioratus
541 2734 585 2767 de
607 2735 785 2768 Cousiaco
806 2743 861 2769 est
889 2735 1081 2769 inhoneste
1103 2734 1411 2774 conversacionis,
1434 2733 1605 2777 brigosus
1627 2739 1662 2765 et
1689 2732 1838 2765 multum
1866 2733 2092 2766 inordinatus

229 2799 265 2831 in
282 2799 351 2832 vita
373 2807 407 2832 et
428 2800 591 2834 moribus
610 2813 616 2833 :
636 2814 745 2846 quare
763 2803 979 2835 diffinitores
1001 2803 1177 2847 pensione
1199 2808 1232 2834 et
1254 2801 1441 2833 mansione
1463 2811 1526 2832 sua
1548 2799 1736 2831 scolastica
1758 2800 1953 2832 Parisiensi
1974 2800 2090 2844 ipsum

231 2866 383 2911 privant,
407 2868 651 2912 precipientes
673 2869 799 2913 priori,
822 2870 1005 2914 suppriori
1027 2876 1062 2902 et
1082 2868 1307 2914 procuratori
1329 2868 1459 2900 domus
1481 2878 1544 2899 seu
1567 2866 1713 2910 collegii
1735 2866 1927 2899 scolarium
1952 2866 2093 2899 Clunia-

353 2928 417 2945 *ἢ*
435 2927 529 2950 Chart.
551 2926 629 2951 Unio.
649 2927 741 2951 Paris.
762 2928 802 2950 IV.
1955 2926 1968 2946 ti
