2502 3418
391 316 453 348 134
969 328 1290 349 CHARTULARIUM
1327 328 1516 349 UNIVERS.
1554 328 1684 348 rmus.
2158 314 2256 350 [1405

389 401 561 433 Estienne
581 401 625 433 de
648 402 797 446 Surry...
823 402 999 446 Replique
1020 402 1227 446 l'appellant
1248 409 1282 434 et.
1307 402 1357 434 dit
1379 414 1448 446 que
1471 401 1602 434 devant
1630 401 1663 433 le
1690 407 1833 433 recteur
1854 401 1987 433 n’avoit
2013 401 2089 433 rien
2110 403 2128 433 a
2149 401 2256 443 faire,

389 467 477 499 maiz
497 467 701 500 seulement.
722 468 850 501 (levant
873 468 1027 501 l'offieial
1049 469 1092 501 de
1115 469 1255 501 Paris...
1280 470 1324 501 La
1348 480 1437 501 cour
1454 480 1556 501 verra
1579 475 1613 500 et
1635 469 1710 501 sera
1734 468 1870 501 droit...

480 574 556 596 Arch.
574 577 627 596 nat.
644 574 737 601 Paris..
756 575 884 604 X¹³l1787‚
902 575 947 598 fol.
964 575 1015 598 82¹³.

480 671 504 696 1,
521 672 541 695 l.
558 680 579 695 e.
594 672 708 695 Thomas
723 672 879 702 Marescalli,
892 672 1006 695 nationis
1022 673 1165 695 Picardiae.
1183 673 1291 695 Frustra
1307 673 1376 695 hunc
1389 676 1516 695 rectorem
1531 672 1557 695 in
1573 672 1774 695 Nomenclntnra
1791 676 1921 695 rectorum
1938 681 1980 703 ap.
1998 673 2142 702 BULAEUM,
2157 674 2187 702 V,
2199 674 2256 703 919,

390 716 545 747 quaesieris.

394 870 533 906 1816.
558 880 634 913 Mag.
651 879 712 904 Joh.
732 881 771 904 La
788 880 885 912 Dore‘e,
902 880 1084 905 examinator
1100 881 1128 905 in
1144 880 1276 905 examine
1292 881 1323 905 B.
1343 881 1455 905 Mariae
1473 880 1642 914 parisiens„
1659 889 1677 905 α
1693 880 1868 906 cancellario
1883 880 1944 906 Joh.
1965 882 2087 907 Gersono
2101 881 2138 906 αΙι
2165 882 2255 914 officio

476 928 670 963 suspenditur.
690 930 784 953 Causa
799 929 826 953 in
841 928 921 953 curia
934 928 1112 964 parlamenti
1128 929 1268 963 agitatur.

1592 978 1665 1008 7405,
1679 979 1752 1011 April.
1767 979 1837 1007 3-10.
1856 980 1969 1006 Parisiis.

478 1065 647 1106 Karolus‚
675 1072 742 1098 etc.
769 1066 973 1106 Universis‚
998 1073 1066 1099 etc.
1090 1067 1178 1099 Cum
1202 1066 1264 1098 dil.
1289 1073 1416 1099 noster
1436 1078 1530 1111 mag.
1557 1066 1638 1099 Joh.
1667 1068 1713 1099 La
1743 1068 1860 1100 Doree
1888 1068 1924 1100 in
1950 1074 2015 1101 art.
2038 1080 2132 1114 mag.
2154 1081 2194 1101 ac
2219 1069 2256 1101 in

390 1132 499 1165 theol.
519 1132 750 1164 facultatibus
771 1132 974 1165 bacalarius
995 1133 1031 1165 in
1050 1133 1294 1166 Universitate
1313 1133 1424 1165 Paris.
1444 1133 1517 1165 filia
1539 1141 1661 1166 nostra
1682 1134 1812 1167 dilecta
1834 1134 1941 1167 nobis
1961 1135 2094 1179 exponi
2110 1135 2258 1169 fecisset

389 1198 649 1242 conquerendo
667 1211 778 1243 super
794 1211 849 1240 eo,
868 1199 966 1243 quod
986 1199 1071 1232 licet
1089 1199 1132 1232 ab
1150 1200 1247 1232 omni
1268 1200 1481 1243 antiquitate
1502 1200 1538 1232 in
1556 1200 1648 1233 dicta
1666 1201 1910 1234 Universitate
1930 1202 2039 1234 fuerit
2057 1214 2096 1235 ac
2114 1202 2161 1235 sit
2176 1214 2256 1235 con-

388 1272 530 1298 suetum
551 1265 714 1309 quolibet
730 1278 823 1298 anno
845 1272 982 1298 certum
1000 1278 1149 1298 examen
1172 1267 1248 1299 sive
1272 1267 1507 1311 temptamen¹
1531 1267 1725 1300 scolarium
1748 1274 1781 1300 et
1799 1267 2087 1301 bachalariorum
2109 1269 2146 1301 in
2163 1269 2256 1302 dicta

387 1332 521 1364 arcium
543 1332 710 1365 facultate
732 1332 916 1365 licenciari
936 1333 1141 1366 volencium
1165 1333 1243 1366 fieri
1269 1340 1303 1366 et
1324 1333 1515 1375 celebrari⁷
1541 1334 1638 1379 quod
1660 1347 1809 1367 examen
1829 1335 1937 1369 Beate
1962 1336 2086 1369 Marz'e
2109 1341 2257 1381 tempta-

386 1411 461 1432 men
484 1400 686 1444 nuncupari
708 1406 743 1432 et
763 1400 799 1432 in
822 1399 975 1433 ecclesia
1002 1412 1067 1433 seu
1092 1401 1252 1433 claustro
1274 1401 1392 1445 ipsius
1415 1401 1572 1434 ecclesie
1594 1403 1633 1434 B.
1656 1402 1768 1435 Mario
1794 1402 1954 1435 Parisius
1982 1403 2098 1436 teneri
2123 1410 2158 1436 et
2178 1403 2256 1436 fieri

387 1466 492 1507 solet7
516 1478 579 1511 pro
601 1478 672 1511 quo
699 1467 904 1500 exercendo
926 1474 1080 1512 quatuor
1112 1468 1275 1513 magistri
1303 1468 1438 1500 arcium
1469 1468 1642 1501 solennes
1673 1469 1717 1501 de
1739 1476 1892 1514 quatuor
1920 1470 2136 1503 nacionibus
2162 1470 2256 1504 dicte

387 1533 642 1566 Universitatis
665 1533 829 1578 deputari
855 1541 889 1567 et
917 1534 1077 1567 ordinari
1106 1535 1238 1576 solent,
1266 1535 1327 1580 qui
1355 1542 1390 1568 et
1415 1547 1540 1568 eorum
1563 1536 1716 1581 quilibet
1737 1536 1871 1569 dictum
1893 1537 2049 1570 officium
2077 1544 2202 1570 tenere
2223 1544 2258 1571 et

387 1612 556 1633 exercere
574 1607 609 1633 et
630 1601 756 1633 eodem
775 1613 813 1633 ac
835 1601 951 1646 ipsius
967 1601 1129 1646 juribus,
1148 1601 1364 1643 honoribus,
1382 1603 1604 1644 franchisiis,
1622 1604 1878 1648 prerogativis,
1901 1604 2183 1649 preeminenciis
2205 1605 2256 1638 uti

386 1673 420 1699 et
449 1667 608 1711 gaudere
642 1668 789 1712 pacifice
820 1675 992 1713 quantum
1029 1669 1082 1702 eis
1119 1669 1294 1714 placebat7
1327 1677 1606 1711 consueverant,
1638 1670 1776 1715 absque
1812 1683 1854 1704 eo
1885 1671 1983 1715 quod
2017 1671 2256 1705 cancellarius

386 1735 425 1766 B.
445 1734 555 1766 Marie
573 1735 686 1767 Paris.
706 1747 771 1767 nec
791 1735 883 1768 alius
904 1736 1113 1781 quicunque
1135 1736 1250 1781 ipsos,
1269 1737 1422 1769 maxime
1440 1737 1477 1769 in
1497 1737 1578 1782 ipso
1595 1737 1713 1770 ossicio
1735 1738 1910 1771 examinis
1927 1750 1993 1771 seu
2011 1739 2255 1784 temptaminis

386 1800 429 1833 de
451 1801 593 1833 defectu
616 1813 688 1834 non
709 1802 911 1843 convictos,
929 1815 1048 1847 neque
1066 1803 1317 1848 deprehensos
1335 1804 1453 1848 possit
1473 1811 1534 1837 aut
1553 1804 1683 1837 debeat
1700 1805 1941 1849 quovismodo
1963 1805 2119 1850 privare,
2137 1817 2256 1851 neque

385 1868 422 1900 in
442 1868 558 1912 ipsius
581 1868 688 1901 officii
715 1869 894 1901 exercicio
922 1870 1001 1902 sine
1029 1870 1190 1915 ipsorum
1213 1871 1400 1904 voluntate
1429 1878 1465 1904 et
1491 1884 1673 1905 consensu
1703 1872 1898 1917 impedire3
1921 1872 2074 1917 ipseque
2095 1885 2256 1918 conque-

386 1946 484 1975 rens,
511 1935 572 1979 qui
603 1947 666 1979 per
693 1935 800 1980 longa
831 1942 1030 1981 temporum
1060 1937 1239 1970 curricula
1271 1938 1307 1970 in
1338 1938 1430 1971 dicta
1459 1939 1702 1972 Universitate
1728 1939 1917 1972 studuerat
1945 1951 1985 1972 ac
2012 1951 2076 1973 sua
2103 1940 2193 1973 facta
2217 1940 2254 1973 in

385 2001 491 2034 dietis
512 2001 742 2035 facultatibus
760 2002 852 2035 bene
874 2010 909 2035 et
929 2003 1167 2049 solempniter
1188 2005 1321 2037 secerat
1404 2005 1495 2038 alter
1521 2006 1804 2039 examinatorum
1826 2018 1891 2039 seu
1914 2013 2166 2052 temptatorum
2188 2019 2254 2052 pro

386 2068 536 2101 nacione
556 2069 665 2102 videl.
690 2069 852 2102 Picardie
875 2070 1026 2110 electus,
1053 2072 1286 2110 constitutus,
1311 2079 1345 2104 et
1366 2073 1558 2106 ordinatus
1578 2073 1721 2115 suisset⁷
1744 2074 1953 2118 dictumque
1974 2074 2131 2106 officium
2159 2074 2253 2107 bene

385 2142 420 2167 etv
439 2135 648 2168 notabiliter
669 2143 704 2169 et
723 2136 861 2181 absque
878 2137 1086 2182 opprobriis
1108 2151 1172 2184 per
1193 2139 1301 2185 longa
1323 2146 1485 2185 tempora
1506 2141 1663 2173 rexisset
1682 2147 1788 2186 atque
1805 2141 2030 2174 exercuisset
2051 2148 2086 2174 et
2106 2141 2150 2174 ad
2170 2153 2254 2174 cau-

385 2215 458 2235 sam
487 2202 696 2247 hujusmodi
724 2205 786 2247 jus
816 2203 976 2245 haberet,
1006 2217 1045 2238 ac
1073 2206 1109 2238 in
1142 2207 1380 2251 possessione
1407 2214 1442 2240 et
1467 2207 1601 2241 saisina
1622 2215 1733 2249 esset,
1757 2208 1853 2253 quod
1875 2209 2049 2254 magister
2067 2208 2253 2242 ,Iohannes

385 2269 427 2302 de
457 2271 648 2302 Yarsonno
673 2270 766 2303 dicte
792 2272 829 2303 15.
865 2272 976 2304 Marie
1011 2273 1250 2306 cancellarius
1278 2274 1434 2307 ecclesie
1464 2287 1537 2307 non
1564 2282 1705 2320 poterat
1733 2287 1850 2320 neque
1877 2275 2032 2308 debebat
2061 2287 2128 2308 nec
2159 2275 2251 2309 alius

384 2337 510 2380 quevis
530 2337 602 2380 (sic)
623 2337 719 2369 dicto
743 2338 860 2370 officio
882 2338 999 2383 ipsum
1022 2340 1163 2384 privare
1242 2341 1379 2385 absque
1397 2353 1440 2374 eo
1458 2342 1555 2386 quod
1576 2342 1613 2374 in
1633 2343 1726 2375 sacto
1748 2349 1783 2375 et
1805 2342 1922 2387 ipsius
1944 2342 2052 2375 officii
2073 2343 2251 2376 exercicio

385 2403 703 2447 dereliquisset...;
736 2405 832 2448 quod
863 2405 981 2438 dictus
1022 2407 1261 2440 cancellarius
1304 2420 1377 2440 non
1411 2415 1552 2453 poterat
1589 2421 1708 2453 neque
1748 2408 1903 2442 debebat
2008 2409 2182 2454 deputare

384 2469 491 2502 alium
524 2482 788 2516 quemcumque
816 2484 834 2504 a
866 2472 961 2505 dicto
996 2482 1301 2518 conquerente....
1341 2475 1607 2509 Nichilominus
1641 2476 1685 2509 ab
1717 2488 1811 2509 anno
1838 2476 1926 2509 citra
1954 2483 1989 2509 et
2017 2476 2054 2509 in
2089 2477 2251 2522 presenti

385 2536 570 2569 Februarii
598 2550 737 2579 mense,
762 2539 859 2582 quod
881 2539 999 2572 dictus
1025 2542 1097 2584 (sic)
1118 2553 1267 2574 examen
1289 2554 1353 2575 seu
1376 2549 1595 2587 temptamen
1622 2550 1809 2588 appertum
1838 2550 1925 2585 erat7
1953 2555 2099 2588 quoque
2131 2543 2250 2577 dictus

384 2615 613 2647 conquerens
641 2605 683 2636 ad
714 2605 832 2637 locum
863 2618 927 2650 pro
949 2606 1083 2639 dictum
1106 2619 1255 2641 examen
1286 2620 1351 2642 seu
1378 2616 1597 2654 temptamen
1625 2610 1830 2643 exercendo
1852 2610 2060 2655 deputatum
2088 2617 2124 2643 et
2152 2610 2251 2643 ordi-

384 2676 503 2702 natum
583 2671 697 2704 iverat
718 2679 752 2704 et
775 2680 1024 2717 processerat3
1048 2674 1166 2707 dictus
1187 2675 1427 2709 cancellarius
1456 2683 1516 2709 aut
1539 2677 1632 2710 alius
1654 2677 1710 2710 sui
1738 2684 1838 2722 parte
1863 2677 2021 2710 hostium
2049 2677 2135 2710 dicti
2163 2677 2247 2719 loci,

384 2748 428 2768 ne
450 2737 604 2769 eundem
626 2738 721 2770 idem
743 2751 973 2784 conquerens
994 2741 1157 2783 intraret,
1174 2742 1307 2785 claudi,
1325 2743 1508 2776 obserrari
1530 2756 1595 2777 seu
1615 2745 1760 2778 fermari
1780 2745 1926 2786 fecerat,
1944 2744 2035 2777 adeo
2052 2744 2149 2789 quod
2170 2745 2248 2789 ipse

384 2815 613 2848 conquerens
636 2805 769 2838 intrare
791 2807 1006 2851 nequiverat
1026 2820 1144 2853 neque
1164 2809 1299 2843 dictum
1321 2811 1477 2844 officium
1500 2823 1682 2853 exercere,
1705 2812 1868 2857 quinimo
1889 2812 2024 2844 dictum
2045 2823 2150 2845 suum
2172 2811 2249 2844 ossi-

384 2870 477 2903 cium
499 2883 562 2915 per
582 2884 675 2916 mag.
693 2873 864 2906 Jacobum
888 2874 932 2907 de
955 2874 1120 2908 Flandria
1205 2877 1297 2910 illud
1320 2878 1476 2911 officium
1503 2890 1673 2912 exercere
1700 2885 1735 2912 et
1754 2879 1833 2912 fieri
1853 2879 1998 2920 fecerat,
2021 2878 2140 2924 ipsum
2161 2890 2248 2911 con-
