2502 3418
392 329 456 361 226
970 338 1290 359 cxiAn'rULARIUM
1326 337 1518 359 UNIVERS.
1556 336 1686 359 Parus.
2165 323 2264 359 [1412

396 441 537 479 1942.
567 450 741 476 Πηίιένείίαε
757 450 853 476 Paris.
872 449 907 475 de
922 459 936 475 «ι
953 449 1025 475 data
1042 459 1056 475 »
1072 450 1170 483 quinti
1184 449 1299 475 articuli
1315 448 1356 474 ad
1369 457 1437 474 suos
1452 449 1567 474 nuntios
1583 448 1612 474 in
1628 448 1720 474 curia.

1418 537 1485 566 1411,
1502 536 1710 565 aemma-1472
1726 535 1847 564 danuariz',
1864 535 1978 561 Parisiis.

483 626 722 661 Venerabiles
747 626 815 659 viri
843 633 878 658 et
904 626 1008 658 amici
1029 625 1221 657 carissimi.
1243 624 1460 669 Nuperrime
1482 623 1688 668 recepimus
1709 622 1848 655 litteras
1868 629 2008 655 vestras
2029 634 2094 667 per
2113 634 2263 655 venera-

394 694 503 727 bilem
525 694 640 727 virum
672 693 883 738 magistrum
910 692 1110 725 Johannem
1142 691 1186 723 de
1217 690 1466 723 Bellomonte¹
1495 689 1603 722 nobis
1632 689 1878 730 transmissas,
1901 700 1944 722 ex
1965 701 2114 734 quarum
2137 696 2264 722 tenore

395 761 630 805 concepimus
652 759 917 804 prerogativam
940 758 1056 802 quinti
1083 757 1225 790 articuli
1254 756 1361 789 nobis
1382 756 1550 789 concessi
1578 767 1682 788 suum
1703 755 1868 800 vigorem
1888 754 2022 788 habere
2044 755 2226 788 dumtaxat
2245 768 2263 789 a

394 828 451 860 die
474 826 731 872 publicationis
753 827 832 870 ejus
859 825 896 857 in
917 824 1144 859 cancellaria,
1165 836 1245 856 cum
1274 830 1393 856 tamen
1423 835 1488 868 per
1509 829 1590 855 ante
1611 829 1778 866 tanquam
1801 828 1938 854 certum
1960 834 2087 855 omnes
2112 834 2264 855 concor-

395 893 488 925 diter
509 899 729 933 teneremus,
753 892 866 936 ipsam
892 891 1055 935 vigorem
1079 890 1213 923 habere
1235 896 1270 922 et
1291 901 1395 922 suum
1419 889 1554 922 debere
1575 888 1699 922 sortiri
1721 888 1886 921 effectum
1912 901 1930 921 a
1952 896 2052 922 sexto
2074 889 2157 922 idus
2177 889 2263 922 Julii

393 971 487 991 anno
510 959 639 1003 primo,
668 959 761 991 sicut.
790 970 833 990 ex
862 957 975 990 relat-u
1005 957 1169 1002 magistri
1190 955 1328 989 Thome
1355 955 1571 988 Mareschali
1592 967 1632 988 ac
1653 962 1780 988 tenore
1801 955 1971 988 scedule²
1992 955 2103 989 bullis
2125 955 2263 988 domini

394 1026 508 1058 nostri
536 1025 734 1058 intercluse
762 1024 869 1057 nobis
898 1023 1124 1057 transmissis
1154 1023 1289 1056 dudum
1316 1022 1565 1067 concepimus.
1593 1023 1823 1067 Quapropter
1848 1022 1994 1055 domino
2022 1029 2149 1055 nostro
2175 1023 2264 1055 scri-

393 1092 512 1124 bimus
534 1091 601 1124 sub
622 1091 686 1123 hac
707 1092 821 1123 forma
847 1102 854 1123 2
885 1104 901 1121 «
925 1092 1057 1124 Vestre
1079 1090 1284 1123 Sanctitatis
1306 1090 1516 1131 clemencia,
1538 1089 1749 1122 beatissime
1778 1095 1891 1134 pater,
1916 1096 1983 1122 etc.
2010 1103 2026 1120 »
2051 1110 2095 1114 —
2122 1080 2262 1122 Idcirco

392 1171 456 1192 vos
478 1164 610 1191 attente
628 1169 798 1202 rogamus
820 1164 855 1190 et
876 1157 1097 1202 requirimus
1115 1157 1284 1202 quatinus
1306 1168 1370 1201 pre
1391 1156 1524 1189 ceteris
1541 1162 1576 1189 et
1596 1156 1694 1188 omni
1715 1168 1815 1190 mora
1835 1162 1972 1189 semota
1989 1155 2137 1197 bullam,
2156 1168 2260 1201 quam

386 1226 457 1269 jam
482 1224 700 1269 plumbatam
732 1224 978 1269 optinuistis³,
1007 1223 1115 1257 nobis
1143 1224 1407 1264 transmittatis,
1430 1235 1510 1256 cum
1543 1223 1806 1268 protestatione
1834 1229 1953 1256 tamen
1984 1222 2165 1268 solempni
2195 1234 2262 1256 nos

391 1304 470 1324 cum
492 1291 552 1323 illa
573 1291 671 1323 bulla
699 1297 734 1323 et
762 1292 840 1335 ejus
871 1291 1113 1335 prerogativa,
1136 1291 1224 1335 quin
1254 1303 1319 1335 pro
1350 1290 1512 1323 uberiori
1542 1289 1764 1331 laboremus,
1790 1302 2015 1335 nequaquam
2044 1290 2258 1330 contentari,

391 1358 602 1403 dilligenter
622 1358 726 1391 valde
743 1358 884 1398 adhoc,
903 1358 1000 1402 quod
1022 1358 1214 1390 concessio
1236 1357 1322 1390 dicti
1344 1357 1461 1402 quinti
1481 1357 1624 1390 articuli
1645 1357 1760 1390 valeat
1779 1356 1886 1390 nobis
1907 1364 1942 1390 et
1962 1369 2066 1390 suum
2089 1356 2261 1389 sortiatur

390 1425 555 1458 effectum
578 1437 596 1457 a
618 1425 711 1457 dicta
737 1425 816 1457 data
842 1425 1060 1457 insistendo.
1083 1425 1196 1467 Quam
1226 1425 1257 1457 si
1278 1424 1444 1458 videritis
1465 1436 1530 1458 vos
1560 1436 1634 1457 non
1663 1436 1773 1470 posse
1800 1424 1978 1469 optinere,
2008 1430 2068 1456 aut
2097 1423 2194 1468 quod
2224 1423 2261 1456 in

390 1492 630 1537 prejudicium
653 1498 817 1524 nostrum
840 1492 949 1524 nimia
971 1491 1116 1524 dillacio
1138 1491 1255 1533 fieret,
1278 1491 1461 1536 rccipiatis
1483 1503 1558 1524 eam
1587 1491 1655 1524 sub
1681 1491 1759 1524 data
1780 1491 1901 1536 prime
1920 1493 1997 1536 ejus
2016 1490 2259 1530 concessionis,

388 1559 559 1592 videlicet
576 1560 626 1603 vj⁰
643 1559 726 1591 idus
742 1558 828 1591 Julii
850 1570 944 1591 anno
962 1559 1159 1599 secundo‘,
1179 1559 1293 1603 ipsam
1316 1559 1367 1591 sic
1389 1559 1621 1591 accommode
1638 1558 1840 1603 expeditam
1862 1557 1969 1590 nobis
1986 1569 2091 1602 quam
2113 1556 2262 1590 brevius

389 1625 555 1670 poteritis
576 1625 877 1666 transmittentes,
900 1625 1048 1670 proviso
1070 1625 1168 1669 quod
1196 1625 1275 1658 data
1307 1625 1565 1670 publicationis
1594 1625 1711 1670 ipsius
1740 1625 1970 1670 prerogative
1991 1631 2089 1665 tunc,
2112 1624 2144 1656 si
2165 1623 2262 1669 regi-

388 1699 497 1725 strata
517 1692 639 1733 suerit,
657 1704 675 1724 e
693 1692 850 1737 registro
872 1692 1047 1725 deleatur.
1072 1693 1110 1724 ln
1133 1704 1198 1737 spe
1219 1694 1323 1737 cujus
1344 1699 1379 1725 et
1400 1693 1578 1737 premium
1599 1692 1755 1737 aliquale
1776 1691 1940 1724 laborum
1958 1698 2162 1725 vestrorum
2184 1702 2263 1736 per-

389 1771 497 1792 sonas
525 1765 664 1792 vestras
693 1759 800 1791 nobis
823 1759 987 1792 dillectas
1008 1759 1156 1792 domino
1185 1766 1311 1792 nostro
1342 1759 1550 1804 specialiter
1569 1759 1907 1792 recommendamus
1934 1765 1969 1791 et
1994 1758 2099 1791 vobis
2120 1757 2261 1790 ordina-

387 1826 505 1859 vimus
534 1826 740 1870 octuaginta
773 1832 885 1866 scuta,
919 1826 1063 1870 utrique
1094 1826 1235 1859 scilicet
1264 1826 1514 1872 quadraginta.
1548 1828 1591 1859 Et
1620 1826 1703 1870 quia
1731 1825 1976 1858 intelleximus
1998 1824 2197 1857 nonnullos
2218 1834 2261 1857 ex

388 1893 525 1925 nostris
543 1893 744 1937 suppositis
766 1892 931 1925 laborare
949 1904 993 1924 ne
1011 1893 1171 1937 predicta
1188 1893 1418 1938 prerogativa
1435 1900 1495 1926 aut
1513 1893 1704 1926 concessio
1721 1892 1839 1937 quinti
1860 1891 2000 1924 articuli
2022 1891 2129 1924 nohis
2145 1890 2262 1924 valeat

388 1966 469 1992 ante
491 1960 570 2003 ejus
591 1958 874 2003 publicationem
896 1959 933 1991 in
951 1959 1179 2001 cancellaria,
1196 1972 1262 1993 vos
1284 1972 1486 2005 precamur,
1505 1966 1544 1992 ut
1564 1959 1595 1992 si
1617 1971 1709 2004 quos
1730 1958 1820 1992 tales
1836 1958 2025 1994 noveritis,
2043 1957 2127 1990 illos
2148 1957 2262 1990 nomi-

388 2026 498 2058 natim
519 2025 627 2058 nobis
649 2026 866 2070 designetis,
884 2026 928 2058 ad
950 2038 1103 2070 quorum
1125 2027 1250 2070 utique
1272 2027 1525 2071 privationem,
1544 2027 1574 2059 si
1596 2038 1669 2059 non
1691 2038 1730 2058 se
1750 2026 1852 2070 ipsos
1868 2025 2096 2070 corrigentes
2113 2035 2261 2057 concor-

389 2093 482 2125 diter
497 2092 686 2126 vobiscum
709 2092 752 2125 ad
775 2099 933 2125 nostram
957 2093 1200 2126 intencionem
1223 2093 1480 2135 laboraverint,
1503 2093 1757 2138 procedemus.

480 2191 599 2214 Minuta
611 2190 727 2215 chax-tae.
741 2190 766 2213 in
784 2190 860 2213 Arch.
879 2193 933 2214 nat.
952 2191 1045 2219 Paris„
1058 2192 1082 2214 M
1098 2193 1149 2218 65¹²,
1165 2195 1193 2213 11ο
1204 2192 1233 2214 96
1245 2191 1315 2220 (011111
1331 2192 1360 2215 Α.
1376 2193 1414 2215 33.
1431 2193 1467 2221 11).
1484 2191 1576 2219 Quoad
1590 2191 1717 2222 temporis
1730 2194 1828 2220 notam,
1845 2191 1898 2215 vid.
1915 2194 1990 2214 notas
2005 2194 2153 2221 sequentes.

481 2274 505 2298 ¹1.
521 2276 570 2297 An.
586 2275 655 2302 1411,
676 2275 812 2303 Novemb„
832 2283 884 2298 11011
900 2275 969 2298 inter
985 2278 1106 2306 regentes
1123 2276 1171 2297 fae.
1189 2275 1335 2298 medicinae
1350 2276 1468 2305 affertur,
1485 2275 1547 2307 quia
1563 2276 1589 2298 in
1605 2276 1678 2298 curia
1695 2276 1812 2299 Romana
1827 2279 1892 2305 erat,
1907 2278 1931 2298 et
1945 2278 2037 2306 postca
2058 2274 2156 2297 ibidem
2172 2282 2258 2297 mora-

387 2318 474 2341 batur.
487 2332 515 2336 ——
529 2319 552 2343 2.
572 2319 593 2342 1.
609 2328 631 2342 e.
648 2319 720 2342 illius
735 2319 850 2348 chartae,
867 2319 893 2342 in
909 2328 960 2350 qua
976 2319 1148 2350 privilegium
1164 2320 1248 2350 quinti
1262 2320 1368 2343 articuli
1385 2320 1442 2349 suit,
1457 2328 1538 2351 supra
1553 2324 1582 2343 n⁰
1595 2320 1665 2343 1925.
1680 2334 1711 2337 —
1726 2320 1750 2344 3.
1768 2321 1797 2343 In
1812 2324 1887 2343 num⁰
1902 2319 2069 2351 praecedenti
2085 2319 2259 2350 publicatam.

387 2377 418 2381 —
431 2364 456 2389 4,
473 2364 491 2386 Ε
508 2372 558 2394 quo
574 2367 693 2395 apparet,
710 2363 882 2395 privilegium
902 2364 986 2395 quinti
1002 2364 1108 2387 articuli
1126 2364 1212 2387 solum
1228 2372 1271 2389 an.
1288 2365 1358 2394 1411,
1371 2365 1425 2389 Jul.
1442 2365 1480 2395 10,
1495 2373 1649 2388 concessum
1665 2373 1731 2388 esse.
1748 2365 1788 2388 Cf.
1801 2364 1880 2388 etium
1893 2369 1922 2387 11⁰
1938 2365 2007 2392 1925»,
2024 2367 2088 2392 not„
2104 2366 2130 2387 et
2146 2368 2174 2386 n⁰
2189 2363 2258 2387 1953.

392 2529 531 2566 1943.
556 2540 658 2564 Hector
681 2540 881 2565 Universitatis
900 2540 1015 2566 nomine
1030 2540 1184 2574 facultatis
1205 2542 1311 2566 artium
1330 2541 1358 2566 in
1377 2541 1500 2566 Concilio
1526 2541 1675 2566 Gallicano
1690 2542 1816 2566 Parisiis
1836 2541 1979 2567 celebrato
1994 2540 2072 2573 dicit,
2088 2539 2259 2573 facultatem

476 2596 529 2612 non
546 2587 614 2613 velle
631 2588 777 2623 impedire,
797 2589 866 2623 quin
882 2589 1062 2615 extorsiones
1080 2590 1268 2624 pecuniarum
1287 2590 1315 2615 in
1330 2591 1410 2616 Rom.
1428 2590 1509 2615 curia
1525 2591 1721 2625 corrigantur;
1737 2591 1851 2616 minime
1873 2594 1967 2615 tamen
1988 2589 2148 2614 subtractio
2169 2587 2260 2614 colla-

476 2637 561 2661 tionis
579 2636 777 2671 beneficiorum
794 2644 902 2663 summo
918 2638 1054 2673 pontifici
1068 2638 1207 2672 facienda
1223 2643 1274 2664 est.
1292 2639 1431 2675 Appellat
1446 2639 1486 2664 ad
1500 2648 1638 2664 summum
1653 2640 1826 2675 pontificem.

1566 2729 1638 2758 1412,
1654 2728 1786 2754 Februarii
1797 2730 1842 2758 23,
1859 2728 1972 2754 Parisiis.

476 2813 516 2843 ln
544 2812 689 2845 nomine
718 2814 863 2845 Domini
894 2815 1010 2847 nostri
1038 2816 1125 2847 Jesu
1153 2815 1310 2857 Christi,
1338 2828 1454 2848 amen.
1486 2817 1662 2849 Noverint
1693 2816 1856 2849 universi
1888 2827 2041 2861 presens
2072 2814 2255 2859 publicum

386 2877 663 2910 instrumentum
693 2879 892 2923 inspecturi
927 2881 1024 2925 quod
1056 2894 1150 2914 anno
1174 2883 1338 2926 ejusdem
1366 2883 1513 2915 Domini
1543 2883 1737 2916 millesimo
1759 2882 2121 2928 quadringentesimo
2142 2881 2257 2913 unde-

510 2936 546 2958 29.
