2502 3418
280 330 375 366 1422]
623 342 669 363 ΑΒ
704 342 809 363 ΑΝΝΟ
844 341 1131 363 MCCCLxxxxiv
1161 341 1292 369 USQUE
1329 342 1375 362 Al}
1411 342 1547 362 ANNUM
1584 342 1788 362 macconi.
2071 332 2128 363 411

278 418 504 450 decretorum
528 417 711 449 doctorem
738 416 908 449 eminenti
931 416 1080 448 scientia
1103 416 1237 448 dudum
1262 416 1429 448 evaserit.
1457 416 1562 460 Apud
1585 427 1670 447 suos
1692 428 1778 448 vero
1800 428 1837 447 ac
1866 416 1898 447 in
1926 422 1995 448 tota
2023 416 2134 447 Seno-

278 485 383 517 nensi
412 483 595 529 provincia
625 484 670 516 ita
693 483 859 523 dilectus,
883 483 929 515 ita
955 489 1092 528 gratus,
1116 483 1160 515 ita
1191 489 1390 527 reputatus,
1413 489 1449 515 ut
1476 482 1544 514 sub
1572 482 1650 514 talis
1678 482 1804 527 prelati
1832 483 1993 527 regimen
2022 483 2134 514 sortu-

277 558 379 584 natos
402 563 440 584 sc
469 557 594 596 putent
620 557 654 583 et
679 550 805 583 felices
830 550 984 583 futuros.
1008 550 1062 582 Ad
1087 550 1199 595 pedes
1221 550 1340 595 itaque
1369 556 1488 583 vestre
1516 549 1752 582 beatitudinis
1783 549 1924 582 devotis
1953 549 2134 582 mentibus

276 619 380 651 affusi
410 617 594 650 humiliter
624 617 883 662 supplicamus,
907 624 945 650 ut
968 629 1065 650 suam
1096 617 1251 650 celerem
1278 617 1545 662 expeditionem
1574 628 1646 649 non
1668 617 1866 661 impediant
1891 628 2009 648 rerum
2031 617 2134 649 verti-

276 686 395 731 gines,
424 697 496 718 non
521 685 738 717 mutationes
761 691 962 729 temporum
1073 684 1241 717 Eamdem
1270 685 1493 717 sanctitatem
1527 690 1681 717 vestram
1717 695 1934 717 conservare
1965 683 2136 728 dignetur

276 752 435 785 omnium
453 752 652 797 dispositor
673 751 835 784 Ecclesie
852 763 917 784 sue
934 758 1175 785 sacrosancte.

368 850 486 875 Minuta
500 850 614 873 chartac.
629 850 654 872 in
666 850 742 873 Arch.
759 853 813 874 nat..
827 850 921 878 Paris„
938 851 960 873 M
975 851 1026 879 65⁸,
1042 854 1070 873 n⁰
1086 851 1124 873 28.
1135 864 1166 868 —
1177 850 1240 873 Cum
1255 858 1336 881 supra
1351 849 1462 878 dicatur,
1480 850 1622 873 Senonens.
1637 849 1773 873 ecclesiam
1784 849 1839 880 jam
1855 850 1881 871 80
1894 857 1981 872 mense
1995 857 2097 873 vacare.
2113 851 2138 871 et

275 895 401 918 Henricus
415 895 446 918 de
462 896 580 926 Savoysy
594 894 717 926 antiquus
731 894 956 926 archiepiscopus,
973 903 1016 918 an.
1031 895 1099 923 1422,
1117 895 1203 918 Martii
1219 895 1257 920 13,
1274 897 1392 917 mortuus
1409 894 1452 922 sit,
1469 894 1580 926 epistola
1596 895 1628 917 ad
1645 894 1783 918 Octobrem
1802 894 1842 917 vel
1861 894 2034 917 Novembrem
2054 893 2135 924 perti-

274 943 327 963 net.
342 954 372 958 —
388 941 415 963 ln
429 940 518 963 eodem
535 944 610 963 num⁰
624 940 691 963 duae
707 939 774 963 aliae
790 940 914 969 minutae,
932 948 983 963 una
999 940 1031 962 ad
1050 948 1156 971 papam,
1173 940 1256 963 altera
1271 940 1304 962 nd
1319 939 1477 968 cardinales,
1496 942 1598 962 exstant
1613 940 1644 963 de
1658 939 1749 962 eodem
1764 942 1919 970 argumento
1939 942 1964 962 et
1981 947 2028 969 pro
2047 939 2137 962 eodem

275 993 286 1008 α
303 985 411 1008 emerito
426 993 436 1007 »J
454 984 586 1007 facultatis
607 985 714 1013 decret„
734 984 778 1007 ubi
801 984 879 1008 etiarn
904 984 1030 1008 scribitur
1048 992 1052 1007 :
1068 993 1079 1007 (t
1095 984 1269 1016 promotionis
1292 984 1485 1015 exspectatione
1510 984 1667 1007 Senonensis
1684 984 1794 1007 ecclesia
1813 984 1868 1015 jam
1888 992 1935 1015 per
1957 987 2014 1007 octo
2035 993 2137 1008 menses

274 1029 376 1061 magnis
390 1029 511 1060 dampnis
525 1029 636 1052 afficitur
652 1037 674 1054 υ,

367 1114 390 1139 1.
408 1114 445 1137 ΑΙ)
460 1122 503 1137 an.
522 1114 592 1142 1409,
611 1114 736 1138 Novemb.
753 1114 782 1137 13
805 1114 891 1143 (Arch.
908 1115 975 1144 Vat.,
994 1115 1048 1144 ΧΠ,
1063 1114 1115 1141 121,
1132 1123 1159 1145 p.
1174 1115 1223 1143 18).
1236 1115 1309 1137 Tunc
1326 1114 1427 1137 celebre
1445 1114 1594 1137 convivium
1615 1117 1676 1145 post
1695 1114 1811 1138 lauream
1833 1117 1967 1146 acceptam
1985 1115 2010 1138 in
2026 1115 2138 1138 decretis

273 1159 457 1182 celebrabatur
474 1159 536 1188 (vid.
555 1159 627 1183 Gall.
640 1160 746 1187 christ„
762 1159 817 1187 ΧΠ,
836 1167 862 1190 p.
877 1160 941 1188 396).
954 1173 984 1176 —
999 1158 1023 1183 2.
1041 1159 1129 1182 Solum
1149 1167 1191 1183 an.
1209 1159 1277 1186 1423,
1294 1160 1355 1182 Jun.
1369 1160 1407 1188 26,
1424 1167 1438 1182 a
1456 1160 1568 1182 Martino
1584 1160 1604 1182 V
1624 1159 1648 1182 in
1665 1159 1895 1191 archiepiscopum
1915 1160 2057 1183 Senonens.
2074 1168 2136 1182 con-

272 1204 392 1227 firmatus
410 1207 450 1227 est
462 1204 548 1234 (Arch.
567 1204 633 1232 vat„
648 1204 701 1234 ΧΗ,
718 1204 771 1231 121,
788 1212 815 1235 p.
829 1204 893 1234 164).
906 1217 933 1221 —
949 1204 974 1229 3.
991 1205 1100 1235 Propter
1115 1204 1185 1227 bella
1198 1204 1307 1227 ecclesia
1321 1204 1481 1227 cathedralis
1498 1204 1605 1227 ruinosa
1619 1207 1684 1228 erat.
1697 1204 1752 1228 Vid.
1768 1206 1897 1234 Auctar.,
1909 1205 1941 1234 ll,
1957 1213 1983 1236 p.
1997 1206 2051 1233 608,
2066 1206 2106 1230 42.

276 1371 419 1410 2202.
443 1381 569 1407 Litterae
583 1380 747 1407 credentiae
758 1389 810 1417 pro
826 1380 936 1407 duobus
951 1381 1212 1407 ambassiatoribus
1234 1381 1433 1406 Universitatis
1449 1381 1489 1406 ad
1501 1381 1600 1407 ducem
1619 1381 1793 1407 Glocestriae
1809 1382 1914 1407 missis.

1452 1469 1524 1498 7422,
1540 1469 1686 1495 Decembris
1700 1471 1724 1499 3,
1741 1470 1853 1496 Parisiis.

691 1559 888 1585 Illustrissimo
903 1567 935 1585 ac
950 1559 1152 1593 potentissimo
1168 1559 1303 1592 principi,
1318 1558 1440 1584 domino
1455 1558 1522 1584 duci
1538 1558 1718 1584 Glocestrie¹.

364 1640 444 1680 Paci
473 1659 668 1692 regnorum
700 1647 834 1692 pariter
859 1654 894 1680 et
921 1647 1077 1688 utilitati,
1107 1647 1357 1679 illustrissime
1385 1647 1569 1691 princeps,
1603 1658 1666 1691 pro
1697 1654 1819 1679 nostra
1845 1647 2033 1680 vocatione
2065 1654 2140 1680 stu-

271 1714 413 1755 dentes,
436 1726 519 1747 ecce
549 1714 722 1747 mittimus
753 1715 796 1747 ad
827 1715 1043 1759 presentiam
1073 1721 1228 1747 vestram
1258 1713 1421 1746 delectos
1453 1720 1487 1747 et
1517 1713 1712 1758 perdoctos
1733 1714 1831 1746 viros
1859 1714 2139 1747 ambassiatores

274 1788 419 1814 nostros
441 1782 636 1827 magistros
655 1781 856 1814 Johannem
887 1781 1147 1827 Pulchripatris
1178 1793 1279 1814 sacre
1312 1781 1496 1826 theologie
1529 1781 1774 1825 professorem
1804 1788 1838 1814 et
1857 1781 2028 1814 Jacobum
2058 1783 2140 1815 Sac-

275 1852 435 1894 quespee
457 1849 492 1881 in
514 1849 691 1882 medicina
713 1849 940 1894 magistrum,
967 1849 1099 1894 quibus
1121 1848 1295 1881 nonnulla
1318 1848 1455 1880 domini
1482 1849 1596 1881 nostri
1624 1849 1769 1881 Henrici
1798 1849 1863 1881 Dei
1888 1850 2007 1894 gracia
2030 1851 2140 1882 Fran-

275 1928 398 1949 corum
417 1922 451 1949 et
471 1915 673 1961 Anglorum
697 1916 795 1961 regis
817 1917 1016 1949 dominium
1039 1923 1145 1961 atque
1167 1916 1243 1961 ipsa
1267 1927 1378 1960 regna
1400 1916 1584 1960 tangentia
1605 1916 1869 1956 commisimus,
1887 1917 1923 1948 in
1941 1924 2138 1962 conspectu

274 1990 396 2016 vestro
417 1983 614 2028 diligenter
639 1984 863 2029 explicanda.
888 1984 1027 2016 Idcirco
1049 1990 1168 2016 vestre
1191 1983 1428 2016 dominationi
1449 1983 1709 2028 supplicamus,
1733 1990 1911 2028 quatenus
1938 1984 1974 2016 in
2000 1985 2139 2017 cunctis

275 2063 339 2096 pro
370 2057 469 2096 parte
499 2057 622 2084 nostra
653 2051 819 2083 dicendis
854 2051 1001 2096 prefatis
1034 2050 1358 2084 ambassiatoribus
1389 2050 1526 2083 nostris
1555 2050 1730 2083 adhibere
1761 2051 1963 2095 dignemini
1999 2051 2137 2096 plenam

274 2117 396 2159 fidem,
426 2118 527 2163 ipsos
557 2117 709 2163 benigni
738 2118 872 2151 favoris
901 2125 933 2151 et
966 2118 1090 2151 auxilii
1120 2117 1310 2162 complexu
1340 2117 1515 2150 habentes
1545 2118 1816 2150 recommissos.
1849 2118 2137 2152 Dominationem

273 2191 429 2218 vestram
457 2197 675 2218 conservare
703 2185 875 2230 dignetur
894 2185 1029 2219 Jhesus
1049 2185 1218 2219 Christus
1247 2185 1415 2217 feliciter.
1445 2186 1522 2217 Dat.
1553 2185 1714 2218 Parisius
1736 2185 1772 2217 in
1793 2192 1916 2218 nostra
1938 2198 2139 2231 congrega-

275 2252 373 2284 tione
394 2252 555 2297 generali
578 2252 672 2297 apud
694 2253 861 2285 Sanctum
884 2253 1102 2285 Maturinum
1126 2252 1339 2285 solemniter
1358 2251 1538 2284 celebrata
1561 2252 1618 2284 die
1640 2252 1695 2296 jjja
1716 2252 1852 2285 mensis
1874 2253 2099 2286 Decembris.

930 2320 1092 2354 Benivoli
1105 2320 1229 2360 vestri,
1249 2325 1368 2353 rector
1382 2325 1416 2353 et
1437 2320 1663 2353 Um‘versz'tczs
1677 2319 1794 2353 studii
1814 2321 2044 2355 Parisz'ensis.

1696 2388 1869 2419 ΗΕΒΕΠΤΞ.

368 2482 515 2516 Originnlia
530 2493 649 2516 pergam.
665 2485 716 2508 duo
730 2486 755 2508 in
770 2486 846 2509 Arch.
861 2486 937 2509 Univ.
954 2486 1047 2516 Puris„
1062 2486 1129 2509 thee.
1147 2486 1177 2514 11,
1196 2487 1244 2508 AA.
1263 2487 1289 2513 s.,
1302 2489 1327 2508 et
1342 2486 1409 2508 thee.
1427 2486 1445 2513 l,
1462 2486 1490 2508 Α.
1509 2486 1529 2508 l.
1546 2494 1566 2508 c.
1580 2498 1608 2502 —
1623 2485 1698 2513 Bur„
1712 2485 1738 2512 Υ,
1756 2485 1809 2507 361.
1822 2499 1852 2502 -
1867 2486 1913 2508 Ast
1927 2485 2059 2508 Johannes
2076 2486 2136 2509 Pul-

274 2529 416 2561 chripatris
432 2529 538 2553 minime
556 2530 582 2553 in
597 2530 718 2561 Angliam
734 2530 813 2554 venit.
830 2531 894 2553 Cum
910 2531 941 2554 de
957 2531 1062 2554 civitate
1077 2531 1160 2554 Paris.
1175 2531 1207 2553 ad
1223 2530 1357 2553 civitatem
1372 2530 1524 2553 Bclvacens.
1539 2529 1673 2559 transiret,
1686 2530 1710 2552 in
1724 2537 1816 2552 manus
1833 2530 2019 2553 sceleratorum
2037 2530 2136 2560 incidit,

275 2574 319 2605 qui
333 2574 355 2597 ci
371 2574 458 2597 omnia
474 2574 648 2603 abstulerunt,
660 2574 747 2606 ipsum
764 2583 842 2598 manu
858 2583 906 2598 sua
919 2576 1009 2598 dextra
1026 2576 1177 2598 mutilantes
1192 2577 1233 2604 (cs.
1247 2577 1376 2601 Auctar„
1394 2575 1425 2599 ll.
1439 2583 1463 2605 p.
1477 2575 1530 2599 306.
1548 2577 1599 2597 not.
1613 2575 1636 2605 7,
1652 2582 1665 2596 e
1681 2574 1773 2604 Suppl.
1787 2575 1862 2597 Mart.
1875 2575 1904 2599 V.
1917 2579 1945 2597 n0
1961 2575 2013 2602 170,
2028 2576 2074 2599 fol.
2087 2577 2136 2605 80).

275 2619 395 2642 Decemb.
412 2619 440 2642 12
456 2619 512 2642 loco
526 2619 582 2650 ejus
599 2619 755 2642 Guillclmus
772 2620 866 2643 Euvrie
881 2620 978 2643 electus
992 2623 1017 2642 et
1034 2620 1131 2643 missus
1149 2623 1188 2643 est
1205 2620 1268 2650 (vid.
1285 2619 1371 2646 infra).
1391 2620 1510 2642 Facultas
1529 2619 1608 2641 theol.
1630 2618 1766 2641 Februarii
1786 2619 1815 2641 24
1830 2618 1927 2642 infelici
1943 2619 2056 2642 Johanni
2079 2621 2138 2643 Pul—

274 2663 416 2695 cbripatris
432 2664 528 2687 donum
542 2664 571 2687 22
588 2665 669 2687 franc.
684 2665 697 2687 8
713 2665 762 2687 sol.
778 2665 850 2688 dedit
863 2667 920 2694 (ms.
936 2665 981 2688 lat.
999 2666 1067 2692 5494,
1084 2674 1110 2696 p.
1125 2666 1173 2693 23).
1190 2664 1294 2687 Minime
1310 2667 1395 2687 tamen
1412 2666 1548 2686 contentus
1565 2666 1621 2686 erat
1634 2663 1695 2691 (vid.
1713 2665 1841 2691 Auctar.‚
1857 2664 1888 2691 ll,
1902 2672 1928 2695 p.
1944 2665 1998 2693 306,
2015 2665 2047 2694 9).

369 2748 392 2773 1.
410 2749 561 2775 Humfredo,
578 2748 651 2771 fratri
668 2748 741 2771 ducis
757 2749 920 2777 Bedfordiae,
936 2749 1145 2772 administratori
1161 2749 1234 2779 regni
1250 2748 1368 2779 Angliac.
1384 2762 1413 2765 —
1429 2748 1452 2772 2.
1471 2748 1562 2770 Scriba
1576 2747 1771 2771 Universitatis.
