2502 3418
268 340 364 376 1418]
611 354 657 375 ΑΒ
693 353 797 375 Anno
831 353 1118 375 MCCCLXXXX1V
1153 354 1282 382 USQUE
1318 355 1365 375 AD
1400 355 1537 376 ANNUM
1575 356 1777 377 mccccmi.
2062 347 2127 379 835

355 428 456 454 Petrus
469 428 505 454 de
521 428 636 457 Laudis,
979 428 1033 454 sub
1047 428 1171 454 domino
1212 428 1345 455 Johanne
1359 429 1490 455 Guerini.

355 477 453 502 Frater
468 477 616 502 Hubertus
630 476 779 505 Cornueti.
1061 492 1095 495 —
1213 477 1316 503 abbate
1331 478 1357 503 S.
1373 478 1506 511 Crispini.

354 526 496 552 Robertus
511 526 604 555 Vaste.
1214 526 1322 552 Ilcrveo
1336 527 1509 553 Pouchardi.

1213 575 1307 608 priore
1321 575 1357 601 de
1372 576 1521 605 Pontibus,
1536 576 1571 602 de
1585 576 1681 609 Logia.

1212 622 1315 649 abbate
1328 623 1354 649 S.
1373 624 1448 650 Petri
1464 624 1655 650 Carnotensis.

354 575 474 601 Michael
486 575 609 608 Anglici.

354 624 485 649 Nicolaus
500 623 628 653 Cordis².

355 672 535 698 Guillermus
550 673 586 698 ad
599 672 697 702 Fahas‚

354 721 451 746 Frater
467 720 633 753 Stephanus
645 721 672 746 la
688 720 775 749 Hure‚

353 769 502 795 Johannes
516 769 623 799 VIardi‚

352 818 500 844 Johannes
514 818 606 847 RlbeL

354 867 455 893 Petrus
468 867 539 900 Gay,

353 916 505 942 Nicholaus
518 916 666 942 Chaonnis
680 916 776 942 dictus
791 916 945 946 Blanche³‚

353 964 472 997 Egidius
484 965 520 990 de
531 965 705 998 Perreuchy,

1211 672 1351 699 Warnero
1367 673 1461 699 Barre.

1211 722 1308 755 priore
1322 722 1358 748 de
1374 722 1523 747 Pontibus.

1211 771 1353 797 Warnero
1368 771 1481 804 Barrey.

1211 820 1367 853 Radulpho
1383 819 1533 846 Rousselli.

1211 868 1333 903 [abbate]
1348 868 1372 894 S.
1391 868 1526 901 Crispini.

1212 917 1362 943 Leonardo
1376 917 1412 943 de
1426 918 1557 943 Passano.

1211 967 1346 992 Johanne
1363 966 1495 993 Guerini.

1211 1015 1361 1042 Leonardo
1375 1015 1412 1041 de
1426 1016 1556 1041 Passano.

1211 1065 1366 1098 Radulpho
1379 1064 1528 1091 Rousselli.

1211 1114 1314 1140 abbate
1330 1114 1356 1139 S.
1373 1114 1457 1140 Petri.

1211 1163 1320 1189 Herveo
1336 1163 1507 1188 Pouchardi.

1210 1211 1368 1244 Reginaldo
1384 1211 1484 1236 Crassi.

352 1013 500 1040 Johannes
514 1014 690 1044 Mercatoris,

352 1062 500 1089 Johannes
513 1063 615 1092 Crassi,

351 1112 500 1138 Johannes
514 1112 550 1138 de
566 1112 654 1141 Valle,

351 1160 500 1186 Johannes
513 1160 660 1190 SandrinL

352 1209 475 1235 Jacobus
489 1209 601 1238 Anlori.

352 1258 453 1284 Petrus
468 1258 653 1288 Carrillonni‚

352 1306 494 1332 Hebertus
509 1307 662 1340 Alumpni.

352 1355 494 1381 Robertus
509 1356 626 1386 Helene,

351 1404 450 1431 Frater
462 1405 611 1431 Johannes
626 1405 748 1432 Villaine
758 1405 775 1435 ⁶,

1210 1261 1306 1294 priore
1318 1261 1354 1286 de
1366 1260 1514 1286 Pontibus.

1210 1309 1333 1344 [abbate]
1352 1310 1378 1335 S.
1394 1309 1479 1335 Petri.

1212 1357 1335 1392 [abbate]
1351 1358 1377 1383 S.
1393 1357 1526 1390 Crispini.

1212 1406 1336 1441 [abbate]
1350 1407 1385 1433 de
1400 1406 1500 1432 Cruce.
1714 1405 1766 1440 [33]

1057 541 1096 1425 lllllllllllllllllll

353 1493 440 1524 Item
464 1493 617 1537 predicti
647 1492 842 1526 bachalarii
870 1494 1018 1526 suerunt
1047 1495 1245 1538 presentati
1273 1495 1420 1527 domino
1447 1494 1733 1527 snbcancellario
1762 1495 1957 1527 Parisiensi
1988 1507 2052 1539 per
2072 1507 2127 1527 me

263 1559 490 1604 Radulphum
515 1560 735 1600 Rousselli⁵,
759 1560 795 1592 in
821 1561 1009 1605 presencia
1031 1561 1377 1606 quamplurimorum
1411 1562 1639 1594 dominorum
1669 1573 1829 1594 meorum
1864 1562 2065 1602 doctorum,
2095 1569 2129 1594 et

261 1626 329 1659 fuit
348 1634 385 1659 x³
406 1626 464 1659 die
486 1627 687 1660 Februarii.

356 1724 464 1747 Memor.
481 1725 529 1748 sac.
547 1725 627 1754 decr.,
644 1725 664 1754 1,
689 1725 734 1748 sol.
748 1726 787 1748 41.
804 1740 831 1742 -
852 1725 959 1749 Livinus
974 1725 1098 1749 Neuelinc
1114 1726 1182 1748 inter
1199 1729 1319 1757 regentes
1342 1734 1393 1748 non
1411 1726 1527 1754 ass'ertur,
1551 1726 1613 1757 quia
1635 1730 1695 1749 tunc
1718 1735 1776 1749 cum
1799 1726 1858 1749 aliis
1882 1726 1931 1749 fuit
1952 1725 2129 1749 ambassiator-

261 1768 336 1791 ducis
350 1768 519 1799 Burgundiae
532 1769 565 1792 ad
581 1769 727 1792 Concilium
744 1770 938 1793 Constantiens.
956 1770 1018 1799 (vid.
1034 1770 1102 1794 Bibl.
1117 1773 1170 1793 nat.
1190 1770 1282 1798 Paris..
1298 1779 1346 1794 ms.
1364 1771 1410 1794 lat.
1425 1771 1509 1799 1485²‚
1528 1771 1572 1794 sol.
1588 1771 1656 1802 4411),
1669 1771 1746 1802 44417).

355 1852 379 1877 1.
395 1853 603 1876 Archidiaconus
620 1854 796 1877 Dunkeldens.
810 1857 902 1885 postca
919 1854 1082 1885 supplicavit
1094 1855 1206 1878 Martino
1222 1855 1250 1882 V,
1267 1858 1295 1877 ut
1313 1855 1344 1877 de
1354 1855 1503 1885 juramento
1518 1855 1644 1886 praestito
1662 1864 1672 1877 1(
1689 1855 1720 1877 dc
1736 1863 1786 1877 non
1801 1855 1950 1885 recipiendo
1967 1854 2030 1877 alibi
2049 1862 2127 1885 quam

261 1896 379 1920 Parisius
395 1897 511 1928 insignia
528 1898 674 1921 doctoralia
689 1907 701 1919 11
717 1898 925 1929 dispensaretur,
942 1907 1000 1921 cum
1012 1899 1075 1922 haec
1092 1902 1224 1930 «propter
1239 1907 1318 1922 onera
1333 1907 1506 1930 expensarum
1523 1899 1756 1930 cor-requisiturum
1768 1899 1793 1922 in
1809 1899 1895 1922 studio
1911 1899 1995 1922 Paris.
2011 1899 2127 1929 recipere

261 1949 312 1964 non
327 1945 418 1972 posset
434 1950 455 1965 1).
471 1943 520 1965 Sed
537 1944 673 1966 confessus
689 1946 728 1966 est
742 1951 784 1966 un.
796 1944 857 1966 1430
873 1951 899 1966 se
916 1943 941 1966 in
956 1943 1004 1966 hoc
1020 1944 1158 1967 mentitum
1174 1952 1241 1967 esse.
1253 1944 1380 1967 Martinus
1396 1944 1525 1967 concessit
1541 1943 1761 1975 supplicationem
1777 1944 1882 1974 (Suppl.
1897 1944 1973 1966 Mart.
1986 1944 2013 1971 V,
2028 1947 2058 1965 n⁰
2072 1944 2125 1972 243,

261 1985 305 2010 sol.
323 1987 387 2015 275).
404 2000 435 2004 —
448 1986 471 2011 2.
488 1987 579 2010 Frater
594 1987 706 2010 celebris
721 1988 834 2018 Jacques
848 1988 941 2016 Coenr,
955 1988 1022 2019 regii
1038 1988 1133 2011 aerarii
1149 1988 1265 2011 custodis
1280 1992 1305 2011 et
1319 1988 1455 2019 praefecti.
1470 1989 1516 2012 An.
1533 1989 1592 2011 1428
1608 1988 1681 2019 prior
1696 1988 1759 2011 eccl.
1775 1996 1841 2011 suec.
1860 1989 1886 2011 S.
1905 1987 2079 2019 Austrigisilii
2096 1988 2127 2010 de

261 2030 420 2054 Castellione
436 2039 516 2062 super
531 2032 638 2054 Ydrium
662 2032 819 2056 Bituricens.
835 2032 918 2055 dioec.
942 2033 1047 2063 (Suppl.
1063 2033 1138 2056 Mart.
1160 2033 1187 2061 V,
1204 2037 1233 2055 n⁰
1253 2033 1306 2061 212,
1329 2033 1372 2056 sol.
1394 2034 1458 2062 265),
1479 2041 1520 2055 an.
1538 2034 1598 2055 1432
1621 2033 1713 2063 petivit
1737 2041 1794 2055 can.
1816 2032 1995 2055 Aurelianens.
2021 2032 2125 2062 (Suppl.

261 2075 360 2106 Eugen.
381 2076 422 2103 lv,
438 2080 467 2098 n⁰
482 2077 535 2103 320,
554 2077 598 2099 sol.
617 2077 681 2106 267),
702 2085 743 2099 an.
761 2077 831 2106 1442,
848 2077 906 2101 Jan.
923 2078 946 2106 8,
967 2086 1025 2099 cum
1044 2081 1114 2100 esset
1129 2086 1186 2100 can.
1203 2078 1320 2108 capellae
1341 2078 1366 2100 S.
1383 2077 1476 2100 Palatii
1497 2086 1552 2108 reg.
1574 2077 1741 2104 Bituriccns.,
1764 2077 1845 2108 episc.
1868 2077 2021 2100 Lucionens.
2039 2076 2125 2106 (ΑΙ-01].

260 2119 317 2144 Vat.
334 2119 434 2151 Ohlig„
452 2125 481 2142 n⁰
495 2122 534 2150 66,
552 2121 596 2143 sol.
615 2122 663 2150 58).
685 2121 722 2144 Ad
738 2129 797 2144 cum
816 2122 906 2152 plures
925 2130 985 2152 epp.
1006 2122 1116 2145 Gerardi
1133 2122 1253 2145 Macheti.
1264 2135 1294 2138 —
1306 2121 1330 2146 3.
1344 2123 1391 2145 Α11.
1407 2122 1467 2144 ’1420
1482 2122 1508 2144 in
1525 2122 1674 2145 carceribus
1690 2121 1808 2153 episcopi
1824 2122 1909 2144 Paris.
1925 2122 2045 2144 detentus
2061 2124 2126 2149 erat,

259 2167 285 2187 et
300 2167 385 2187 rector
400 2173 458 2187 cum
478 2165 658 2188 Universitate
681 2165 769 2188 curiae
790 2166 948 2196 parlamenti
971 2166 1142 2197 supplicavit,
1160 2170 1197 2194 ut,
1213 2175 1272 2189 cum
1293 2170 1415 2197 aegrotus
1436 2170 1505 2189 esset
1525 2175 1570 2189 nec
1590 2167 1623 2189 ad
1643 2166 1783 2189 vivendum
1801 2166 1949 2189 neccssaria
1964 2165 2081 2194 haberet,
2096 2165 2127 2187 de

260 2208 319 2239 ipso
332 2209 436 2239 justitia
452 2209 477 2231 in
494 2209 567 2232 brevi
591 2210 665 2233 fieret
687 2210 774 2235 (Arch.
796 2214 849 2233 nat.
871 2210 963 2238 Paris,
982 2211 1027 2233 Χίιὶ
1047 2212 1117 2238 4792,
1139 2211 1183 2234 sol.
1200 2211 1265 2238 2121’,
1283 2211 1316 2233 ad
1336 2211 1419 2242 April.
1436 2212 1484 2241 30).
1500 2224 1531 2228 —
1546 2211 1570 2236 4.
1588 2211 1680 2234 Postea
1698 2211 1723 2233 in
1740 2219 1788 2233 ms.
1805 2210 1921 2241 legitur:
1938 2220 1950 2231 (ι
1968 2210 2034 2232 Nota
2057 2210 2125 2240 quod

259 2253 318 2276 Joh.
336 2253 448 2276 Villaine
460 2254 560 2284 juravit
579 2263 713 2285 nunquam
734 2255 851 2286 incipere
866 2255 892 2277 in
909 2255 1019 2278 decretis
1036 2255 1085 2278 nisi
1103 2255 1183 2286 petita
1204 2255 1309 2278 licentia
1325 2264 1339 2278 a
1358 2256 1455 2278 decano
1471 2259 1496 2278 ct.
1515 2256 1626 2286 collegio
1646 2255 1778 2278 facultatis
1796 2258 1821 2278 et
1839 2255 1917 2277 etiam
1933 2254 2048 2282 obtenta,
2065 2254 2126 2284 quia

261 2298 311 2321 fuit
326 2298 459 2321 admissus
476 2299 507 2321 nd
524 2299 656 2321 licentiam
673 2307 730 2322 cum
745 2299 791 2322 illa
807 2300 958 2323 condicione
974 2309 997 2323 12.
1011 2313 1043 2318 —-
1058 2300 1082 2325 5,
1102 2300 1232 2323 Decanum
1249 2300 1359 2323 electum
1375 2308 1389 2322 a
1404 2300 1530 2323 Novemb.
1547 2301 1584 2329 10,
1601 2300 1732 2323 etiterum
1748 2308 1790 2323 an.
1806 2300 1875 2326 1418,
1892 2299 2017 2322 Novemb.
2034 2299 2071 2321 10.

263 2470 407 2506 2095.
431 2479 585 2504 Licentiati
601 2480 629 2504 in
643 2479 787 2512 facultate
799 2481 968 2507 medicinae.

1401 2538 1473 2565 1418,
1488 2537 1619 2562 Februarii
1636 2537 1710 2565 7-27,
1726 2536 1840 2561 Parisiis.

352 2624 417 2655 Die
450 2624 485 2656 7a
515 2623 702 2655 Februarii
736 2625 883 2657 suerunt
915 2625 1111 2669 presentati
1143 2625 1228 2657 dicti
1258 2625 1303 2668 xij
1340 2624 1529 2657 baccalarii
1559 2624 1601 2656 ad
1638 2623 1904 2667 suscipiendam
1939 2622 2125 2655 licenciam

263 2689 410 2721 domino
428 2689 716 2722 subcancellario
734 2691 907 2735 magistro
925 2692 1088 2724 Gerardo
1107 2691 1260 2732 Machet‚
1279 2692 1314 2723 in
1332 2691 1499 2723 absencia
1518 2690 1654 2722 domini
1671 2689 1875 2722 cancellarii
1892 2701 1984 2734 mag.
2000 2689 2128 2722 ¹lohan-

263 2756 320 2788 nis
337 2756 381 2788 de
399 2757 540 2789 Garson
563 2757 752 2789 existentis
774 2757 809 2789 in
828 2758 992 2790 Concilio
1010 2758 1289 2791 Constanciensi
1310 2757 1581 2790 ambassiatoris
1603 2756 1739 2789 domini
1761 2756 1876 2788 nostri
1897 2756 2007 2800 regis.
2027 2756 2126 2798 Quos

264 2823 401 2867 recepit
427 2830 611 2867 gratentcr
633 2830 666 2856 et
689 2824 789 2868 ipsos
812 2836 938 2856 omncs
963 2825 1009 2868 xij
1035 2824 1232 2857 licentiavit
1258 2824 1443 2868 predictus
1469 2823 1778 2870 subcancellarius
1799 2822 2024 2863 solemniter,
2047 2834 2127 2867 pre-

264 2889 430 2921 sentibus
459 2891 735 2935 quamplurimis
767 2891 951 2935 magistris
982 2891 1017 2922 in
1046 2890 1241 2936 theologia⁷
1272 2891 1307 2922 in
1339 2891 1494 2923 decretis
1521 2897 1551 2922 ct
1584 2890 1618 2921 in
1646 2889 1834 2930 medicina⁷
1858 2901 2000 2922 necnon
2028 2896 2063 2921 et
2090 2889 2125 2920 in
