2502 3418
255 329 351 365 1431]
600 341 647 362 AB
682 341 789 362 Anno
824 339 1114 362 MCCCLxxxxw
1145 339 1277 367 USQUE
1314 340 1361 360 An
1396 339 1535 360 ANNUM
1571 339 1776 361 MCCCCLH.
2061 331 2125 363 535

254 444 399 481 2403.
423 452 548 478 Articuli
564 461 723 478 communes
736 452 775 478 ad
791 451 913 477 rotulum
928 452 1051 487 primum
1067 451 1104 477 ab
1126 451 1313 476 Uniwersilate
1329 451 1424 477 Paris,
1440 452 1568 485 Eugenio
1585 452 1764 478 IVmissum.

1433 532 1501 561 1431,
1518 532 1665 558 Decembris
1678 533 1722 561 28.
1738 533 1839 558 Romae.

343 609 398 641 Ad
433 615 556 642 vestre
593 607 795 641 sanctitatis
827 607 1098 647 celsitudinem,
1129 606 1340 639 beatissime
1372 613 1486 651 pater,
1517 613 1724 652 presentem
1755 607 1912 639 rotulum
1945 608 2127 652 supplica-

255 675 392 708 tionum
422 675 656 720 quarumdam
687 674 913 719 generalium
946 680 979 706 et
1013 673 1225 718 specialium
1253 674 1460 707 transmittit
1489 681 1610 707 vestra
1637 673 1786 706 humilis
1820 680 1855 706 et
1891 674 2019 706 devota
2053 674 2125 707 filia

254 742 497 787 primogenita
515 741 744 774 Universitas
764 740 1022 785 magistrorum
1046 747 1081 773 et
1101 740 1295 773 scolarium
1319 741 1480 773 Parisius
1498 740 1736 780 studentium,
1756 752 1825 784 que
1847 740 1966 772 audita
1989 740 2125 772 celebri

253 808 343 840 fama
361 808 515 853 gloriosi
531 807 827 852 sanctissimique
843 807 957 840 vestri
974 807 1132 839 nominis
1150 819 1214 852 per
1228 807 1433 840 universam
1453 807 1590 840 Christi
1608 806 1797 840 ecclesiam
1817 806 1914 839 claro
1929 806 2126 851 splendore

253 874 410 908 lucentis
431 881 466 907 et
485 886 653 907 amenum
669 874 841 907 virtutum
865 874 1037 918 spirantis
1059 874 1224 914 odorem,
1246 874 1431 918 egregiam
1450 881 1485 906 et
1501 873 1725 919 singularem
1741 885 1842 918 spem
1860 873 2124 906 consolationis

254 948 336 985 post
373 953 526 986 magnos
566 941 833 985 diuturnosque
867 940 1014 973 labores
1044 941 1194 985 accepit.
1231 941 1453 985 Quamquam
1489 941 1584 973 enim
1617 941 1748 973 summi
1778 939 1970 985 pontifices
2002 947 2124 973 vestre

251 1008 452 1041 sanctitatis
479 1008 764 1053 predecessores
791 1007 907 1052 ipsam
937 1007 1218 1040 Universitatem
1250 1019 1316 1052 pro
1347 1008 1506 1040 assiduis
1537 1007 1740 1052 obsequiis,
1771 1019 1841 1052 que
1870 1013 1992 1040 sancte
2022 1007 2124 1040 matri

253 1074 409 1107 ecclesie
430 1074 644 1119 impendere
666 1074 772 1107 solita
793 1081 860 1115 est,
884 1073 1046 1118 benigno
1068 1075 1190 1107 favore
1211 1074 1406 1107 habuerint
1426 1074 1712 1107 commendatam
1735 1081 1767 1107 ct
1789 1086 1865 1106 eam
1889 1073 2124 1107 uberioribus

253 1141 495 1186 prerogativis
530 1148 637 1186 atque
673 1141 878 1186 privilegiis
918 1153 1161 1186 sepenumero
1196 1141 1461 1182 decoraverint,
1504 1148 1542 1174 ut
1580 1141 1740 1186 preclara
1779 1141 1941 1174 virorum
1977 1141 2123 1186 ingenia

252 1207 454 1240 litterarum
485 1208 607 1241 studio
636 1208 757 1240 dedita
788 1220 933 1252 semper
967 1207 1129 1248 haberet,
1161 1220 1314 1252 quorum
1345 1208 1521 1240 doctrinis
1551 1208 1711 1253 fulgeret
1740 1207 1935 1240 christiana
1961 1207 2122 1251 religio:

252 1274 407 1319 amplior
436 1281 555 1307 tamen
581 1274 692 1307 solito
715 1275 788 1319 jam
817 1275 1087 1307 fructuosarum
1119 1275 1320 1320 expectatio
1344 1275 1539 1319 gratiarum
1562 1275 1640 1307 suis
1667 1274 1843 1307 accrescit
1871 1274 2014 1315 animis,
2039 1274 2123 1306 dum

251 1347 408 1374 vestram
430 1348 614 1386 paternam
635 1341 865 1374 clementiam
888 1341 975 1374 viris
1002 1341 1171 1374 litteratis
1198 1341 1465 1387 benignissime
1488 1342 1648 1374 affectam
1676 1353 1759 1374 esse
1786 1341 1990 1386 cognoscit,
2018 1348 2124 1385 atque

252 1414 349 1440 tanto
378 1407 456 1441 zelo
485 1408 616 1440 domus
647 1408 713 1440 Dei
740 1420 942 1449 accensam,
972 1415 1011 1441 ut
1043 1415 1201 1441 sanctam
1239 1408 1429 1441 ecclesiam
1467 1420 1509 1441 ex
1540 1408 1632 1441 vivis
1660 1407 1844 1453 lapidibus
1875 1408 2123 1440 studiosorum

251 1474 439 1507 hominum
461 1475 631 1507 edificare
654 1475 806 1507 summis
831 1475 972 1507 laboret
998 1475 1202 1516 affectibus,
1225 1482 1403 1520 quatenus
1425 1475 1602 1508 adversus
1624 1475 1775 1519 spiritus
1797 1475 1959 1519 nequitie
1981 1474 2123 1519 magnis

251 1540 391 1574 viribus
416 1542 579 1574 furentes
602 1541 718 1574 solida
742 1548 777 1574 et
797 1542 939 1586 integra
960 1542 1144 1586 persistat,
1168 1543 1272 1586 cujus
1298 1542 1444 1587 quidem
1467 1541 1623 1574 ecclesie
1645 1541 1752 1574 saluti
1773 1553 1812 1574 ac
1836 1541 1934 1586 pacis
1959 1541 2123 1585 ejusdem

251 1607 394 1653 integre
423 1608 672 1641 reformationi
702 1608 785 1653 plus
814 1621 920 1653 quam
949 1609 1096 1653 proprie
1127 1609 1272 1641 utilitati
1300 1609 1435 1653 prefata
1460 1615 1579 1642 vestra
1606 1608 1677 1640 filia
1703 1608 1899 1653 gratiarum
1931 1608 2123 1652 petitarum

250 1674 402 1707 obtentu
423 1675 615 1707 intendere
637 1675 768 1719 querit.
793 1676 915 1720 Ipsum
938 1675 1050 1720 igitur
1071 1675 1229 1708 rotulum
1253 1682 1400 1720 paterna
1417 1682 1535 1708 vestra
1556 1675 1704 1708 dilectio
1727 1675 1915 1719 suscipere
1935 1675 2120 1719 dignetur.

340 1742 498 1783 [Petunt
511 1742 660 1786 gratias
678 1741 720 1775 de
739 1741 903 1786 eligendo
923 1742 1171 1787 confessorem,
1188 1742 1230 1775 de
1248 1742 1396 1776 dicendo
1417 1742 1579 1787 Officium
1603 1741 1763 1775 divinum
1789 1753 1855 1774 sec.
1883 1753 1981 1774 usum
2006 1740 2122 1774 eccles.

251 1808 366 1846 Rom„
398 1813 461 1841 aut
489 1808 614 1841 Paris.
645 1808 740 1849 eccl„
767 1814 830 1842 aut
862 1808 1020 1842 locorum
1050 1809 1317 1853 beneficiorum;
1340 1808 1382 1842 de
1403 1809 1591 1854 beneficiis,
1619 1808 1660 1841 de
1684 1807 1946 1852 dispensatione
1969 1813 2124 1852 propter

249 1873 422 1918 defectum
443 1875 593 1915 aetatis;
614 1880 652 1908 ut
673 1875 844 1915 omnibus,
868 1876 1021 1920 exceptis
1040 1875 1285 1909 cardinalibus
1305 1887 1490 1920 eorumque
1503 1881 1537 1909 et
1546 1887 1662 1920 papae
1677 1881 1711 1908 et
1732 1874 2123 1920 regumfamiliaribus

253 1946 286 1974 et
305 1941 595 1975 commensalibus
610 1942 799 1983 continuis,
807 1942 1072 1987 praeferantur
1077 1953 1089 1983 ;
1100 1942 1142 1975 de
1155 1942 1327 1988 beneficiis
1340 1942 1680 1987 incompatibilibus;
1690 1947 1893 1986 praesentes
1908 1941 2122 1982 absentibus,

252 2008 370 2052 magis
397 2007 576 2052 graduati
601 2008 715 2042 minus
749 2008 946 2053 gradualis
971 2009 1244 2054 praeferantur.
1283 2010 1494 2042 Pracsentes
1522 2014 1742 2053 reputentur,
1772 2009 1832 2053 qui
1857 2020 1923 2052 per
1951 2010 2122 2052 majorem

246 2079 389 2118 partem
410 2074 597 2108 ordinarii
618 2075 823 2119 incipientis
840 2075 987 2120 infesto
1007 2077 1050 2109 B.
1068 2076 1235 2120 Dionysii
1254 2087 1310 2109 an.
1337 2078 1440 2118 1430
1464 2077 1500 2109 in
1515 2075 1635 2109 studio
1658 2074 1875 2115 resederunt,
1901 2080 1933 2108 et
1955 2075 2071 2119 magis
2091 2079 2124 2107 et

253 2141 368 2174 minus
394 2140 588 2186 graduati,
618 2153 702 2187 quos
732 2142 960 2175 Universitas
982 2148 1021 2176 ut
1045 2143 1096 2176 sic
1120 2148 1273 2187 reputat.
1297 2143 1339 2176 Si
1364 2142 1528 2176 doctores
1556 2148 1589 2176 et
1617 2142 1791 2187 magistri
1815 2147 1971 2186 tempore
2003 2155 2018 2171 «
2043 2140 2124 2174 date

251 2208 375 2252 gratie
403 2208 438 2241 in
453 2208 615 2252 presenti
640 2209 759 2242 rotulo
787 2224 803 2239 »
836 2208 1069 2242 concedendae
1095 2209 1252 2254 gradum
1282 2209 1488 2254 magisterii
1517 2208 1668 2242 nondum
1699 2208 1853 2241 assecuti
1881 2213 1944 2241 aut
1973 2207 2123 2240 nondum

251 2275 457 2319 presbyteri
466 2275 654 2319 fuerunt¹,
674 2281 788 2319 prout
797 2276 965 2320 forsitan
985 2282 1089 2309 erunt
1109 2282 1264 2320 tempore
1278 2276 1581 2320 praesentationis
1602 2275 1716 2309 rotuli
1735 2280 1767 2308 et
1789 2275 2010 2319 signationis
2034 2274 2125 2307 arti-

255 2341 428 2382 culorum,
464 2342 527 2375 hoc
552 2342 603 2375 eis
623 2342 715 2375 nillil
735 2348 869 2376 noceat.
891 2343 1023 2376 Rector
1052 2343 1309 2377 Universitatis
1334 2349 1488 2387 tempore
1515 2342 1750 2376 conclusionis
1776 2341 1899 2381 rotuli,
1926 2342 2060 2374 Petrus
2085 2340 2125 2374 de

257 2408 415 2448 Gouda‘2,
436 2407 638 2452 adplenum
657 2408 815 2454 gaudeat
827 2411 1115 2455 praerogativis,
1138 2410 1294 2455 quamvis
1314 2410 1411 2455 infra
1433 2410 1634 2443 clausuram
1662 2409 1776 2442 rotuli
1800 2408 1908 2441 titulo
1935 2413 1969 2441 et
1989 2408 2126 2441 nomine

258 2475 411 2508 rectoris
434 2475 576 2508 minime
596 2476 832 2509 contineatur.
861 2487 912 2519 14
932 2476 1058 2510 bedelli
1067 2477 1291 2521 facultatum
1308 2482 1340 2510 et
1358 2477 1539 2510 nationum
1561 2487 1755 2509 communes
1774 2475 1981 2519 privilegiis
2005 2474 2126 2508 docto-

258 2553 350 2582 rum,
371 2541 444 2575 sine
465 2547 579 2575 tamen
588 2542 829 2587 praejudicio,
846 2543 1037 2588 gaudeant.
1038 2546 1063 2586 J

347 2608 446 2640 Idem
476 2608 648 2653 dignetur
669 2609 793 2641 eadem
821 2610 992 2643 sanctitas
1016 2617 1135 2643 vestra
1166 2622 1292 2642 omncs
1319 2610 1491 2642 articulos
1521 2621 1630 2654 supra
1657 2609 1859 2653 premissos
1890 2615 1972 2652 post
2001 2619 2126 2640 eorum

259 2674 500 2719 signationem
523 2675 560 2707 in
581 2675 695 2708 forma
717 2682 752 2708 et
772 2683 811 2708 ut
832 2677 966 2721 petitur
986 2689 1055 2709 una
1077 2689 1157 2709 cum
1176 2676 1385 2709 eorumdem
1409 2676 1614 2721 signatione
1636 2676 1672 2708 in
1694 2675 1908 2708 cancellaria
1930 2674 2127 2719 apostolica

259 2741 435 2786 publicari
469 2742 639 2774 mandare
669 2748 703 2774 et
732 2754 798 2787 pro
830 2743 970 2788 regulis
998 2743 1137 2784 haberi,
1160 2743 1330 2788 quodque
1358 2749 1621 2787 transumptum
1653 2742 1697 2774 dc
1728 2742 1884 2786 registro
1916 2741 2126 2774 corumdem

259 2808 375 2841 valeat
390 2808 561 2841 omnibus
578 2815 613 2841 et
630 2808 789 2853 singulis
806 2809 1019 2842 doctoribus
1037 2817 1071 2842 et
1088 2810 1273 2854 magistris
1295 2810 1549 2854 infrascriptis,
1574 2816 1656 2850 etc.,
1679 2821 1717 2841 ac
1735 2809 1766 2841 si
1786 2809 1830 2841 dc
1854 2815 1887 2841 et
1905 2820 2016 2853 super
2036 2808 2127 2853 ipsis

261 2874 398 2920 singuli
420 2887 544 2907 eorum
567 2875 714 2907 nomine
740 2876 888 2920 proprio
909 2876 1047 2909 litteras
1069 2876 1286 2921 apostolicas
1307 2876 1496 2917 haberent,
1524 2875 1621 2920 quod
1642 2876 1746 2908 etiam
1772 2874 1982 2919 hujusmodi
2011 2881 2128 2907 trans-
