2502 3418
1136 325 1303 346 TABULA.
2087 321 2149 352 Ἅ71

285 445 346 467 2402

285 551 346 574 2403

285 609 345 631 2404

270 713 274 729 ἶ
284 711 347 733 2405

285 813 347 835 2406

285 870 346 893 2407

286 973 313 995 24
317 973 347 995 08

286 1031 347 1053 2409

286 1133 348 1155 2410

288 1235 346 1258 2411

288 1292 350 1315 2412

290 1395 351 1418 2413

290 1498 351 1520 2414

291 1600 352 1622 2415

291 1657 353 1680 2416

292 1715 352 1738 2417

278 1773 354 1805 Ἰ2418

293 1876 355 1898 2419

293 1934 355 1957 2420

294 2037 353 2060 2421

293 2095 355 2117 2422

294 2153 355 2175 2423

294 2256 356 2279 2424

295 2358 356 2380 2425

296 2461 358 2483 2426

297 2563 357 2585 2427

297 2616 358 2639 2428

299 2758 360 2780 2429

298 2856 360 2879 2430

386 1598 539 1625 1431-1432

428 1657 496 1683 1432

562 443 772 474 Sept.26-Dec.29

569 545 718 568 Decembris
735 546 763 568 28

583 603 704 626 ,lanum-ii
720 603 748 626 12

605 705 731 730 Januario

587 808 706 832 Januarii
721 808 750 831 25

586 866 723 890 Februarii
739 868 752 889 5

611 970 698 993 Martii
718 970 725 992 l

637 1042 667 1046 —
701 1029 727 1051 11

638 1145 667 1148 —
716 1132 730 1153 8

624 1248 668 1254 .-
701 1234 731 1255 28

621 1292 681 1315 Maii
698 1292 727 1314 16

618 1394 682 1417 Julii
699 1395 728 1416 25

576 1497 739 1529 Septembris
758 1499 771 1519 5

605 1600 748 1630 Oct-Sept.

597 1657 750 1689 Septembre

602 1774 723 1798 Octobris
740 1775 752 1796 7

621 1876 735 1900 Octobra

578 2036 734 2061 Novembris
750 2037 776 2059 11

572 2096 638 2126 Aug.
650 2095 740 2119 9-Nov.
755 2094 784 2116 13

590 2152 717 2177 ‘Januarii
731 2153 760 2175 29

574 2358 785 2390 Mart.1-Ap.3,‘.>4

583 2461 671 2484 Martii
686 2462 708 2489 2,
724 2463 746 2489 5,
760 2462 775 2483 9

617 2563 703 2587 Martii
719 2563 748 2586 14

641 2631 672 2635 -
720 2617 749 2639 18

607 2759 706 2790 Aprilis
728 2760 757 2782 19

630 2856 691 2879 Maii
707 2857 737 2879 20

802 445 893 467 Petrus
905 443 1119 467 Guilhebaudelli
1133 446 1158 466 et
1175 444 1308 467 Johannes
1324 445 1355 467 de
1373 446 1499 474 Votonno,
1521 447 1601 477 legati
1622 448 1671 471 fac.
1686 448 1782 471 decret.
1796 448 1828 470 ad
1850 456 1981 470 summum
2002 456 2062 478 pon-

831 488 928 511 tificem
941 496 1000 510 cum
1017 488 1102 510 rotulo
1118 488 1312 512 licentiatorum
1328 492 1353 512 et
1367 490 1582 513 baccalareorum
1596 508 1831 515 ..........
1853 513 1855 516 ,
1878 510 2062 516 ........
2109 493 2153 515 534

802 545 912 569 Articuli
926 554 1078 568 communes
1092 546 1125 568 ad
1140 546 1256 569 rotulum
1270 547 1385 577 primum
1400 547 1432 570 ab
1449 548 1625 571 Universitate
1640 549 1755 578 Eugenio
1769 550 1801 571 lV
1815 549 1923 571 missum
1928 567 2062 574 ......
2109 551 2154 572 535

802 603 966 627 Universitas
982 603 1043 626 duci
1062 603 1230 635 Burgundine
1250 607 1338 634 grates
1362 605 1426 635 agit,
1441 606 1510 636 quod
1532 605 1587 636 regi
1613 606 1721 636 Angliae
1740 606 1885 636 scripserit,
1906 615 1936 629 ne
1957 607 2063 629 Cadomi

833 648 950 671 studium
966 648 1088 679 generale
1105 648 1251 679 erigeretur
1255 666 2061 674 ................................
2110 652 2155 673 5:36

804 706 930 729 Heni-icus
947 706 978 728 Vl
995 706 1112 729 studium
1130 706 1252 737 generale
1269 715 1317 737 pro
1333 707 1445 730 decretis
1459 710 1484 730 et
1504 707 1609 738 juribus
1625 707 1759 730 canonicis
1774 711 1799 730 et
1813 708 1936 730 civilibus
1954 708 1978 730 in
2003 708 2065 730 urhe

833 750 989 773 Cadomensi
1002 750 1117 773 instituit
1125 768 2014 776 ...................................
2035 773 2038 776 ,
2059 770 2064 775 .
2110 754 2155 775 537

804 808 942 831 Licenciati
958 808 984 831 in
1001 809 1124 831 facultate
1142 808 1290 838 theologiae
1309 826 2064 833 ..............................
2111 811 2155 832 537

804 866 936 897 Eugenius
958 867 991 889 IV
1017 866 1133 889 studium
1154 866 1352 897 doctrinamque
1374 867 1582 890 sacratissimam
1605 867 1793 890 parisiensium
1808 867 1932 890 laudibus
1952 867 2065 896 extollit3

834 911 1046 942 praerogativam
1063 914 1189 942 quantum
1205 911 1237 933 ad
1249 911 1442 934 assecutionem
1457 912 1643 935 beneficiorum
1660 912 1811 934 doctoribus
1826 912 1987 942 impartitur.
2009 930 2013 933 .
2034 929 2039 934 .
2060 929 2065 934 .
2112 912 2156 934 5:38

804 969 941 992 Licentiati
952 969 977 991 in
994 969 1117 992 facultate
1131 969 1275 991 medicinae
1279 986 2065 994 ...............................
2112 970 2157 991 538

806 1026 937 1057 Eugenius
948 1027 979 1049 lv
992 1026 1267 1057 declarat‚magistros
1278 1027 1425 1049 Johannem
1434 1026 1465 1049 de
1476 1027 1581 1049 Hoeven
1597 1027 1628 1049 de
1642 1027 1755 1050 Arnhem
1765 1027 1884 1058 aliosque
1899 1027 1925 1050 in
1942 1029 1968 1050 2⁰
1981 1028 2066 1050 rotulo

834 1071 977 1102 principali
992 1079 1034 1094 an.
1051 1071 1111 1093 1424
1125 1071 1276 1102 inscriptos,
1290 1071 1483 1101 praerogativis
1502 1080 1515 1093 a
1534 1071 1644 1094 Martino
1656 1072 1676 1094 V
1690 1071 1822 1094 concessis
1839 1072 1953 1102 gaudere
1958 1089 2066 1095 .....
2114 1072 2159 1094 539

805 1129 937 1152 Jobnnnes
954 1129 1080 1156 Chuffart,
1097 1132 1182 1151 rector
1198 1129 1395 1157 Universitotis,
1406 1132 1526 1156 testatur,
1537 1129 1607 1151 dom.
1622 1129 1774 1159 Robertum,
1791 1130 1912 1152 abbatem
1929 1130 1957 1153 B.
1970 1130 2068 1153 Mariae

837 1174 868 1197 de
881 1174 991 1201 Ardena,
1008 1182 1065 1196 esse
1080 1174 1228 1196 studentem
1244 1173 1353 1196 Parisiis
1370 1173 1395 1195 in
1413 1174 1462 1197 fac.
1477 1174 1564 1196 decret
1567 1191 2067 1197 ....................
2114 1174 2160 1196 539

804 1233 959 1255 Juramenta
975 1239 989 1254 a
1004 1231 1170 1254 licentiandis
1184 1231 1209 1253 in
1227 1231 1350 1254 facultate
1363 1231 1526 1254 decretorum
1542 1232 1701 1262 praestanda
1725 1250 2067 1256 ..............
2115 1232 2160 1254 539

808 1289 968 1312 Facultatem
988 1289 1137 1320 theologiae
1159 1289 1301 1312 consulunt
1318 1289 1460 1319 episcopus
1483 1289 1650 1311 Ebroiccnsis
1667 1293 1692 1312 et
1714 1289 1828 1312 vicarius
1851 1290 2016 1321 inquisitoris
2039 1290 2070 1313 de

838 1334 952 1365 quadam
967 1334 1036 1357 mala
1050 1334 1196 1356 assertione
1207 1333 1278 1356 dicta
1293 1333 1319 1356 in
1334 1333 1448 1356 dioecesi
1462 1333 1613 1356 Ebroicensi
1622 1351 1914 1358 ............
1935 1355 1939 1359 ,
1961 1352 2069 1358 .....
2116 1334 2160 1356 542

807 1392 921 1415 Jacobus
938 1392 1068 1422 Campora
1085 1391 1220 1422 supplicat
1232 1391 1350 1421 Eugenio
1368 1391 1410 1417 lv,
1426 1394 1455 1413 ut
1474 1391 1499 1413 in
1523 1391 1701 1414 Universitate
1726 1392 1866 1415 Oxoniens.
1886 1393 1998 1422 gradum
2016 1401 2069 1415 ma-

838 1436 940 1468 gisterii
954 1436 1071 1467 recipere
1086 1435 1172 1466 possit
1175 1453 2070 1460 ...................................
2117 1437 2162 1459 542

810 1495 974 1519 Universitas
996 1494 1081 1517 Paris.
1104 1495 1130 1516 in
1153 1494 1318 1517 Pal-lamento
1343 1497 1434 1516 contra
1458 1495 1562 1524 regales
1585 1495 1615 1516 de
1640 1494 1819 1525 redemptione
1842 1495 1971 1517 bonorum
1991 1495 2072 1518 eccle-

840 1539 1007 1563 siasticorum
1025 1538 1204 1561 ordinationes
1216 1556 2071 1563 ..................................
2118 1540 2163 1562 543

810 1598 936 1621 Cursores
952 1597 977 1620 in
994 1597 1117 1620 facultate
1132 1596 1280 1627 theologiae
1290 1613 2072 1621 ...............................
2118 1598 2163 1620 543

811 1655 978 1679 Sententiarii
993 1658 1018 1678 et
1033 1654 1126 1678 Biblici
1143 1654 1305 1677 Parisienses
1315 1671 1426 1677 .....
1448 1674 1450 1676 .
1473 1672 2072 1679 ........................
2119 1656 2163 1677 543

811 1709 1062 1745 M'agistri‘regentes
1079 1712 1104 1735 in
1121 1712 1244 1735 facultate
1261 1712 1408 1742 theologiae
1423 1712 1532 1734 Parisiis
1545 1729 2071 1736 .....................
2119 1714 2163 1735 544

812 1771 976 1795 Universitas
990 1771 1119 1794 deliberat
1132 1770 1163 1793 de
1185 1770 1315 1800 legatione
1331 1770 1363 1792 ad
1386 1770 1479 1792 ducem
1499 1769 1667 1800 Burgundiae
1688 1773 1712 1792 et
1734 1773 1889 1793 conventum
1914 1771 2075 1794 Autissiodo-

841 1824 911 1839 rens.
925 1814 1080 1839 des'tinan'du
1084 1831 2071 1839 .......................................
2119 1816 2164 1837 544

813 1873 976 1898 Universitas
993 1874 1094 1904 legatos
1109 1873 1141 1895 ad
1157 1872 1249 1895 ducem
1265 1872 1434 1902 Burgundiac
1447 1871 1542 1894 missos
1559 1872 1614 1894 suis
1626 1872 1772 1902 suppositis
1788 1873 1953 1895 commendat
1963 1890 2073 1896 .....
2119 1874 2164 1895 546

813 1932 999 1955 instructiones
1011 1930 1231 1953 ambassiatorum
1248 1938 1278 1952 ex
1293 1933 1367 1960 parte
1383 1929 1569 1952 Universitatis
1585 1929 1802 1952 transmissorum
1817 1930 1887 1960 apud
1903 1931 1995 1953 ducem
2011 1931 2074 1953 Bur-

843 1967 956 2007 gundiae
959 1992 1170 1999 .........
1191 1995 1195 1999 ,
1216 1991 2073 1999 ..................................
2119 1977 2164 1999 547

813 2034 933 2065 Magistri
945 2036 1064 2064 regentes
1078 2033 1104 2055 in
1120 2032 1244 2055 facultate
1259 2031 1403 2054 medicinae
1421 2039 1463 2054 an.
1483 2032 1615 2054 1431-1432
1630 2049 2073 2058 ..................
2120 2034 2164 2056 548

814 2092 978 2116 Universitas
992 2091 1081 2114 divina
1098 2090 1214 2113 celebrat
1226 2098 1274 2121 pro
1292 2089 1469 2120 prosperitate
1482 2089 1552 2120 regis
1569 2089 1677 2120 Angliac
1682 2106 2073 2115 ................
2120 2093 2165 2115 549

814 2152 928 2174 Thomas
944 2150 974 2173 de
998 2148 1141 2173 Courcellis
1162 2148 1194 2171 ab
1218 2147 1334 2178 Eugenio
1357 2148 1390 2170 1v
1413 2147 1479 2178 petit
1500 2147 1691 2177 expeditionem
1709 2147 1797 2170 bullae
1820 2156 1899 2178 super
1919 2148 2006 2179 gratia
2024 2149 2074 2172 sibi

844 2203 967 2219 concessa
983 2194 1016 2217 ob
1030 2194 1159 2216 defectum
1173 2192 1275 2221 aetatis,
1293 2195 1321 2214 ut
1336 2192 1361 2214 in
1376 2193 1424 2215 fac.
1441 2191 1520 2214 theol.
1533 2192 1620 2222 legere
1635 2191 1721 2222 possit
1733 2209 2074 2216 ..............
2121 2197 2165 2218 549

815 2255 932 2277 Deeanus
954 2254 1002 2275 fac.
1025 2252 1122 2274 decret.
1146 2251 1257 2273 intentat
1278 2253 1369 2273 contra
1394 2258 1464 2280 mag.
1487 2249 1656 2273 Guillelmum
1675 2250 1752 2272 Erart
1773 2258 1936 2280 processum,
1967 2251 2028 2282 quia
2050 2251 2075 2274 in

845 2298 938 2321 ultima
953 2296 1058 2320 licentia
1073 2295 1177 2326 aperuit
1191 2295 1306 2317 rotulum
1320 2294 1539 2317 licentiandorum
1555 2302 1602 2324 per
1614 2294 1733 2316 dominos
1749 2294 1772 2316 ei
1786 2294 1912 2317 traditum
1915 2313 2074 2319 .......
2119 2298 2165 2320 549

815 2356 980 2380 Universitas
994 2355 1020 2377 in
1035 2354 1201 2377 Parlamento
1216 2356 1307 2375 contra
1320 2352 1460 2374 baillivum
1474 2352 1669 2382 R0101nagens.‚
1686 2353 1729 2382 qui
1743 2352 1943 2383 archiepiscopo
1957 2354 2077 2377 Rotoma—

846 2409 920 2432 gens.
936 2400 1025 2431 plures
1041 2398 1183 2429 magistros
1197 2398 1315 2420 detentos
1331 2397 1439 2419 reddere
1456 2396 1570 2426 negabat
1580 2413 2075 2421 ....................
2122 2402 2166 2423 550

815 2459 929 2482 Jacobus
945 2458 976 2480 de
991 2456 1122 2480 Touraine
1140 2456 1165 2478 in
1183 2456 1348 2478 Parlamento
1362 2454 1487 2485 proponit
1503 2457 1593 2476 contra
1611 2462 1680 2484 mag.
1698 2454 1807 2476 Paulum
1821 2454 1929 2481 Nicolni,
1942 2456 2076 2479 exclusum

847 2504 879 2526 ab
896 2502 1081 2526 Universitatc.
1098 2501 1195 2524 Paulus
1211 2499 1311 2523 Nicolai
1324 2498 1464 2529 respondet
1478 2515 1920 2522 ..................
1942 2520 1945 2523 .
1967 2517 2075 2524 .....
2122 2505 2167 2526 550

817 2561 952 2585 Licentiati
967 2560 992 2583 in
1010 2559 1133 2582 facultate
1153 2557 1302 2588 theologiae
1321 2574 2076 2582 ..............................
2123 2563 2168 2583 550

817 2615 937 2639 Facultas
954 2613 1101 2644 theologiae
1116 2612 1242 2639 decernit,
1258 2614 1287 2633 ut
1301 2611 1327 2633 in
1341 2609 1459 2641 qualibet
1473 2610 1619 2632 cathedrali
1637 2610 1730 2632 saltem
1743 2618 1809 2632 unus
1822 2610 1948 2641 magister
1961 2611 1987 2634 in
1998 2612 2076 2635 theol.

848 2660 927 2683 semel
945 2659 971 2681 in
987 2657 1151 2681 hebdomada
1167 2657 1245 2687 legat.¹
1263 2659 1312 2678 etc.
1337 2654 1458 2685 Magistri
1478 2654 1503 2676 in
1521 2654 1637 2677 Concilio
1662 2654 1806 2677 Basilecnsi
1827 2659 1978 2685 praesentes
1998 2665 2078 2687 repu-

847 2707 937 2727 tantur
954 2715 2077 2726 ............................................
2124 2703 2165 2726 551

818 2758 939 2781 Facultas
966 2756 1063 2779 artium
1085 2755 1116 2778 de
1145 2754 1221 2776 modo
1248 2752 1398 2776 conferendi
1427 2752 1552 2775 beneficia
1577 2754 1667 2774 contra
1690 2755 1742 2774 tres
1769 2753 1905 2775 facultates
1931 2755 2079 2784 superiores

848 2802 977 2825 deliberat
990 2813 2078 2824 ...........................................
2125 2801 2167 2823 551

818 2857 886 2886 Mag.
900 2855 1032 2878 Johunnes
1049 2852 1168 2877 Chutl'art
1182 2852 1208 2874 in
1224 2850 1411 2874 cancellarium
1429 2850 1512 2873 Paris.
1529 2849 1656 2880 recipitur
1661 2866 2079 2876 .................
2126 2855 2167 2877 551

2093 2895 2098 2908 Δ
