2502 3418
356 319 419 351 742
769 329 1087 350 CHARTULARIUM
1122 329 1313 351 UNIVERS.
1350 327 1479 350 PARIS.
1515 336 1559 341 —-
1592 327 1808 348 APPENDIX.

354 403 485 433 officiers,
502 404 642 436 auxquels
657 404 822 437 appartient
837 403 975 437 punition
989 405 1018 430 et
1030 404 1192 430 correction
1207 411 1243 429 en
1258 411 1310 430 son
1325 402 1445 432 diocese,
1461 411 1518 436 que
1537 403 1572 429 de
1590 410 1670 431 vous,
1688 410 1740 428 nos
1761 402 1914 428 reverends
1935 402 2075 431 maistres,
2087 401 2104 429 a
2117 403 2169 436 qui
2183 410 2219 429 en

353 451 518 485 appartient
530 452 733 478 l'exhortation
748 454 777 479 et
791 453 1002 481 introduction.
1017 460 1082 478 sans
1094 460 1125 479 ce
1137 460 1195 486 que
1207 451 1324 479 remede
1339 452 1385 478 sut
1397 452 1531 478 suffisant
1552 460 1569 485 y
1593 452 1632 477 ait
1649 450 1707 477 este
1726 451 1791 481 mis,
1809 451 1944 477 combien
1964 459 2022 484 que
2037 459 2089 484 par
2103 451 2220 478 mondit

354 500 489 533 seigneur
503 501 644 534 l’evesque
659 503 687 527 et
702 501 801 528 sesdits
813 501 935 527 officiers
950 503 1036 535 ayent
1048 500 1106 527 este
1120 500 1249 534 infligees
1262 509 1312 527 sur
1324 501 1364 527 les
1378 502 1603 534 transgresseurs
1612 500 1698 526 dudit
1710 500 1971 526 commandement
1980 507 2108 526 aucunes
2122 500 2221 533 peines

354 549 389 575 de
401 550 691 576 excommuniement
705 552 734 576 et
748 552 845 576 autres
859 552 888 576 et
904 558 954 584 par
965 558 1046 579 vous,
1063 551 1275 583 nosseigneurs‚
1291 550 1373 576 faites
1388 550 1532 583 plusieurs
1546 549 1746 576 exhortations
1764 557 1814 575 sur
1835 556 1867 575 ce
1887 557 1924 575 en
1946 556 1995 574 vos
2014 549 2219 582 predications,

354 600 383 625 et
398 606 456 632 que
470 599 513 632 pis
527 600 570 625 est
585 607 643 633 que
655 599 800 632 plusieurs
813 607 883 632 gens
895 600 931 625 de
945 599 1038 625 divers
1053 599 1193 628 mestiers.
1209 599 1424 625 marchandises
1439 600 1467 624 et
1477 600 1573 628 estats,
1587 606 1625 624 ou
1642 606 1694 631 par
1707 598 1864 631 ignorance
1878 605 1918 624 ou
1933 596 2080 624 malvestie
2092 606 2219 632 querans

354 647 534 673 excusations
548 655 585 674 en
600 648 677 674 leurs
692 649 807 682 pechez,
824 649 863 674 les
878 656 934 674 uns
949 648 1035 674 soubs
1049 648 1170 674 couleur
1180 648 1216 674 de
1226 648 1290 673 leur
1302 646 1440 680 pauvrete
1452 649 1481 673 et
1493 647 1655 680 indigence.
1667 647 1707 673 les
1719 649 1816 673 autres
1828 655 1880 681 par
1890 647 1917 672 la
1928 646 2063 673 necessite
2072 646 2114 673 du
2124 649 2220 681 temps

354 696 390 722 de
405 696 555 726 moissons,
572 697 736 730 vendanges
748 699 776 723 et
791 698 968 726 autremcnt,
993 697 1032 723 les
1054 698 1151 722 autres
1175 704 1226 730 par
1250 697 1277 722 la
1301 694 1437 722 necessite
1455 696 1492 722 de
1515 696 1559 722 vie
1578 697 1729 726 humaine,
1755 704 1871 722 comme
1892 696 2035 722 vendeurs
2050 696 2086 722 de
2100 696 2180 722 ehair
2193 698 2222 723 et

354 746 451 770 autres
466 745 566 775 vivres,
578 745 618 771 les
632 747 728 772 autres
743 737 964 771 soubs'couleur
979 746 1014 771 de
1029 744 1147 774 charite,
1165 747 1193 771 et
1207 745 1242 771 de
1255 745 1363 771 relever
1381 745 1421 770 les
1444 745 1616 770 laboureurs
1630 746 1659 771 et
1673 753 1743 779 gens
1764 745 1800 771 de
1819 745 1936 771 mestier
1949 745 2035 778 qu’ils
2047 753 2084 771 ne
2098 746 2221 778 perdent

355 794 431 819 leurs
442 793 588 827 Journees‚
606 795 634 820 et
646 802 718 820 ceux
733 794 784 827 qui
800 795 865 820 sont
878 796 907 820 et
924 795 1066 820 souffrent
1078 794 1148 820 faire
1163 794 1248 820 soires
1263 795 1291 819 et
1307 792 1437 819 marches
1449 794 1476 819 le
1489 793 1655 824 dimanche,
1676 796 1704 820 et
1720 794 1805 828 juges
1824 794 1876 828 qui
1889 794 2024 820 tiennent
2036 794 2114 820 leurs
2132 794 2220 828 juge-

355 850 439 869 mens
453 850 484 869 ce
495 843 574 876 jour,
589 843 674 868 souhs
692 843 811 869 couleur
829 851 886 876 que
903 851 934 868 ce
954 842 1026 869 n'est
1042 851 1092 876 pas
1109 850 1208 869 oeuvre
1223 843 1333 872 servile,
1347 842 1412 876 quia
1427 842 1558 875 scriptum
1571 844 1610 868 est
1626 851 1635 868 :
1645 843 1733 877 facite
1741 843 1878 877 J'udiciam
1892 844 1916 869 et
1935 842 2089 877 ι]“ιιειίἰίαιη“
2106 843 2134 869 in
2148 843 2223 869 omni

356 893 490 924 tempore:
503 892 542 917 les
557 893 652 917 autres
668 899 719 924 par
733 893 853 917 estatuts
863 893 892 918 et
905 892 1092 921 ordenances,
1109 899 1224 918 comme
1236 891 1364 917 barbiers
1387 891 1439 925 qui
1464 899 1500 917 ne
1525 891 1650 924 gardent
1668 891 1736 925 pas2
1753 892 1793 918 les
1807 892 1977 918 dimanches
1991 893 2020 918 et
2034 892 2074 918 les
2089 893 2172 918 festes
2186 892 2222 918 de

356 940 429 966 Dieu
444 942 472 966 et
486 941 521 966 de
536 941 633 966 Nostre
648 941 748 969 Dame‚
761 942 790 966 et
805 941 843 966 les
856 942 961 970 autres,
978 948 1031 973 par
1042 941 1112 974 long
1127 948 1215 973 usage
1229 941 1265 966 de
1278 948 1346 974 pays
1360 942 1389 966 et
1403 942 1642 970 accoutumance,
1657 948 1773 967 comme
1787 941 1986 970 cordonniers‚
2002 941 2054 975 qui
2066 942 2222 967 chaussent

355 988 418 1024 ce[s]
432 988 508 1024 dit[s]
521 988 635 1023 jour[s].
652 988 816 1022 vendeur[s]
831 989 866 1015 de
881 997 972 1022 mays.
989 990 1101 1019 herbes,
1117 989 1243 1018 oiseaux‚
1260 989 1359 1015 arbres
1373 997 1423 1015 sur
1436 989 1463 1015 le
1480 991 1554 1023 pont
1566 991 1595 1015 et
1607 991 1704 1016 autres
1719 989 1872 1023 plusieurs.
1890 991 1918 1015 et
1934 990 2151 1016 maintiennent
2164 998 2222 1024 que

355 1038 435 1064 telles
450 1045 561 1063 oeuvres
575 1039 641 1063 sont
653 1038 743 1063 licites
758 1039 786 1063 et
802 1038 998 1064 raisonnables
1011 1040 1039 1064 et
1053 1038 1223 1064 dimanches
1236 1040 1264 1064 et
1278 1040 1374 1064 autres
1387 1039 1470 1064 sestes
1489 1046 1495 1068 ;
1521 1039 1673 1072 lesquelles
1696 1039 1794 1064 choses
1818 1040 1945 1072 peuvent
1961 1041 2083 1065 tourner
2097 1038 2113 1065 a
2128 1039 2221 1072 grand

355 1087 428 1120 peril
442 1087 490 1112 des
502 1094 581 1112 ames
592 1086 627 1112 de
641 1094 713 1112 ceux
728 1088 954 1119 transgresseurs
968 1088 997 1113 et
1011 1088 1108 1113 autres
1127 1089 1156 1113 et
1175 1095 1211 1113 en
1231 1087 1325 1121 grand
1339 1088 1487 1113 esclandre
1501 1087 1550 1113 des
1571 1087 1689 1121 simples
1703 1089 1857 1117 creatures.
1874 1095 1903 1114 se
1915 1088 2013 1114 bonne
2033 1088 2180 1121 provision
2193 1089 2222 1114 et

355 1134 471 1161 remede
486 1134 533 1168 n'y
548 1135 670 1161 estoient
685 1135 740 1160 mis
755 1143 806 1168 par
820 1143 901 1165 vous,
917 1136 1120 1170 nosseigneurs
1134 1137 1163 1162 et
1178 1137 1309 1162 maistres
1322 1137 1484 1166 reverends,
1499 1136 1551 1170 qui
1563 1138 1635 1162 estes
1650 1135 1774 1163 lumiere
1786 1136 1822 1162 de
1838 1137 1865 1162 la
1879 1137 1927 1170 foy
1942 1137 2134 1167 chrestienne.
2149 1137 2222 1170 qu’il

355 1191 426 1210 vous
440 1184 527 1217 plaise
539 1192 596 1209 aux
611 1192 699 1210 maux
715 1186 743 1210 et
756 1184 963 1211 inconveniens
976 1185 1074 1211 dessus
1088 1185 1199 1211 adviser
1218 1193 1316 1211 aucun
1339 1185 1398 1211 bon
1419 1187 1448 1212 et
1471 1186 1649 1211 convenable
1666 1184 1783 1212 remede
1806 1187 1835 1212 et
1853 1186 2000 1219 provision
2024 1195 2041 1220 y
2065 1187 2179 1212 donner
2193 1188 2222 1212 et

355 1233 425 1258 faire
440 1233 633 1266 propositions
645 1235 674 1259 et
691 1234 885 1267 predications
899 1235 927 1260 et
942 1242 994 1267 par
1007 1234 1101 1264 escrit,
1115 1242 1143 1260 se
1158 1235 1217 1260 bon
1232 1242 1302 1260 vous
1317 1235 1436 1265 semble,
1452 1242 1567 1261 aucune
1580 1235 1678 1261 bonne
1699 1235 1840 1265 doctrine.
1861 1242 1938 1268 pour
1951 1235 2082 1269 appaiser
2094 1235 2134 1261 les
2148 1243 2221 1262 con-

355 1282 477 1307 sciences
491 1283 518 1307 et
533 1283 609 1307 oster
622 1283 717 1308 toutes
731 1290 845 1308 erreurs
860 1284 889 1309 et
901 1281 1063 1316 ambiguite
1078 1291 1114 1309 en
1128 1283 1246 1310 l'oeuvre
1265 1284 1301 1309 de
1320 1283 1393 1310 Dieu
1413 1285 1441 1309 et
1457 1284 1494 1310 de
1510 1284 1537 1309 13
1556 1284 1679 1317 religion
1699 1284 1868 1310 chretienne
1887 1285 1916 1310 et
1937 1285 2013 1310 salut
2027 1284 2076 1310 des
2089 1292 2178 1314 ames,
2194 1286 2222 1311 et

355 1338 425 1356 vous
439 1331 464 1356 le
481 1332 629 1357 trouverez
644 1331 751 1357 devant
764 1331 849 1361 Dieu,
866 1332 918 1365 qui
932 1339 1003 1358 vous
1018 1332 1117 1358 donne
1129 1340 1213 1366 grace
1228 1333 1264 1358 de
1279 1340 1310 1358 ce
1324 1332 1395 1359 faire
1409 1334 1438 1359 et
1453 1341 1489 1359 en
1504 1333 1532 1358 la
1545 1333 1587 1358 fin
1602 1333 1725 1366 paradis,
1743 1341 1832 1359 amen.

448 1418 515 1442 Bibl.
532 1421 586 1441 nat.
602 1418 694 1448 Paris„
709 1427 758 1442 ms.
772 1419 817 1442 lat.
835 1419 911 1442 12847
929 1421 1007 1448 (saec.
1027 1422 1098 1450 xvii),
1116 1421 1161 1443 sol.
1176 1421 1230 1449 240,
1248 1420 1296 1442 sub
1312 1420 1419 1443 rubrica
1433 1428 1439 1443 :
1457 1430 1469 1441 «
1485 1421 1523 1443 Ex
1537 1420 1646 1452 antiquo
1662 1421 1841 1452 manuscripto
1859 1421 1884 1443 in
1900 1421 2062 1444 bibliotheca
2077 1421 2224 1444 Celestino-

354 1470 412 1485 rum
427 1462 511 1485 Paris.
528 1466 662 1486 asservato
677 1473 698 1491 »,
716 1466 741 1486 et
755 1471 813 1486 cum
830 1463 1002 1495 inscriptione
1018 1472 1023 1487 ·.
1037 1474 1050 1485 «
1066 1464 1191 1496 Sequitur
1211 1467 1287 1488 tenor
1302 1464 1505 1496 supplicationis
1526 1465 1646 1488 facultati
1665 1465 1798 1496 theologie
1814 1465 1840 1488 in
1858 1465 1928 1488 alma
1943 1466 2121 1489 Universitate
2137 1465 2222 1490 Paris.

353 1515 400 1538 per
422 1507 518 1530 multos
534 1507 668 1538 preclaros
688 1511 713 1531 et
734 1508 893 1539 spectabiles
914 1508 1060 1540 burgenses
1081 1509 1198 1532 Parisius
1219 1509 1334 1533 exhibite
1349 1519 1372 1533 ».
1388 1510 1507 1533 Veterem
1527 1510 1654 1533 hactenus
1674 1509 1792 1533 invenire
1809 1518 1859 1533 non
1879 1510 2014 1542 potuimus
2030 1510 2155 1542 codicem,
2171 1519 2222 1542 quo

354 1552 485 1582 quaedam
501 1554 624 1582 suspecta
638 1552 664 1574 in
680 1552 729 1575 hoc
744 1552 901 1576 documento
916 1553 1050 1584 corrigere
1062 1553 1163 1577 liceret.

445 1596 630 1619 Verisimiliter
642 1605 672 1620 ea
687 1597 847 1628 supplicatio
863 1597 895 1620 ad
916 1605 959 1621 an.
982 1598 1041 1621 1426
1055 1599 1202 1627 referenda,
1226 1607 1277 1630 quo
1301 1599 1414 1622 facultas
1429 1598 1579 1630 theologiae
1599 1599 1747 1622 elaboravit
1768 1599 1965 1630 propositiones
1985 1599 2016 1623 de
2038 1599 2223 1623 observatione

353 1640 453 1663 dierum
467 1640 664 1664 dominicalium
681 1645 705 1665 et
716 1641 871 1665 festivorum
887 1652 900 1663 (ε
915 1642 1048 1666 devotioni
1063 1646 1088 1666 et
1102 1642 1224 1674 petitioni
1237 1643 1412 1674 quorumdam
1429 1643 1621 1667 venerabilium
1636 1647 1661 1667 et
1673 1644 1856 1675 preclarorum
1866 1644 1984 1667 virorum
1997 1644 2115 1668 Parisius
2127 1644 2224 1676 degen-

354 1685 418 1708 tium
429 1695 442 1706 »
459 1685 645 1709 satisfaciendo
660 1686 723 1715 (vid.
740 1694 822 1717 supra
834 1691 863 1709 n⁰
875 1687 955 1717 2283).

446 1769 471 1794 1.
483 1770 591 1799 ᾸΕΒΕΜ.,
604 1778 668 1799 xxn,
680 1771 702 1793 3.
720 1784 748 1788 -
765 1770 788 1795 2.
805 1771 852 1795 Ms.
869 1779 873 1794 :
890 1781 903 1792 α
919 1779 968 1802 que
980 1782 992 1792 ιι
1008 1779 1056 1802 pro
1070 1781 1083 1793 (ι
1099 1780 1147 1802 pas
1164 1782 1188 1795 υ.
