2502 3418
403 332 468 365 604
982 339 1299 362 annerLAmUM
1334 338 1523 361 nnivsas.
1560 338 1690 360 rmus,
2169 323 2267 361 [1437

404 429 497 450 nous
514 415 698 462 possibles
714 415 818 448 selon
839 421 963 448 nostre
980 414 1200 459 profession,
1218 419 1254 445 et
1273 412 1430 457 laquelle
1452 425 1495 445 en
1514 419 1612 446 toute
1629 412 1834 458 prosperite
1851 418 1886 445 et
1900 411 2035 444 felicite
2051 411 2268 456 perdurable

402 483 511 518 veille
532 483 725 523 maintenir
750 490 785 516 et
805 482 981 516 conduire
1002 481 1035 514 la
1051 481 1173 514 divine
1195 480 1389 525 puissance
1411 480 1454 513 de
1476 487 1600 513 nostre
1622 480 1880 525 Redempteur.
1903 479 2034 512 Escrit.

497 582 611 606 Minuta
626 581 741 604 chartac.
757 581 783 604 in
799 581 879 604 Arch.
894 583 949 604 nat.
965 579 1060 608 Paris„
1081 580 1105 602 M
1120 578 1171 608 65¹²,
1188 582 1217 601 n⁰
1235 579 1265 601 44
1279 578 1351 607 (olim
1371 579 1400 602 A.
1418 579 1441 602 3.
1458 580 1486 607 t).
1503 578 1652 601 Secundum
1669 578 1740 602 Gall.
1757 577 1863 607 christ.,
1879 577 1947 606 vm,
1962 586 1989 609 p.
2004 577 2065 600 1230
2085 585 2134 608 sq„
2150 585 2194 600 nn.
2208 576 2269 599 1434
2313 605 2315 607 ¹

402 626 539 650 restitutus
555 629 602 649 est.
619 627 666 649 Ast
680 626 793 657 epistola
809 633 890 656 supra
905 625 975 648 edita
990 624 1079 655 potius
1094 626 1156 655 post
1172 631 1214 646 un.
1231 623 1292 646 1436
1305 622 1405 654 scriptu
1420 626 1468 651 est,
1484 631 1543 645 cum
1564 622 1729 646 Universitas
1749 622 1843 646 Carolo
1859 623 1904 645 VH
1924 622 2054 651 adhaesit,
2074 625 2100 645 et
2116 621 2225 651 directa,
2241 624 2270 644 ut.

401 671 549 703 opinamur,
567 671 600 694 ad
615 671 767 702 Philippum
780 670 873 693 ducem
886 669 1064 700 Burgundiae.
1080 669 1143 692 Inde
1156 667 1296 699 epistolam
1307 668 1340 691 ud
1356 676 1438 691 annos
1455 675 1536 699 supra
1551 670 1654 691 notatos
1669 667 1818 691 referimus.

496 755 521 781 1.
536 755 669 779 ,lohannes
682 754 802 785 Jordani,
817 754 899 777 abbas
913 754 947 777 ab
959 762 1002 776 an.
1017 753 1077 776 1429
1091 752 1153 782 (vid.
1168 757 1197 775 n⁰
1212 751 1338 782 2434).‘—
1353 751 1377 777 2.
1398 753 1446 776 An.
1460 752 1598 775 1432-1433
1619 752 1668 775 fuit
1683 760 1775 776 cursor
1793 751 1855 782 (vid.
1872 759 1954 783 supra
1969 756 1998 775 n⁰
2013 752 2093 781 2434),
2109 750 2271 782 proindeque

402 801 487 825 solum
499 801 532 824 ab
547 801 638 824 eodem
653 808 721 823 anno
735 799 784 823 suit
798 799 978 822 baccalareus.
992 799 1040 821 An.
1054 798 1115 821 1434
1129 797 1179 821 suit
1193 797 1219 820 in
1233 797 1332 821 Concil.
1348 796 1430 821 Basil.
1446 796 1533 828 (Mon.
1551 797 1653 822 Con-cil.
1671 804 1734 828 qen.
1749 804 1820 822 saec.
1836 796 1900 826 XV,
1913 800 1933 822 t.
1946 796 1979 825 11,
1992 805 2019 828 p.
2033 797 2099 828 669).

403 970 464 1006 25
474 967 569 1007 183,
592 977 735 1003 Johannes
750 976 922 1013 Typlzaigne,
932 975 1091 1012 presbyter,
1106 984 1181 1010 mag.
1194 975 1223 1001 in
1239 974 1391 1009 medicina,
1410 974 1536 1000 medicus
1554 974 1649 1000 Caroli
1665 975 1721 1009 Vll,
1735 973 1864 1008 Eugenio
1877 973 2084 1009 IVsupplicat,
2104 977 2134 998 ut
2146 972 2271 999 Parisiis

490 1028 531 1054 vel
553 1028 580 1053 in
603 1027 662 1053 alio
683 1026 779 1052 studio
801 1025 932 1060 generali
956 1026 984 1051 in
1000 1025 1143 1051 medicina
1163 1034 1269 1060 regere,
1288 1024 1388 1059 legere,
1407 1024 1558 1061 disputare
1581 1027 1609 1050 et
1627 1023 1701 1049 alios
1721 1027 1804 1049 actus
1828 1022 2017 1049 scholasticos
2037 1022 2114 1048 licite
2139 1031 2271 1048 exercere

487 1076 609 1113 possm.
626 1077 802 1103 Concessum
815 1077 850 1101 ut
864 1075 1009 1110 petitur...
1023 1075 1055 1101 C.
1071 1075 1240 1101 Ammmms.
1256 1090 1290 1093 —
1305 1075 1369 1100 Dat.
1387 1074 1516 1100 Bononie
1530 1074 1559 1107 iij
1574 1081 1644 1100 non.
1662 1073 1802 1104 Januarii,
1818 1080 1866 1099 an.
1880 1081 1929 1099 vn.

1590 1164 1663 1193 1438,
1678 1163 1796 1190 danum-ii
1810 1163 1836 1193 3,
1852 1162 1985 1189 Bononiae.

496 1202 559 1232 Reg.
576 1200 669 1232 Suppl.
684 1200 794 1231 Eugenii
811 1200 852 1227 IV,
870 1203 898 1222 n⁰
908 1200 962 1229 336,
981 1199 1025 1223 sol.
1042 1201 1064 1224 5.

493 1286 517 1310 1.
536 1285 644 1316 Legitur
658 1285 685 1308 in
703 1285 803 1308 Comm.
821 1285 870 1308 sac.
887 1284 966 1314 med„
987 1284 1019 1313 11,
1033 1292 1059 1315 p.
1079 1285 1108 1307 28
1125 1291 1130 1307 :
1151 1292 1163 1306 (ι
1182 1283 1227 1307 Die
1242 1283 1347 1306 sabbati
1366 1286 1426 1307 unte
1448 1285 1543 1306 festum
1565 1283 1592 1307 S.
1608 1282 1714 1306 Martini
1733 1282 1863 1314 hyemalis
1879 1282 2014 1314 (Novemb.
2030 1283 2053 1312 8)
2121 1290 2191 1313 mag.
2210 1281 2271 1305 Joh.

401 1331 529 1362 'riphaine
543 1330 706 1362 supplicavit
716 1338 766 1361 pro
777 1329 895 1360 regentia
909 1332 934 1352 et
944 1329 1097 1360 apportavit
1111 1328 1344 1360 dispensationem,
1362 1337 1413 1360 qua
1426 1331 1531 1351 ostensa
1546 1331 1571 1351 et
1586 1328 1652 1357 visu,
1669 1327 1718 1351 ruit
1729 1336 1883 1351 concessum
1896 1328 1966 1359 quod
1979 1327 2127 1358 disputaret
2137 1328 2168 1351 de
2180 1327 2274 1359 pastil-

400 1376 477 1405 lariu,
492 1379 518 1399 et
533 1375 679 1407 disputavit
693 1374 842 1406 pastillarie
857 1374 883 1397 in
899 1374 992 1405 vigilia
1008 1375 1034 1397 S.
1050 1374 1161 1398 Andree.
1176 1382 1188 1397 »

400 1545 544 1582 2519.
567 1553 723 1579 Licentiati
738 1553 766 1578 in
779 1552 924 1587 facultate
940 1552 1111 1578 medicinae.

1581 1594 1655 1624 7438,
1669 1593 1802 1620 Februarii
1811 1594 1854 1623 22,
1869 1593 1984 1619 Parisiis.

489 1686 555 1718 Die
572 1684 712 1718 sabbati
733 1686 794 1717 22¹¹
814 1684 952 1717 mensis
974 1684 1162 1716 Februarii
1184 1690 1267 1728 post
1286 1683 1433 1716 missam
1450 1682 1631 1716 facultatis
1652 1682 1846 1724 medicine,
1864 1682 1931 1715 fuit
1946 1682 2097 1715 facultas
2117 1693 2272 1726 congre-

401 1760 481 1798 gata
561 1753 597 1785 in
620 1753 654 1786 S.
678 1752 859 1785 Maturino
881 1751 968 1784 hora
990 1758 1114 1785 octava
1135 1763 1201 1796 per
1221 1750 1405 1783 scedulam
1491 1749 1655 1783 Facultas
1681 1750 1820 1795 recepit
1847 1756 2015 1795 tanquam
2048 1749 2271 1783 sufficientes

400 1827 435 1853 et
467 1821 631 1866 ydoneos
653 1819 895 1861 [baccalareos
925 1819 969 1852 ad
1009 1818 1215 1859 licentia1n]‚
1256 1817 1430 1851 videlicet
1449 1829 1544 1862 mag.
1583 1817 1783 1850 Johannem
1819 1817 2013 1851 Cailloiau¹
2050 1823 2085 1850 et
2105 1816 2268 1850 odonem

401 1887 543 1920 Nobilis
634 1887 773 1920 Placuit
798 1886 957 1919 facultati
978 1885 1076 1930 quod
1104 1891 1403 1930 presentarentur
1429 1884 1577 1917 domino
1606 1883 1835 1925 cancellario7
1859 1891 1894 1917 et
1915 1890 1998 1917 tunc
2026 1879 2270 1916 fuerunt'sibi

403 1955 601 2000 presentati
622 1966 686 2000 per
702 1954 975 2000 prenominatos
998 1965 1089 1998 mag.
1116 1952 1404 1997 lnguerrandum
1422 1952 1466 1985 de
1487 1951 1645 1993 Furenti,
1668 1953 1812 1984 Petrum
1834 1950 2003 1985 Columbi
2024 1957 2060 1983 et
2081 1963 2135 1983 me
2157 1950 2201 1984 G.
2225 1950 2270 1983 de

402 2022 521 2067 Algia‚
540 2021 730 2055 decanum.

495 2118 640 2152 comment.
655 2130 704 2153 sne.
722 2129 800 2158 med.‚
814 2129 846 2157 Π,
860 2137 887 2159 p.
902 2128 941 2152 19.

494 2214 518 2238 1.
535 2215 563 2238 In
579 2215 669 2237 cadem
685 2214 782 2245 pagina
801 2214 926 2237 scribitur
941 2223 954 2235 α
972 2214 1089 2237 Cailleau
1109 2223 1132 2241 n,
1146 2216 1171 2236 et.
1190 2213 1270 2244 paulo
1285 2215 1346 2243 post
1364 2213 1400 2243 (p.
1421 2212 1478 2242 28)·.
1498 2220 1507 2235 a
1526 2212 1595 2242 Mag.
1613 2211 1673 2234 Joh.
1694 2211 1806 2234 Cailliau
1828 2211 1876 2234 suit
1896 2212 2061 2243 vesperiatus
2082 2212 2124 2236 dic
2144 2213 2173 2236 27
2194 2212 2269 2236 Febr.

403 2259 635 2288 unni1l138ss439)
652 2263 677 2282 ct
697 2259 746 2282 suit
767 2259 938 2290 magistratus
959 2259 1000 2281 die
1019 2258 1134 2281 secunda
1155 2257 1252 2280 menris
1273 2257 1406 2288 sequentis
1428 2265 1449 2280 ι.
1466 2257 1536 2280 Inter
1558 2256 1672 2279 medicos
1694 2256 1754 2279 duci
1774 2256 1956 2280 Aurelianensi
1977 2257 2120 2280 servientes
2137 2257 2270 2281 invenitur

403 2313 414 2326 «
431 2303 513 2327 Jehan
527 2304 644 2327 Cailleau
660 2304 700 2327 vel
713 2303 816 2327 Cnillau
830 2311 841 2326 »
858 2312 899 2326 an.
914 2303 1047 2327 1455-1472
1063 2303 1209 2332 (Limoanrz,
1224 2302 1298 2326 Ducs
1313 2303 1346 2325 de
1360 2302 1540 2332 Bouryoyne,
1554 2301 1678 2331 Preuves,
1692 2301 1738 2330 111,
1754 2309 1780 2332 p.
1797 2301 1852 2331 357,
1866 2302 1920 2329 371,
1938 2302 1993 2331 386,
2011 2302 2065 2331 392,
2079 2302 2145 2332 412).

407 2474 551 2511 2520.
575 2483 729 2508 Licentiati
745 2483 773 2508 in
788 2482 933 2517 facultate
948 2481 1135 2508 decretorum.

1629 2533 1704 2562 1438,
1720 2532 1811 2565 Aprilis
1825 2533 1851 2562 8,
1871 2532 1986 2558 Parisiis.

495 2623 599 2655 Anno
626 2623 769 2655 Domini
798 2623 1215 2664 M0CCCC¹¹¹⁰XXXVIL
1243 2623 1303 2667 viij
1331 2623 1389 2656 die
1414 2623 1552 2668 Aprilis
1577 2629 1658 2655 ante
1686 2621 1823 2655 Pascha
1849 2622 1997 2654 fuerunt
2025 2620 2201 2654 licentiati
2231 2619 2268 2653 in

402 2689 485 2732 jure
508 2690 681 2722 canonico
703 2702 767 2735 per
784 2690 969 2722 dominum
992 2690 1246 2723 cancellarium
1268 2690 1423 2723 ecclesie
1445 2690 1558 2723 Paris.
1582 2689 1775 2723 bachalarii
1798 2689 1859 2734 qui
1881 2694 2087 2733 sequuntur
2109 2699 2115 2720 :

493 2798 527 2823 Et
540 2798 635 2831 primo
650 2806 706 2823 rev.
724 2798 754 2823 in
770 2798 884 2824 Christo
899 2800 981 2831 pater
995 2799 1075 2824 dom.
1092 2799 1242 2832 episcopus
1258 2798 1475 2832 Lffigonensis',
1496 2799 1550 2825 sub
1570 2798 1680 2824 Livino.

495 2846 566 2879 Mag.
584 2847 701 2872 Michacl
718 2847 840 2876 Laiilier.
856 2855 932 2879 mag.
949 2847 980 2873 in
993 2848 1113 2877 artibus,
1507 2863 1539 2867 —
1567 2847 1690 2873 domino
1703 2847 1836 2872 Martino.

496 2895 659 2928 Stephanus
674 2895 728 2929 [de]
745 2896 906 2928 Montigny,

2486 2947 2502 3012 μὴ’
2488 2899 2502 2971 ’“”ῢιι.
2499 2888 2502 2891 Δ
2485 2793 2502 2879 33221224
