<?xml version="1.0" encoding="UTF-8"?>
<!DOCTYPE html PUBLIC "-//W3C//DTD XHTML 1.0 Transitional//EN"
    "http://www.w3.org/TR/xhtml1/DTD/xhtml1-transitional.dtd">
<html xmlns="http://www.w3.org/1999/xhtml" xml:lang="en" lang="en">
 <head>
  <title>
</title>
<meta http-equiv="Content-Type" content="text/html;charset=utf-8" />
  <meta name='ocr-system' content='tesseract 3.04.00' />
  <meta name='ocr-capabilities' content='ocr_page ocr_carea ocr_par ocr_line ocrx_word'/>
</head>
<body>
  <div class='ocr_page' id='page_1' title='image "./chartulariumuniv04univuoft_0774.png"; bbox 0 0 2502 3418; ppageno 0'>
   <div class='ocr_carea' id='block_1_1' title="bbox 388 322 2250 362">
    <p class='ocr_par' dir='ltr' id='par_1_1' title="bbox 388 322 2250 362">
     <span class='ocr_line' id='line_1_1' title="bbox 388 322 2250 362; baseline -0.002 -1"><span class='ocrx_word' id='word_1_1' title='bbox 388 329 453 362; x_wconf 86' lang='lat'>730</span> <span class='ocrx_word' id='word_1_2' title='bbox 961 336 1282 359; x_wconf 73' lang='lat' dir='ltr'>CHARTULARIUM</span> <span class='ocrx_word' id='word_1_3' title='bbox 1318 336 1509 358; x_wconf 77' lang='lat' dir='ltr'>UNIVERS.</span> <span class='ocrx_word' id='word_1_4' title='bbox 1546 336 1676 358; x_wconf 62' lang='lat' dir='ltr'>mats.</span> <span class='ocrx_word' id='word_1_5' title='bbox 2150 322 2250 360; x_wconf 86' lang='lat'>[1452</span> 
     </span>
    </p>
   </div>
   <div class='ocr_carea' id='block_1_2' title="bbox 383 409 2255 2069">
    <p class='ocr_par' dir='ltr' id='par_1_2' title="bbox 384 409 2253 994">
     <span class='ocr_line' id='line_1_2' title="bbox 387 409 2251 456; baseline -0.002 -10"><span class='ocrx_word' id='word_1_6' title='bbox 387 413 424 446; x_wconf 89' lang='lat' dir='ltr'>in</span> <span class='ocrx_word' id='word_1_7' title='bbox 450 419 596 453; x_wconf 85' lang='lat' dir='ltr'>statuto,</span> <span class='ocrx_word' id='word_1_8' title='bbox 621 412 726 445; x_wconf 85' lang='lat' dir='ltr'>fidem</span> <span class='ocrx_word' id='word_1_9' title='bbox 749 413 866 446; x_wconf 89' lang='lat' dir='ltr'>saciat.</span> <span class='ocrx_word' id='word_1_10' title='bbox 890 412 1124 445; x_wconf 84' lang='lat' dir='ltr'>Declaramus</span> <span class='ocrx_word' id='word_1_11' title='bbox 1149 417 1267 443; x_wconf 90' lang='lat' dir='ltr'>autem</span> <span class='ocrx_word' id='word_1_12' title='bbox 1294 410 1476 455; x_wconf 86' lang='lat' dir='ltr'>predictas</span> <span class='ocrx_word' id='word_1_13' title='bbox 1502 410 1770 456; x_wconf 85' lang='lat' dir='ltr'>disputationes</span> <span class='ocrx_word' id='word_1_14' title='bbox 1797 410 1876 443; x_wconf 76' lang='lat' dir='ltr'>fieri</span> <span class='ocrx_word' id='word_1_15' title='bbox 1901 409 2039 454; x_wconf 84' lang='lat' dir='ltr'>absque</span> <span class='ocrx_word' id='word_1_16' title='bbox 2065 409 2191 443; x_wconf 88' lang='lat' dir='ltr'>fraude</span> <span class='ocrx_word' id='word_1_17' title='bbox 2217 417 2251 443; x_wconf 93' lang='lat' dir='ltr'>et</span> 
     </span>
     <span class='ocr_line' id='line_1_3' title="bbox 384 476 2251 525; baseline -0.002 -12"><span class='ocrx_word' id='word_1_18' title='bbox 384 480 484 521; x_wconf 87' lang='lat' dir='ltr'>dolo,</span> <span class='ocrx_word' id='word_1_19' title='bbox 512 480 577 512; x_wconf 82' lang='lat' dir='ltr'>sed</span> <span class='ocrx_word' id='word_1_20' title='bbox 604 480 764 525; x_wconf 88' lang='lat' dir='ltr'>graviter</span> <span class='ocrx_word' id='word_1_21' title='bbox 793 480 836 513; x_wconf 91' lang='lat' dir='ltr'>ad</span> <span class='ocrx_word' id='word_1_22' title='bbox 863 479 1063 525; x_wconf 89' lang='lat' dir='ltr'>profectum</span> <span class='ocrx_word' id='word_1_23' title='bbox 1091 477 1329 518; x_wconf 89' lang='lat' dir='ltr'>audientium,</span> <span class='ocrx_word' id='word_1_24' title='bbox 1356 489 1422 510; x_wconf 88' lang='lat' dir='ltr'>nec</span> <span class='ocrx_word' id='word_1_25' title='bbox 1448 477 1578 510; x_wconf 88' lang='lat' dir='ltr'>habeat</span> <span class='ocrx_word' id='word_1_26' title='bbox 1605 477 1779 522; x_wconf 89' lang='lat' dir='ltr'>magister</span> <span class='ocrx_word' id='word_1_27' title='bbox 1805 477 1998 522; x_wconf 79' lang='lat' dir='ltr'>presidens</span> <span class='ocrx_word' id='word_1_28' title='bbox 2028 476 2251 521; x_wconf 85' lang='lat' dir='ltr'>respondere</span> 
     </span>
     <span class='ocr_line' id='line_1_4' title="bbox 386 543 2253 592; baseline -0.002 -12"><span class='ocrx_word' id='word_1_29' title='bbox 386 559 451 592; x_wconf 91' lang='lat' dir='ltr'>pro</span> <span class='ocrx_word' id='word_1_30' title='bbox 473 547 703 588; x_wconf 88' lang='lat' dir='ltr'>bachalariis,</span> <span class='ocrx_word' id='word_1_31' title='bbox 721 547 785 580; x_wconf 90' lang='lat' dir='ltr'>sed</span> <span class='ocrx_word' id='word_1_32' title='bbox 807 546 989 592; x_wconf 87' lang='lat' dir='ltr'>permittat</span> <span class='ocrx_word' id='word_1_33' title='bbox 1005 557 1069 578; x_wconf 89' lang='lat' dir='ltr'>eos</span> <span class='ocrx_word' id='word_1_34' title='bbox 1087 544 1261 589; x_wconf 88' lang='lat' dir='ltr'>magistro</span> <span class='ocrx_word' id='word_1_35' title='bbox 1283 544 1450 589; x_wconf 78' lang='lat' dir='ltr'>arguenti</span> <span class='ocrx_word' id='word_1_36' title='bbox 1472 551 1580 589; x_wconf 93' lang='lat' dir='ltr'>prout</span> <span class='ocrx_word' id='word_1_37' title='bbox 1605 544 1780 577; x_wconf 86' lang='lat' dir='ltr'>sciverint</span> <span class='ocrx_word' id='word_1_38' title='bbox 1805 543 2049 589; x_wconf 72' lang='lat' dir='ltr'>respondere3</span> <span class='ocrx_word' id='word_1_39' title='bbox 2072 543 2154 588; x_wconf 89' lang='lat' dir='ltr'>quia</span> <span class='ocrx_word' id='word_1_40' title='bbox 2177 554 2253 588; x_wconf 89' lang='lat' dir='ltr'>pre-</span> 
     </span>
     <span class='ocr_line' id='line_1_5' title="bbox 385 611 2252 660; baseline -0.003 -12"><span class='ocrx_word' id='word_1_41' title='bbox 385 615 453 648; x_wconf 89' lang='lat' dir='ltr'>fata</span> <span class='ocrx_word' id='word_1_42' title='bbox 476 615 669 660; x_wconf 78' lang='lat' dir='ltr'>responsio</span> <span class='ocrx_word' id='word_1_43' title='bbox 691 614 733 647; x_wconf 92' lang='lat' dir='ltr'>ad</span> <span class='ocrx_word' id='word_1_44' title='bbox 756 613 1006 659; x_wconf 71' lang='lat' dir='ltr'>probationem</span> <span class='ocrx_word' id='word_1_45' title='bbox 1030 612 1236 644; x_wconf 87' lang='lat' dir='ltr'>introducta</span> <span class='ocrx_word' id='word_1_46' title='bbox 1257 611 1371 644; x_wconf 86' lang='lat' dir='ltr'>fuisse</span> <span class='ocrx_word' id='word_1_47' title='bbox 1393 611 1624 656; x_wconf 77' lang='lat' dir='ltr'>dignoscitur</span> <span class='ocrx_word' id='word_1_48' title='bbox 1645 611 1916 656; x_wconf 88' lang='lat' dir='ltr'>respondentis.</span> <span class='ocrx_word' id='word_1_49' title='bbox 1939 611 2107 643; x_wconf 78' lang='lat' dir='ltr'>Poterit⁵⁶</span> <span class='ocrx_word' id='word_1_50' title='bbox 2135 617 2252 644; x_wconf 90' lang='lat' dir='ltr'>tamen</span> 
     </span>
     <span class='ocr_line' id='line_1_6' title="bbox 387 678 2253 727; baseline -0.003 -12"><span class='ocrx_word' id='word_1_51' title='bbox 387 694 429 715; x_wconf 88' lang='lat' dir='ltr'>ex</span> <span class='ocrx_word' id='word_1_52' title='bbox 450 682 568 715; x_wconf 87' lang='lat' dir='ltr'>officio</span> <span class='ocrx_word' id='word_1_53' title='bbox 589 681 814 727; x_wconf 89' lang='lat' dir='ltr'>presidentie</span> <span class='ocrx_word' id='word_1_54' title='bbox 839 680 1121 725; x_wconf 76' lang='lat' dir='ltr'>respondentem</span> <span class='ocrx_word' id='word_1_55' title='bbox 1144 678 1333 712; x_wconf 89' lang='lat' dir='ltr'>advertere</span> <span class='ocrx_word' id='word_1_56' title='bbox 1359 685 1393 711; x_wconf 91' lang='lat' dir='ltr'>et</span> <span class='ocrx_word' id='word_1_57' title='bbox 1418 679 1582 712; x_wconf 88' lang='lat' dir='ltr'>advisare</span> <span class='ocrx_word' id='word_1_58' title='bbox 1608 678 1761 711; x_wconf 84' lang='lat' dir='ltr'>honeste</span> <span class='ocrx_word' id='word_1_59' title='bbox 1788 691 1826 711; x_wconf 86' lang='lat' dir='ltr'>ac</span> <span class='ocrx_word' id='word_1_60' title='bbox 1853 678 2028 724; x_wconf 84' lang='lat' dir='ltr'>dirigere,</span> <span class='ocrx_word' id='word_1_61' title='bbox 2051 684 2089 711; x_wconf 87' lang='lat' dir='ltr'>ut</span> <span class='ocrx_word' id='word_1_62' title='bbox 2109 684 2253 723; x_wconf 81' lang='lat' dir='ltr'>oportet</span> 
     </span>
     <span class='ocr_line' id='line_1_7' title="bbox 386 745 2253 790; baseline -0.002 -8"><span class='ocrx_word' id='word_1_63' title='bbox 386 749 423 781; x_wconf 94' lang='lat' dir='ltr'>in</span> <span class='ocrx_word' id='word_1_64' title='bbox 450 749 595 790; x_wconf 89' lang='lat' dir='ltr'>talibus,</span> <span class='ocrx_word' id='word_1_65' title='bbox 620 749 718 781; x_wconf 91' lang='lat' dir='ltr'>omni</span> <span class='ocrx_word' id='word_1_66' title='bbox 743 748 945 781; x_wconf 89' lang='lat' dir='ltr'>maturitate</span> <span class='ocrx_word' id='word_1_67' title='bbox 967 759 1006 779; x_wconf 92' lang='lat' dir='ltr'>ac</span> <span class='ocrx_word' id='word_1_68' title='bbox 1029 746 1220 779; x_wconf 89' lang='lat' dir='ltr'>honestate</span> <span class='ocrx_word' id='word_1_69' title='bbox 1247 752 1400 778; x_wconf 89' lang='lat' dir='ltr'>servata.</span> <span class='ocrx_word' id='word_1_70' title='bbox 1431 746 1628 779; x_wconf 89' lang='lat' dir='ltr'>Statuimus</span> <span class='ocrx_word' id='word_1_71' title='bbox 1655 746 1759 779; x_wconf 89' lang='lat' dir='ltr'>etiam</span> <span class='ocrx_word' id='word_1_72' title='bbox 1788 752 1826 779; x_wconf 88' lang='lat' dir='ltr'>ut</span> <span class='ocrx_word' id='word_1_73' title='bbox 1850 745 2135 778; x_wconf 79' lang='lat' dir='ltr'>determinantes</span> <span class='ocrx_word' id='word_1_74' title='bbox 2164 757 2253 790; x_wconf 89' lang='lat' dir='ltr'>que-</span> 
     </span>
     <span class='ocr_line' id='line_1_8' title="bbox 387 812 2253 860; baseline -0.003 -11"><span class='ocrx_word' id='word_1_75' title='bbox 387 816 526 849; x_wconf 86' lang='lat' dir='ltr'>stiones</span> <span class='ocrx_word' id='word_1_76' title='bbox 547 815 703 849; x_wconf 87' lang='lat' dir='ltr'>morales</span> <span class='ocrx_word' id='word_1_77' title='bbox 724 815 872 860; x_wconf 86' lang='lat' dir='ltr'>gravius</span> <span class='ocrx_word' id='word_1_78' title='bbox 893 814 974 847; x_wconf 90' lang='lat' dir='ltr'>illas</span> <span class='ocrx_word' id='word_1_79' title='bbox 995 813 1040 846; x_wconf 89' lang='lat' dir='ltr'>de</span> <span class='ocrx_word' id='word_1_80' title='bbox 1060 819 1182 846; x_wconf 88' lang='lat' dir='ltr'>cetero</span> <span class='ocrx_word' id='word_1_81' title='bbox 1204 819 1286 846; x_wconf 88' lang='lat' dir='ltr'>ante</span> <span class='ocrx_word' id='word_1_82' title='bbox 1308 812 1589 846; x_wconf 87' lang='lat' dir='ltr'>bachalariatum</span> <span class='ocrx_word' id='word_1_83' title='bbox 1611 812 1766 846; x_wconf 86' lang='lat' dir='ltr'>habeant</span> <span class='ocrx_word' id='word_1_84' title='bbox 1786 813 2030 846; x_wconf 88' lang='lat' dir='ltr'>determinare</span> <span class='ocrx_word' id='word_1_85' title='bbox 2050 819 2086 845; x_wconf 92' lang='lat' dir='ltr'>et</span> <span class='ocrx_word' id='word_1_86' title='bbox 2106 818 2253 858; x_wconf 84' lang='lat' dir='ltr'>proten-</span> 
     </span>
     <span class='ocr_line' id='line_1_9' title="bbox 387 879 2252 928; baseline -0.002 -12"><span class='ocrx_word' id='word_1_87' title='bbox 387 884 477 925; x_wconf 85' lang='lat' dir='ltr'>sius,</span> <span class='ocrx_word' id='word_1_88' title='bbox 496 895 562 916; x_wconf 90' lang='lat' dir='ltr'>nec</span> <span class='ocrx_word' id='word_1_89' title='bbox 577 883 623 916; x_wconf 90' lang='lat' dir='ltr'>ita</span> <span class='ocrx_word' id='word_1_90' title='bbox 640 882 887 928; x_wconf 85' lang='lat' dir='ltr'>perfunctorie</span> <span class='ocrx_word' id='word_1_91' title='bbox 902 887 960 914; x_wconf 88' lang='lat' dir='ltr'>aut</span> <span class='ocrx_word' id='word_1_92' title='bbox 975 887 1178 922; x_wconf 76' lang='lat' dir='ltr'>currentes,</span> <span class='ocrx_word' id='word_1_93' title='bbox 1197 892 1262 925; x_wconf 91' lang='lat' dir='ltr'>pro</span> <span class='ocrx_word' id='word_1_94' title='bbox 1282 880 1401 925; x_wconf 88' lang='lat' dir='ltr'>ipsius</span> <span class='ocrx_word' id='word_1_95' title='bbox 1422 886 1537 922; x_wconf 87' lang='lat' dir='ltr'>actus,</span> <span class='ocrx_word' id='word_1_96' title='bbox 1555 880 1616 925; x_wconf 93' lang='lat' dir='ltr'>qui</span> <span class='ocrx_word' id='word_1_97' title='bbox 1634 892 1677 913; x_wconf 91' lang='lat' dir='ltr'>ex</span> <span class='ocrx_word' id='word_1_98' title='bbox 1692 880 1904 925; x_wconf 86' lang='lat' dir='ltr'>antiquitate</span> <span class='ocrx_word' id='word_1_99' title='bbox 1924 880 1993 913; x_wconf 89' lang='lat' dir='ltr'>suit</span> <span class='ocrx_word' id='word_1_100' title='bbox 2007 879 2252 921; x_wconf 90' lang='lat' dir='ltr'>introductus,</span> 
     </span>
     <span class='ocr_line' id='line_1_10' title="bbox 384 949 810 994; baseline -0.002 -11"><span class='ocrx_word' id='word_1_101' title='bbox 384 950 602 983; x_wconf 82' lang='lat' dir='ltr'>condecenti</span> <span class='ocrx_word' id='word_1_102' title='bbox 622 949 810 994; x_wconf 87' lang='lat' dir='ltr'>gravitate.</span> 
     </span>
    </p>

    <p class='ocr_par' dir='ltr' id='par_1_3' title="bbox 384 1013 2254 1331">
     <span class='ocr_line' id='line_1_11' title="bbox 476 1013 2254 1055; baseline -0.002 -5"><span class='ocrx_word' id='word_1_103' title='bbox 476 1019 564 1050; x_wconf 89' lang='lat' dir='ltr'>Item</span> <span class='ocrx_word' id='word_1_104' title='bbox 586 1017 715 1049; x_wconf 79' lang='lat' dir='ltr'>circa⁵⁷</span> <span class='ocrx_word' id='word_1_105' title='bbox 741 1016 808 1049; x_wconf 91' lang='lat' dir='ltr'>ista</span> <span class='ocrx_word' id='word_1_106' title='bbox 830 1015 1033 1048; x_wconf 88' lang='lat' dir='ltr'>districtius</span> <span class='ocrx_word' id='word_1_107' title='bbox 1059 1014 1267 1048; x_wconf 87' lang='lat' dir='ltr'>inhibemus</span> <span class='ocrx_word' id='word_1_108' title='bbox 1293 1015 1329 1047; x_wconf 94' lang='lat' dir='ltr'>in</span> <span class='ocrx_word' id='word_1_109' title='bbox 1350 1014 1482 1048; x_wconf 91' lang='lat' dir='ltr'>virtute</span> <span class='ocrx_word' id='word_1_110' title='bbox 1509 1021 1632 1047; x_wconf 88' lang='lat' dir='ltr'>sancte</span> <span class='ocrx_word' id='word_1_111' title='bbox 1653 1013 1875 1055; x_wconf 84' lang='lat' dir='ltr'>obedientie,</span> <span class='ocrx_word' id='word_1_112' title='bbox 1898 1026 1943 1046; x_wconf 93' lang='lat' dir='ltr'>ne</span> <span class='ocrx_word' id='word_1_113' title='bbox 1969 1013 2254 1046; x_wconf 86' lang='lat' dir='ltr'>determinantes</span> 
     </span>
     <span class='ocr_line' id='line_1_12' title="bbox 386 1080 2253 1126; baseline -0.002 -9"><span class='ocrx_word' id='word_1_114' title='bbox 386 1085 423 1118; x_wconf 88' lang='lat' dir='ltr'>in</span> <span class='ocrx_word' id='word_1_115' title='bbox 440 1084 517 1118; x_wconf 88' lang='lat' dir='ltr'>suis</span> <span class='ocrx_word' id='word_1_116' title='bbox 534 1082 901 1116; x_wconf 86' lang='lat' dir='ltr'>determinationibus</span> <span class='ocrx_word' id='word_1_117' title='bbox 917 1082 1082 1115; x_wconf 88' lang='lat' dir='ltr'>convivia</span> <span class='ocrx_word' id='word_1_118' title='bbox 1100 1082 1243 1123; x_wconf 85' lang='lat' dir='ltr'>faciant,</span> <span class='ocrx_word' id='word_1_119' title='bbox 1262 1082 1333 1114; x_wconf 88' lang='lat' dir='ltr'>nisi</span> <span class='ocrx_word' id='word_1_120' title='bbox 1350 1081 1543 1114; x_wconf 87' lang='lat' dir='ltr'>admodum</span> <span class='ocrx_word' id='word_1_121' title='bbox 1566 1081 1729 1114; x_wconf 89' lang='lat' dir='ltr'>modesta</span> <span class='ocrx_word' id='word_1_122' title='bbox 1751 1088 1787 1114; x_wconf 90' lang='lat' dir='ltr'>et</span> <span class='ocrx_word' id='word_1_123' title='bbox 1803 1087 2012 1126; x_wconf 88' lang='lat' dir='ltr'>temperata,</span> <span class='ocrx_word' id='word_1_124' title='bbox 2035 1087 2071 1114; x_wconf 89' lang='lat' dir='ltr'>et</span> <span class='ocrx_word' id='word_1_125' title='bbox 2090 1080 2158 1114; x_wconf 90' lang='lat' dir='ltr'>hoc</span> <span class='ocrx_word' id='word_1_126' title='bbox 2175 1080 2253 1114; x_wconf 88' lang='lat' dir='ltr'>suis</span> 
     </span>
     <span class='ocr_line' id='line_1_13' title="bbox 386 1148 2253 1195; baseline -0.002 -10"><span class='ocrx_word' id='word_1_127' title='bbox 386 1152 567 1185; x_wconf 86' lang='lat' dir='ltr'>dumtaxat</span> <span class='ocrx_word' id='word_1_128' title='bbox 583 1151 693 1184; x_wconf 88' lang='lat' dir='ltr'>sociis</span> <span class='ocrx_word' id='word_1_129' title='bbox 711 1157 745 1183; x_wconf 88' lang='lat' dir='ltr'>et</span> <span class='ocrx_word' id='word_1_130' title='bbox 762 1150 961 1195; x_wconf 74' lang='lat' dir='ltr'>magistris,</span> <span class='ocrx_word' id='word_1_131' title='bbox 983 1149 1219 1182; x_wconf 79' lang='lat' dir='ltr'>conformiter</span> <span class='ocrx_word' id='word_1_132' title='bbox 1239 1149 1282 1182; x_wconf 90' lang='lat' dir='ltr'>ad</span> <span class='ocrx_word' id='word_1_133' title='bbox 1300 1155 1484 1182; x_wconf 90' lang='lat' dir='ltr'>statutum.</span> <span class='ocrx_word' id='word_1_134' title='bbox 1502 1148 1715 1182; x_wconf 89' lang='lat' dir='ltr'>Inhibemus</span> <span class='ocrx_word' id='word_1_135' title='bbox 1737 1149 1841 1182; x_wconf 90' lang='lat' dir='ltr'>etiam</span> <span class='ocrx_word' id='word_1_136' title='bbox 1860 1159 2035 1181; x_wconf 88' lang='lat' dir='ltr'>excessus</span> <span class='ocrx_word' id='word_1_137' title='bbox 2052 1154 2113 1181; x_wconf 87' lang='lat' dir='ltr'>aut</span> <span class='ocrx_word' id='word_1_138' title='bbox 2128 1159 2253 1181; x_wconf 88' lang='lat' dir='ltr'>exces-</span> 
     </span>
     <span class='ocr_line' id='line_1_14' title="bbox 385 1215 2253 1264; baseline -0.002 -12"><span class='ocrx_word' id='word_1_139' title='bbox 385 1219 480 1252; x_wconf 86' lang='lat' dir='ltr'>sivas</span> <span class='ocrx_word' id='word_1_140' title='bbox 502 1230 681 1264; x_wconf 89' lang='lat' dir='ltr'>expensas</span> <span class='ocrx_word' id='word_1_141' title='bbox 702 1218 781 1251; x_wconf 82' lang='lat' dir='ltr'>fieri</span> <span class='ocrx_word' id='word_1_142' title='bbox 802 1218 838 1250; x_wconf 89' lang='lat' dir='ltr'>in</span> <span class='ocrx_word' id='word_1_143' title='bbox 861 1216 1170 1262; x_wconf 88' lang='lat' dir='ltr'>responsionibus</span> <span class='ocrx_word' id='word_1_144' title='bbox 1191 1228 1256 1250; x_wconf 88' lang='lat' dir='ltr'>seu</span> <span class='ocrx_word' id='word_1_145' title='bbox 1280 1215 1593 1261; x_wconf 85' lang='lat' dir='ltr'>disputationibus</span> <span class='ocrx_word' id='word_1_146' title='bbox 1616 1216 1803 1261; x_wconf 82' lang='lat' dir='ltr'>predictis,</span> <span class='ocrx_word' id='word_1_147' title='bbox 1826 1228 1870 1248; x_wconf 90' lang='lat' dir='ltr'>ne</span> <span class='ocrx_word' id='word_1_148' title='bbox 1894 1227 2072 1261; x_wconf 89' lang='lat' dir='ltr'>pauperes</span> <span class='ocrx_word' id='word_1_149' title='bbox 2093 1215 2253 1248; x_wconf 89' lang='lat' dir='ltr'>scolares</span> 
     </span>
     <span class='ocr_line' id='line_1_15' title="bbox 384 1284 892 1331; baseline -0.004 -12"><span class='ocrx_word' id='word_1_150' title='bbox 384 1292 581 1331; x_wconf 82' lang='lat' dir='ltr'>graventur</span> <span class='ocrx_word' id='word_1_151' title='bbox 602 1297 748 1331; x_wconf 88' lang='lat' dir='ltr'>quoquo</span> <span class='ocrx_word' id='word_1_152' title='bbox 771 1284 892 1318; x_wconf 89' lang='lat' dir='ltr'>modo.</span> 
     </span>
    </p>

    <p class='ocr_par' dir='ltr' id='par_1_4' title="bbox 383 1349 2255 1666">
     <span class='ocr_line' id='line_1_16' title="bbox 474 1349 2251 1397; baseline -0.002 -12"><span class='ocrx_word' id='word_1_153' title='bbox 474 1353 599 1386; x_wconf 70' lang='lat' dir='ltr'>lte1n⁵³</span> <span class='ocrx_word' id='word_1_154' title='bbox 616 1352 826 1385; x_wconf 88' lang='lat' dir='ltr'>inhibemus</span> <span class='ocrx_word' id='word_1_155' title='bbox 843 1351 1029 1397; x_wconf 84' lang='lat' dir='ltr'>magistris</span> <span class='ocrx_word' id='word_1_156' title='bbox 1046 1351 1249 1396; x_wconf 88' lang='lat' dir='ltr'>pedagogis</span> <span class='ocrx_word' id='word_1_157' title='bbox 1267 1350 1303 1383; x_wconf 88' lang='lat' dir='ltr'>in</span> <span class='ocrx_word' id='word_1_158' title='bbox 1320 1351 1452 1384; x_wconf 90' lang='lat' dir='ltr'>virtute</span> <span class='ocrx_word' id='word_1_159' title='bbox 1470 1357 1594 1384; x_wconf 87' lang='lat' dir='ltr'>sancte</span> <span class='ocrx_word' id='word_1_160' title='bbox 1612 1350 1836 1391; x_wconf 83' lang='lat' dir='ltr'>obedientie,</span> <span class='ocrx_word' id='word_1_161' title='bbox 1854 1362 1898 1382; x_wconf 93' lang='lat' dir='ltr'>ne</span> <span class='ocrx_word' id='word_1_162' title='bbox 1916 1349 2087 1395; x_wconf 84' lang='lat' dir='ltr'>expensis</span> <span class='ocrx_word' id='word_1_163' title='bbox 2102 1361 2251 1383; x_wconf 87' lang='lat' dir='ltr'>suorum</span> 
     </span>
     <span class='ocr_line' id='line_1_17' title="bbox 383 1417 2255 1463; baseline -0.002 -10"><span class='ocrx_word' id='word_1_164' title='bbox 383 1420 580 1453; x_wconf 87' lang='lat' dir='ltr'>scolarium</span> <span class='ocrx_word' id='word_1_165' title='bbox 596 1420 729 1453; x_wconf 87' lang='lat' dir='ltr'>faciant</span> <span class='ocrx_word' id='word_1_166' title='bbox 749 1419 1034 1452; x_wconf 87' lang='lat' dir='ltr'>extraordinaria</span> <span class='ocrx_word' id='word_1_167' title='bbox 1055 1418 1234 1456; x_wconf 84' lang='lat' dir='ltr'>convivia,</span> <span class='ocrx_word' id='word_1_168' title='bbox 1253 1424 1418 1463; x_wconf 88' lang='lat' dir='ltr'>pretextu</span> <span class='ocrx_word' id='word_1_169' title='bbox 1440 1417 1662 1463; x_wconf 86' lang='lat' dir='ltr'>acquirende</span> <span class='ocrx_word' id='word_1_170' title='bbox 1683 1417 1811 1450; x_wconf 89' lang='lat' dir='ltr'>notitie</span> <span class='ocrx_word' id='word_1_171' title='bbox 1832 1423 1892 1450; x_wconf 90' lang='lat' dir='ltr'>aut</span> <span class='ocrx_word' id='word_1_172' title='bbox 1911 1417 2002 1450; x_wconf 76' lang='lat' dir='ltr'>fame</span> <span class='ocrx_word' id='word_1_173' title='bbox 2023 1417 2118 1462; x_wconf 85' lang='lat' dir='ltr'>apud</span> <span class='ocrx_word' id='word_1_174' title='bbox 2139 1423 2255 1450; x_wconf 89' lang='lat' dir='ltr'>extra-</span> 
     </span>
     <span class='ocr_line' id='line_1_18' title="bbox 385 1483 2254 1531; baseline -0.002 -11"><span class='ocrx_word' id='word_1_175' title='bbox 385 1499 489 1529; x_wconf 86' lang='lat' dir='ltr'>neos,</span> <span class='ocrx_word' id='word_1_176' title='bbox 510 1494 571 1521; x_wconf 88' lang='lat' dir='ltr'>aut</span> <span class='ocrx_word' id='word_1_177' title='bbox 591 1487 696 1520; x_wconf 89' lang='lat' dir='ltr'>etiam</span> <span class='ocrx_word' id='word_1_178' title='bbox 722 1499 829 1520; x_wconf 87' lang='lat' dir='ltr'>causa</span> <span class='ocrx_word' id='word_1_179' title='bbox 850 1486 1077 1531; x_wconf 86' lang='lat' dir='ltr'>aggregandi</span> <span class='ocrx_word' id='word_1_180' title='bbox 1102 1485 1171 1518; x_wconf 84' lang='lat' dir='ltr'>sihi</span> <span class='ocrx_word' id='word_1_181' title='bbox 1194 1485 1372 1527; x_wconf 86' lang='lat' dir='ltr'>scolares;</span> <span class='ocrx_word' id='word_1_182' title='bbox 1395 1485 1475 1526; x_wconf 89' lang='lat' dir='ltr'>sed,</span> <span class='ocrx_word' id='word_1_183' title='bbox 1497 1485 1528 1518; x_wconf 88' lang='lat' dir='ltr'>si</span> <span class='ocrx_word' id='word_1_184' title='bbox 1550 1496 1620 1530; x_wconf 90' lang='lat' dir='ltr'>que</span> <span class='ocrx_word' id='word_1_185' title='bbox 1647 1484 1795 1530; x_wconf 89' lang='lat' dir='ltr'>prandia</span> <span class='ocrx_word' id='word_1_186' title='bbox 1819 1484 1876 1518; x_wconf 91' lang='lat' dir='ltr'>vel</span> <span class='ocrx_word' id='word_1_187' title='bbox 1900 1484 2064 1518; x_wconf 52' lang='lat' dir='ltr'>convivia</span> <span class='ocrx_word' id='word_1_188' title='bbox 2090 1483 2195 1518; x_wconf 88' lang='lat' dir='ltr'>solita</span> <span class='ocrx_word' id='word_1_189' title='bbox 2216 1484 2254 1517; x_wconf 92' lang='lat' dir='ltr'>in</span> 
     </span>
     <span class='ocr_line' id='line_1_19' title="bbox 384 1547 2252 1600; baseline -0.002 -12"><span class='ocrx_word' id='word_1_190' title='bbox 384 1555 499 1600; x_wconf 88' lang='lat' dir='ltr'>gradu</span> <span class='ocrx_word' id='word_1_191' title='bbox 529 1562 590 1588; x_wconf 87' lang='lat' dir='ltr'>aut</span> <span class='ocrx_word' id='word_1_192' title='bbox 618 1554 706 1588; x_wconf 88' lang='lat' dir='ltr'>alias</span> <span class='ocrx_word' id='word_1_193' title='bbox 736 1554 807 1600; x_wconf 90' lang='lat' dir='ltr'>ipsi</span> <span class='ocrx_word' id='word_1_194' title='bbox 837 1553 998 1587; x_wconf 89' lang='lat' dir='ltr'>scolares</span> <span class='ocrx_word' id='word_1_195' title='bbox 1025 1553 1169 1594; x_wconf 88' lang='lat' dir='ltr'>faciant,</span> <span class='ocrx_word' id='word_1_196' title='bbox 1202 1553 1366 1598; x_wconf 86' lang='lat' dir='ltr'>magistri</span> <span class='ocrx_word' id='word_1_197' title='bbox 1401 1559 1592 1586; x_wconf 90' lang='lat' dir='ltr'>teneantur</span> <span class='ocrx_word' id='word_1_198' title='bbox 1624 1564 1766 1584; x_wconf 88' lang='lat' dir='ltr'>omnem</span> <span class='ocrx_word' id='word_1_199' title='bbox 1804 1547 2026 1584; x_wconf 85' lang='lat' dir='ltr'>excessivam</span> <span class='ocrx_word' id='word_1_200' title='bbox 2058 1563 2252 1596; x_wconf 88' lang='lat' dir='ltr'>expensam</span> 
     </span>
     <span class='ocr_line' id='line_1_20' title="bbox 386 1621 599 1666; baseline 0 -12"><span class='ocrx_word' id='word_1_201' title='bbox 386 1621 599 1666; x_wconf 88' lang='lat' dir='ltr'>reprimere.</span> 
     </span>
    </p>

    <p class='ocr_par' dir='ltr' id='par_1_5' title="bbox 383 1684 2254 2069">
     <span class='ocr_line' id='line_1_21' title="bbox 474 1684 2254 1733; baseline -0.002 -12"><span class='ocrx_word' id='word_1_202' title='bbox 474 1690 562 1721; x_wconf 86' lang='lat' dir='ltr'>Item</span> <span class='ocrx_word' id='word_1_203' title='bbox 590 1687 786 1733; x_wconf 81' lang='lat' dir='ltr'>specialius</span> <span class='ocrx_word' id='word_1_204' title='bbox 811 1686 1019 1719; x_wconf 89' lang='lat' dir='ltr'>inhibemus</span> <span class='ocrx_word' id='word_1_205' title='bbox 1045 1698 1090 1718; x_wconf 89' lang='lat' dir='ltr'>ne</span> <span class='ocrx_word' id='word_1_206' title='bbox 1116 1686 1327 1731; x_wconf 87' lang='lat' dir='ltr'>permittant</span> <span class='ocrx_word' id='word_1_207' title='bbox 1350 1686 1421 1731; x_wconf 90' lang='lat' dir='ltr'>ipsi</span> <span class='ocrx_word' id='word_1_208' title='bbox 1447 1685 1612 1731; x_wconf 87' lang='lat' dir='ltr'>magistri</span> <span class='ocrx_word' id='word_1_209' title='bbox 1636 1684 1840 1718; x_wconf 89' lang='lat' dir='ltr'>scolaribus</span> <span class='ocrx_word' id='word_1_210' title='bbox 1862 1685 1939 1718; x_wconf 88' lang='lat' dir='ltr'>suis</span> <span class='ocrx_word' id='word_1_211' title='bbox 1960 1685 1996 1717; x_wconf 93' lang='lat' dir='ltr'>in</span> <span class='ocrx_word' id='word_1_212' title='bbox 2018 1684 2122 1717; x_wconf 86' lang='lat' dir='ltr'>festis</span> <span class='ocrx_word' id='word_1_213' title='bbox 2144 1684 2254 1717; x_wconf 89' lang='lat' dir='ltr'>natio·</span> 
     </span>
     <span class='ocr_line' id='line_1_22' title="bbox 385 1750 2253 1797; baseline -0.003 -8"><span class='ocrx_word' id='word_1_214' title='bbox 385 1768 485 1797; x_wconf 90' lang='lat' dir='ltr'>num,</span> <span class='ocrx_word' id='word_1_215' title='bbox 508 1762 567 1789; x_wconf 92' lang='lat' dir='ltr'>aut</span> <span class='ocrx_word' id='word_1_216' title='bbox 587 1755 690 1797; x_wconf 78' lang='lat' dir='ltr'>alias,</span> <span class='ocrx_word' id='word_1_217' title='bbox 715 1754 867 1787; x_wconf 89' lang='lat' dir='ltr'>choreas</span> <span class='ocrx_word' id='word_1_218' title='bbox 894 1753 1095 1787; x_wconf 87' lang='lat' dir='ltr'>dissolutas</span> <span class='ocrx_word' id='word_1_219' title='bbox 1116 1760 1151 1786; x_wconf 91' lang='lat' dir='ltr'>et</span> <span class='ocrx_word' id='word_1_220' title='bbox 1173 1753 1387 1786; x_wconf 86' lang='lat' dir='ltr'>inhonestas</span> <span class='ocrx_word' id='word_1_221' title='bbox 1409 1753 1556 1794; x_wconf 90' lang='lat' dir='ltr'>ducere,</span> <span class='ocrx_word' id='word_1_222' title='bbox 1579 1752 1688 1785; x_wconf 92' lang='lat' dir='ltr'>ludos</span> <span class='ocrx_word' id='word_1_223' title='bbox 1710 1753 1815 1785; x_wconf 88' lang='lat' dir='ltr'>etiam</span> <span class='ocrx_word' id='word_1_224' title='bbox 1837 1751 2055 1785; x_wconf 89' lang='lat' dir='ltr'>inhonestos</span> <span class='ocrx_word' id='word_1_225' title='bbox 2075 1757 2111 1784; x_wconf 90' lang='lat' dir='ltr'>et</span> <span class='ocrx_word' id='word_1_226' title='bbox 2130 1750 2253 1797; x_wconf 88' lang='lat' dir='ltr'>prohi-</span> 
     </span>
     <span class='ocr_line' id='line_1_23' title="bbox 384 1818 2254 1868; baseline -0.003 -12"><span class='ocrx_word' id='word_1_227' title='bbox 384 1823 480 1857; x_wconf 89' lang='lat' dir='ltr'>bitos</span> <span class='ocrx_word' id='word_1_228' title='bbox 501 1834 625 1868; x_wconf 88' lang='lat' dir='ltr'>agere,</span> <span class='ocrx_word' id='word_1_229' title='bbox 646 1821 792 1855; x_wconf 91' lang='lat' dir='ltr'>habitus</span> <span class='ocrx_word' id='word_1_230' title='bbox 813 1822 1028 1855; x_wconf 89' lang='lat' dir='ltr'>indecentes</span> <span class='ocrx_word' id='word_1_231' title='bbox 1055 1827 1090 1854; x_wconf 86' lang='lat' dir='ltr'>et</span> <span class='ocrx_word' id='word_1_232' title='bbox 1114 1820 1262 1854; x_wconf 81' lang='lat' dir='ltr'>laicales</span> <span class='ocrx_word' id='word_1_233' title='bbox 1284 1821 1443 1862; x_wconf 89' lang='lat' dir='ltr'>deferre,</span> <span class='ocrx_word' id='word_1_234' title='bbox 1465 1820 1617 1853; x_wconf 89' lang='lat' dir='ltr'>maxime</span> <span class='ocrx_word' id='word_1_235' title='bbox 1644 1820 1705 1865; x_wconf 84' lang='lat' dir='ltr'>qui</span> <span class='ocrx_word' id='word_1_236' title='bbox 1729 1820 1772 1853; x_wconf 90' lang='lat' dir='ltr'>ad</span> <span class='ocrx_word' id='word_1_237' title='bbox 1798 1819 1920 1852; x_wconf 90' lang='lat' dir='ltr'>luxum</span> <span class='ocrx_word' id='word_1_238' title='bbox 1947 1825 2148 1865; x_wconf 85' lang='lat' dir='ltr'>provocent</span> <span class='ocrx_word' id='word_1_239' title='bbox 2167 1818 2254 1852; x_wconf 87' lang='lat' dir='ltr'>ado-</span> 
     </span>
     <span class='ocr_line' id='line_1_24' title="bbox 383 1885 2253 1935; baseline -0.002 -12"><span class='ocrx_word' id='word_1_240' title='bbox 383 1890 564 1924; x_wconf 89' lang='lat' dir='ltr'>lescentes</span> <span class='ocrx_word' id='word_1_241' title='bbox 587 1902 594 1923; x_wconf 89' lang='lat'>:</span> <span class='ocrx_word' id='word_1_242' title='bbox 618 1889 705 1935; x_wconf 91' lang='lat' dir='ltr'>quin</span> <span class='ocrx_word' id='word_1_243' title='bbox 727 1889 848 1934; x_wconf 88' lang='lat' dir='ltr'>potius</span> <span class='ocrx_word' id='word_1_244' title='bbox 871 1889 1079 1934; x_wconf 86' lang='lat' dir='ltr'>permittant</span> <span class='ocrx_word' id='word_1_245' title='bbox 1100 1900 1163 1922; x_wconf 90' lang='lat' dir='ltr'>eos</span> <span class='ocrx_word' id='word_1_246' title='bbox 1185 1888 1348 1922; x_wconf 86' lang='lat' dir='ltr'>virtuose</span> <span class='ocrx_word' id='word_1_247' title='bbox 1369 1895 1404 1921; x_wconf 88' lang='lat' dir='ltr'>et</span> <span class='ocrx_word' id='word_1_248' title='bbox 1421 1887 1676 1933; x_wconf 77' lang='lat' dir='ltr'>eutrapelice⁵⁹</span> <span class='ocrx_word' id='word_1_249' title='bbox 1698 1887 1840 1928; x_wconf 91' lang='lat' dir='ltr'>ludere,</span> <span class='ocrx_word' id='word_1_250' title='bbox 1862 1887 1906 1919; x_wconf 85' lang='lat' dir='ltr'>ad</span> <span class='ocrx_word' id='word_1_251' title='bbox 1926 1886 2062 1920; x_wconf 92' lang='lat' dir='ltr'>laboris</span> <span class='ocrx_word' id='word_1_252' title='bbox 2087 1885 2253 1919; x_wconf 89' lang='lat' dir='ltr'>levamen</span> 
     </span>
     <span class='ocr_line' id='line_1_25' title="bbox 385 1953 2253 2001; baseline -0.003 -10"><span class='ocrx_word' id='word_1_253' title='bbox 385 1965 420 1991; x_wconf 89' lang='lat' dir='ltr'>et</span> <span class='ocrx_word' id='word_1_254' title='bbox 446 1958 620 1991; x_wconf 89' lang='lat' dir='ltr'>solacium</span> <span class='ocrx_word' id='word_1_255' title='bbox 647 1957 861 1997; x_wconf 81' lang='lat' dir='ltr'>honestum3</span> <span class='ocrx_word' id='word_1_256' title='bbox 888 1968 954 1989; x_wconf 91' lang='lat' dir='ltr'>nec</span> <span class='ocrx_word' id='word_1_257' title='bbox 983 1956 1037 1989; x_wconf 90' lang='lat' dir='ltr'>eis</span> <span class='ocrx_word' id='word_1_258' title='bbox 1063 1956 1291 2001; x_wconf 87' lang='lat' dir='ltr'>permittatur</span> <span class='ocrx_word' id='word_1_259' title='bbox 1321 1956 1358 1988; x_wconf 91' lang='lat' dir='ltr'>in</span> <span class='ocrx_word' id='word_1_260' title='bbox 1384 1955 1559 2001; x_wconf 90' lang='lat' dir='ltr'>predictis</span> <span class='ocrx_word' id='word_1_261' title='bbox 1587 1955 1691 1988; x_wconf 90' lang='lat' dir='ltr'>festis</span> <span class='ocrx_word' id='word_1_262' title='bbox 1719 1954 1834 1987; x_wconf 91' lang='lat' dir='ltr'>libere</span> <span class='ocrx_word' id='word_1_263' title='bbox 1867 1966 1931 2000; x_wconf 91' lang='lat' dir='ltr'>per</span> <span class='ocrx_word' id='word_1_264' title='bbox 1957 1953 2091 1994; x_wconf 88' lang='lat' dir='ltr'>villam,</span> <span class='ocrx_word' id='word_1_265' title='bbox 2120 1960 2181 1987; x_wconf 88' lang='lat' dir='ltr'>aut</span> <span class='ocrx_word' id='word_1_266' title='bbox 2208 1953 2253 1986; x_wconf 92' lang='lat' dir='ltr'>de</span> 
     </span>
     <span class='ocr_line' id='line_1_26' title="bbox 385 2020 2252 2069; baseline -0.003 -11"><span class='ocrx_word' id='word_1_267' title='bbox 385 2025 491 2058; x_wconf 90' lang='lat' dir='ltr'>domo</span> <span class='ocrx_word' id='word_1_268' title='bbox 513 2025 550 2057; x_wconf 94' lang='lat' dir='ltr'>in</span> <span class='ocrx_word' id='word_1_269' title='bbox 569 2024 715 2058; x_wconf 91' lang='lat' dir='ltr'>domum</span> <span class='ocrx_word' id='word_1_270' title='bbox 733 2024 903 2065; x_wconf 88' lang='lat' dir='ltr'>circuire,</span> <span class='ocrx_word' id='word_1_271' title='bbox 921 2030 1029 2069; x_wconf 91' lang='lat' dir='ltr'>prout</span> <span class='ocrx_word' id='word_1_272' title='bbox 1044 2023 1158 2069; x_wconf 88' lang='lat' dir='ltr'>ipsam</span> <span class='ocrx_word' id='word_1_273' title='bbox 1175 2023 1381 2056; x_wconf 89' lang='lat' dir='ltr'>facultatem</span> <span class='ocrx_word' id='word_1_274' title='bbox 1400 2035 1531 2068; x_wconf 90' lang='lat' dir='ltr'>nuper,</span> <span class='ocrx_word' id='word_1_275' title='bbox 1553 2022 1734 2055; x_wconf 86' lang='lat' dir='ltr'>honestati</span> <span class='ocrx_word' id='word_1_276' title='bbox 1751 2022 1963 2055; x_wconf 90' lang='lat' dir='ltr'>eorumdem</span> <span class='ocrx_word' id='word_1_277' title='bbox 1985 2020 2252 2062; x_wconf 87' lang='lat' dir='ltr'>consulentem,</span> 
     </span>
    </p>
   </div>
   <div class='ocr_carea' id='block_1_3' title="bbox 383 2089 1544 2136">
    <p class='ocr_par' dir='ltr' id='par_1_6' title="bbox 383 2089 1544 2136">
     <span class='ocr_line' id='line_1_27' title="bbox 383 2089 1544 2136; baseline -0.003 -11"><span class='ocrx_word' id='word_1_278' title='bbox 383 2091 630 2125; x_wconf 87' lang='lat' dir='ltr'>intelleximus</span> <span class='ocrx_word' id='word_1_279' title='bbox 649 2091 876 2132; x_wconf 74' lang='lat' dir='ltr'>statuisse⁶03</span> <span class='ocrx_word' id='word_1_280' title='bbox 899 2090 998 2136; x_wconf 93' lang='lat' dir='ltr'>quod</span> <span class='ocrx_word' id='word_1_281' title='bbox 1019 2090 1210 2123; x_wconf 88' lang='lat' dir='ltr'>laudamus</span> <span class='ocrx_word' id='word_1_282' title='bbox 1232 2097 1267 2123; x_wconf 91' lang='lat' dir='ltr'>et</span> <span class='ocrx_word' id='word_1_283' title='bbox 1286 2089 1544 2136; x_wconf 88' lang='lat' dir='ltr'>approbamus.</span> 
     </span>
    </p>
   </div>
   <div class='ocr_carea' id='block_1_4' title="bbox 950 2195 1687 2242">
    <p class='ocr_par' dir='ltr' id='par_1_7' title="bbox 950 2195 1687 2242">
     <span class='ocr_line' id='line_1_28' title="bbox 950 2195 1687 2242; baseline -0.001 -11"><span class='ocrx_word' id='word_1_284' title='bbox 950 2198 1003 2231; x_wconf 89' lang='lat' dir='ltr'>De</span> <span class='ocrx_word' id='word_1_285' title='bbox 1027 2197 1318 2242; x_wconf 78' lang='lat' dir='ltr'>temptationibus</span> <span class='ocrx_word' id='word_1_286' title='bbox 1343 2195 1687 2242; x_wconf 82' lang='lat' dir='ltr'>magistrandorum.</span> 
     </span>
    </p>
   </div>
   <div class='ocr_carea' id='block_1_5' title="bbox 382 2293 2254 2876">
    <p class='ocr_par' dir='ltr' id='par_1_8' title="bbox 382 2293 2254 2876">
     <span class='ocr_line' id='line_1_29' title="bbox 471 2293 2253 2339; baseline -0.002 -10"><span class='ocrx_word' id='word_1_287' title='bbox 471 2298 560 2330; x_wconf 88' lang='lat' dir='ltr'>Item</span> <span class='ocrx_word' id='word_1_288' title='bbox 590 2297 806 2330; x_wconf 88' lang='lat' dir='ltr'>innovamus</span> <span class='ocrx_word' id='word_1_289' title='bbox 832 2295 925 2328; x_wconf 88' lang='lat' dir='ltr'>illud</span> <span class='ocrx_word' id='word_1_290' title='bbox 954 2301 1126 2328; x_wconf 84' lang='lat' dir='ltr'>statutum</span> <span class='ocrx_word' id='word_1_291' title='bbox 1154 2295 1249 2328; x_wconf 91' lang='lat' dir='ltr'>dicte</span> <span class='ocrx_word' id='word_1_292' title='bbox 1280 2294 1564 2336; x_wconf 85' lang='lat' dir='ltr'>reformationis,</span> <span class='ocrx_word' id='word_1_293' title='bbox 1592 2306 1663 2339; x_wconf 92' lang='lat' dir='ltr'>quo</span> <span class='ocrx_word' id='word_1_294' title='bbox 1691 2300 1839 2327; x_wconf 90' lang='lat' dir='ltr'>cavetur</span> <span class='ocrx_word' id='word_1_295' title='bbox 1868 2294 1905 2326; x_wconf 91' lang='lat' dir='ltr'>in</span> <span class='ocrx_word' id='word_1_296' title='bbox 1930 2294 2057 2335; x_wconf 87' lang='lat' dir='ltr'>forma,</span> <span class='ocrx_word' id='word_1_297' title='bbox 2089 2294 2187 2339; x_wconf 91' lang='lat' dir='ltr'>quod</span> <span class='ocrx_word' id='word_1_298' title='bbox 2216 2293 2253 2327; x_wconf 87' lang='lat' dir='ltr'>in</span> 
     </span>
     <span class='ocr_line' id='line_1_30' title="bbox 383 2360 2254 2409; baseline -0.002 -12"><span class='ocrx_word' id='word_1_299' title='bbox 383 2364 616 2409; x_wconf 82' lang='lat' dir='ltr'>temptamine</span> <span class='ocrx_word' id='word_1_300' title='bbox 637 2363 813 2396; x_wconf 87' lang='lat' dir='ltr'>examinis</span> <span class='ocrx_word' id='word_1_301' title='bbox 836 2363 965 2396; x_wconf 87' lang='lat' dir='ltr'>Sancte</span> <span class='ocrx_word' id='word_1_302' title='bbox 986 2363 1176 2396; x_wconf 90' lang='lat' dir='ltr'>Genovefe</span> <span class='ocrx_word' id='word_1_303' title='bbox 1197 2369 1353 2408; x_wconf 89' lang='lat' dir='ltr'>quatuor</span> <span class='ocrx_word' id='word_1_304' title='bbox 1374 2362 1538 2407; x_wconf 88' lang='lat' dir='ltr'>magistri</span> <span class='ocrx_word' id='word_1_305' title='bbox 1558 2361 1732 2394; x_wconf 87' lang='lat' dir='ltr'>intersint</span> <span class='ocrx_word' id='word_1_306' title='bbox 1751 2373 1831 2394; x_wconf 92' lang='lat' dir='ltr'>cum</span> <span class='ocrx_word' id='word_1_307' title='bbox 1853 2361 2071 2394; x_wconf 85' lang='lat' dir='ltr'>cancellario</span> <span class='ocrx_word' id='word_1_308' title='bbox 2088 2361 2146 2394; x_wconf 90' lang='lat' dir='ltr'>vel</span> <span class='ocrx_word' id='word_1_309' title='bbox 2167 2360 2254 2394; x_wconf 87' lang='lat' dir='ltr'>sub-</span> 
     </span>
     <span class='ocr_line' id='line_1_31' title="bbox 382 2427 2252 2475; baseline -0.002 -10"><span class='ocrx_word' id='word_1_310' title='bbox 382 2431 612 2472; x_wconf 78' lang='lat' dir='ltr'>cancellario,</span> <span class='ocrx_word' id='word_1_311' title='bbox 637 2431 748 2475; x_wconf 84' lang='lat' dir='ltr'>jurati</span> <span class='ocrx_word' id='word_1_312' title='bbox 782 2431 818 2463; x_wconf 91' lang='lat' dir='ltr'>iu</span> <span class='ocrx_word' id='word_1_313' title='bbox 854 2430 1037 2475; x_wconf 82' lang='lat' dir='ltr'>presentia</span> <span class='ocrx_word' id='word_1_314' title='bbox 1064 2429 1245 2463; x_wconf 88' lang='lat' dir='ltr'>facultatis</span> <span class='ocrx_word' id='word_1_315' title='bbox 1278 2441 1366 2475; x_wconf 88' lang='lat' dir='ltr'>sepe</span> <span class='ocrx_word' id='word_1_316' title='bbox 1392 2429 1501 2470; x_wconf 84' lang='lat' dir='ltr'>dicte,</span> <span class='ocrx_word' id='word_1_317' title='bbox 1530 2429 1627 2474; x_wconf 91' lang='lat' dir='ltr'>quod</span> <span class='ocrx_word' id='word_1_318' title='bbox 1659 2428 1818 2461; x_wconf 85' lang='lat' dir='ltr'>fideliter</span> <span class='ocrx_word' id='word_1_319' title='bbox 1845 2427 2083 2473; x_wconf 84' lang='lat' dir='ltr'>temptabunt,</span> <span class='ocrx_word' id='word_1_320' title='bbox 2117 2428 2252 2473; x_wconf 90' lang='lat' dir='ltr'>dignos</span> 
     </span>
     <span class='ocr_line' id='line_1_32' title="bbox 382 2495 2251 2542; baseline -0.002 -12"><span class='ocrx_word' id='word_1_321' title='bbox 382 2498 603 2531; x_wconf 87' lang='lat' dir='ltr'>admittendo</span> <span class='ocrx_word' id='word_1_322' title='bbox 639 2504 674 2530; x_wconf 92' lang='lat' dir='ltr'>et</span> <span class='ocrx_word' id='word_1_323' title='bbox 703 2497 877 2541; x_wconf 82' lang='lat' dir='ltr'>indignos</span> <span class='ocrx_word' id='word_1_324' title='bbox 904 2497 1130 2542; x_wconf 84' lang='lat' dir='ltr'>repellendO,</span> <span class='ocrx_word' id='word_1_325' title='bbox 1158 2497 1253 2530; x_wconf 87' lang='lat' dir='ltr'>sicut</span> <span class='ocrx_word' id='word_1_326' title='bbox 1284 2503 1369 2530; x_wconf 91' lang='lat' dir='ltr'>sunt</span> <span class='ocrx_word' id='word_1_327' title='bbox 1398 2503 1552 2542; x_wconf 90' lang='lat' dir='ltr'>quatuor</span> <span class='ocrx_word' id='word_1_328' title='bbox 1578 2496 1742 2541; x_wconf 88' lang='lat' dir='ltr'>magistri</span> <span class='ocrx_word' id='word_1_329' title='bbox 1770 2507 1834 2540; x_wconf 85' lang='lat' dir='ltr'>per</span> <span class='ocrx_word' id='word_1_330' title='bbox 1860 2495 2116 2528; x_wconf 89' lang='lat' dir='ltr'>cancellarium</span> <span class='ocrx_word' id='word_1_331' title='bbox 2143 2496 2251 2528; x_wconf 85' lang='lat' dir='ltr'>Beate</span> 
     </span>
     <span class='ocr_line' id='line_1_33' title="bbox 382 2562 2252 2609; baseline -0.001 -11"><span class='ocrx_word' id='word_1_332' title='bbox 382 2566 494 2598; x_wconf 88' lang='lat' dir='ltr'>Marie</span> <span class='ocrx_word' id='word_1_333' title='bbox 514 2565 557 2598; x_wconf 90' lang='lat' dir='ltr'>ad</span> <span class='ocrx_word' id='word_1_334' title='bbox 579 2564 826 2609; x_wconf 89' lang='lat' dir='ltr'>temptandum</span> <span class='ocrx_word' id='word_1_335' title='bbox 847 2564 959 2609; x_wconf 90' lang='lat' dir='ltr'>jurati</span> <span class='ocrx_word' id='word_1_336' title='bbox 980 2571 1016 2597; x_wconf 92' lang='lat' dir='ltr'>et</span> <span class='ocrx_word' id='word_1_337' title='bbox 1041 2564 1160 2598; x_wconf 88' lang='lat' dir='ltr'>electi.</span> <span class='ocrx_word' id='word_1_338' title='bbox 1188 2566 1263 2597; x_wconf 91' lang='lat' dir='ltr'>Hoc</span> <span class='ocrx_word' id='word_1_339' title='bbox 1290 2564 1436 2609; x_wconf 90' lang='lat' dir='ltr'>quidem</span> <span class='ocrx_word' id='word_1_340' title='bbox 1463 2570 1634 2597; x_wconf 87' lang='lat' dir='ltr'>statutum</span> <span class='ocrx_word' id='word_1_341' title='bbox 1661 2563 1698 2595; x_wconf 92' lang='lat' dir='ltr'>in</span> <span class='ocrx_word' id='word_1_342' title='bbox 1724 2562 1886 2608; x_wconf 87' lang='lat' dir='ltr'>predicta</span> <span class='ocrx_word' id='word_1_343' title='bbox 1911 2562 2184 2603; x_wconf 88' lang='lat' dir='ltr'>reformatione,</span> <span class='ocrx_word' id='word_1_344' title='bbox 2214 2568 2252 2596; x_wconf 86' lang='lat' dir='ltr'>ut</span> 
     </span>
     <span class='ocr_line' id='line_1_34' title="bbox 382 2628 2253 2676; baseline -0.001 -11"><span class='ocrx_word' id='word_1_345' title='bbox 382 2632 584 2673; x_wconf 76' lang='lat' dir='ltr'>retulimus,</span> <span class='ocrx_word' id='word_1_346' title='bbox 617 2632 654 2664; x_wconf 91' lang='lat' dir='ltr'>in</span> <span class='ocrx_word' id='word_1_347' title='bbox 683 2631 796 2664; x_wconf 89' lang='lat' dir='ltr'>forma</span> <span class='ocrx_word' id='word_1_348' title='bbox 825 2631 985 2676; x_wconf 89' lang='lat' dir='ltr'>positum</span> <span class='ocrx_word' id='word_1_349' title='bbox 1013 2631 1138 2664; x_wconf 90' lang='lat' dir='ltr'>eadem</span> <span class='ocrx_word' id='word_1_350' title='bbox 1170 2631 1384 2665; x_wconf 85' lang='lat' dir='ltr'>auctoritate</span> <span class='ocrx_word' id='word_1_351' title='bbox 1416 2631 1632 2664; x_wconf 82' lang='lat' dir='ltr'>innovamus</span> <span class='ocrx_word' id='word_1_352' title='bbox 1663 2636 1697 2663; x_wconf 87' lang='lat' dir='ltr'>et</span> <span class='ocrx_word' id='word_1_353' title='bbox 1726 2629 1988 2663; x_wconf 89' lang='lat' dir='ltr'>inviolabiliter</span> <span class='ocrx_word' id='word_1_354' title='bbox 2013 2628 2183 2662; x_wconf 89' lang='lat' dir='ltr'>volumus</span> <span class='ocrx_word' id='word_1_355' title='bbox 2217 2635 2253 2663; x_wconf 86' lang='lat' dir='ltr'>et</span> 
     </span>
     <span class='ocr_line' id='line_1_35' title="bbox 383 2696 2249 2743; baseline -0.002 -11"><span class='ocrx_word' id='word_1_356' title='bbox 383 2699 591 2732; x_wconf 87' lang='lat' dir='ltr'>mandamus</span> <span class='ocrx_word' id='word_1_357' title='bbox 617 2698 818 2731; x_wconf 82' lang='lat' dir='ltr'>observari.</span> <span class='ocrx_word' id='word_1_358' title='bbox 840 2699 990 2740; x_wconf 89' lang='lat' dir='ltr'>Verum,</span> <span class='ocrx_word' id='word_1_359' title='bbox 1013 2699 1096 2743; x_wconf 91' lang='lat' dir='ltr'>quia</span> <span class='ocrx_word' id='word_1_360' title='bbox 1121 2699 1158 2731; x_wconf 90' lang='lat' dir='ltr'>in</span> <span class='ocrx_word' id='word_1_361' title='bbox 1180 2698 1345 2743; x_wconf 90' lang='lat' dir='ltr'>predicto</span> <span class='ocrx_word' id='word_1_362' title='bbox 1367 2705 1502 2731; x_wconf 86' lang='lat' dir='ltr'>statuto</span> <span class='ocrx_word' id='word_1_363' title='bbox 1523 2709 1596 2730; x_wconf 91' lang='lat' dir='ltr'>non</span> <span class='ocrx_word' id='word_1_364' title='bbox 1619 2697 1823 2742; x_wconf 87' lang='lat' dir='ltr'>reperimus</span> <span class='ocrx_word' id='word_1_365' title='bbox 1849 2708 1916 2729; x_wconf 86' lang='lat' dir='ltr'>nec</span> <span class='ocrx_word' id='word_1_366' title='bbox 1941 2696 1978 2729; x_wconf 93' lang='lat' dir='ltr'>in</span> <span class='ocrx_word' id='word_1_367' title='bbox 2001 2696 2065 2729; x_wconf 90' lang='lat' dir='ltr'>illo</span> <span class='ocrx_word' id='word_1_368' title='bbox 2090 2702 2249 2738; x_wconf 81' lang='lat' dir='ltr'>cavetur,</span> 
     </span>
     <span class='ocr_line' id='line_1_36' title="bbox 383 2763 2249 2810; baseline -0.002 -12"><span class='ocrx_word' id='word_1_369' title='bbox 383 2766 479 2810; x_wconf 90' lang='lat' dir='ltr'>quod</span> <span class='ocrx_word' id='word_1_370' title='bbox 505 2765 657 2810; x_wconf 89' lang='lat' dir='ltr'>predicti</span> <span class='ocrx_word' id='word_1_371' title='bbox 684 2771 839 2810; x_wconf 87' lang='lat' dir='ltr'>quatuor</span> <span class='ocrx_word' id='word_1_372' title='bbox 864 2771 1102 2810; x_wconf 85' lang='lat' dir='ltr'>temptatores</span> <span class='ocrx_word' id='word_1_373' title='bbox 1130 2773 1197 2799; x_wconf 89' lang='lat' dir='ltr'>tam</span> <span class='ocrx_word' id='word_1_374' title='bbox 1225 2766 1261 2799; x_wconf 91' lang='lat' dir='ltr'>in</span> <span class='ocrx_word' id='word_1_375' title='bbox 1288 2766 1452 2799; x_wconf 88' lang='lat' dir='ltr'>examine</span> <span class='ocrx_word' id='word_1_376' title='bbox 1475 2766 1584 2798; x_wconf 89' lang='lat' dir='ltr'>Beate</span> <span class='ocrx_word' id='word_1_377' title='bbox 1610 2764 1722 2797; x_wconf 90' lang='lat' dir='ltr'>Marie</span> <span class='ocrx_word' id='word_1_378' title='bbox 1745 2775 1850 2808; x_wconf 90' lang='lat' dir='ltr'>quam</span> <span class='ocrx_word' id='word_1_379' title='bbox 1882 2763 1919 2796; x_wconf 92' lang='lat' dir='ltr'>in</span> <span class='ocrx_word' id='word_1_380' title='bbox 1950 2763 2113 2796; x_wconf 89' lang='lat' dir='ltr'>examine</span> <span class='ocrx_word' id='word_1_381' title='bbox 2141 2763 2249 2796; x_wconf 90' lang='lat' dir='ltr'>Beate</span> 
     </span>
     <span class='ocr_line' id='line_1_37' title="bbox 384 2829 2247 2876; baseline -0.002 -10"><span class='ocrx_word' id='word_1_382' title='bbox 384 2832 566 2866; x_wconf 81' lang='lat' dir='ltr'>Genovefe</span> <span class='ocrx_word' id='word_1_383' title='bbox 588 2831 743 2864; x_wconf 89' lang='lat' dir='ltr'>debeant</span> <span class='ocrx_word' id='word_1_384' title='bbox 763 2843 827 2876; x_wconf 85' lang='lat' dir='ltr'>per</span> <span class='ocrx_word' id='word_1_385' title='bbox 848 2832 965 2865; x_wconf 89' lang='lat' dir='ltr'>dictos</span> <span class='ocrx_word' id='word_1_386' title='bbox 987 2833 1225 2866; x_wconf 85' lang='lat' dir='ltr'>cancellarios</span> <span class='ocrx_word' id='word_1_387' title='bbox 1247 2833 1291 2866; x_wconf 91' lang='lat' dir='ltr'>de</span> <span class='ocrx_word' id='word_1_388' title='bbox 1308 2845 1403 2866; x_wconf 91' lang='lat' dir='ltr'>anno</span> <span class='ocrx_word' id='word_1_389' title='bbox 1421 2833 1457 2865; x_wconf 90' lang='lat' dir='ltr'>in</span> <span class='ocrx_word' id='word_1_390' title='bbox 1478 2844 1612 2865; x_wconf 88' lang='lat' dir='ltr'>annum</span> <span class='ocrx_word' id='word_1_391' title='bbox 1629 2831 1665 2863; x_wconf 91' lang='lat' dir='ltr'>in</span> <span class='ocrx_word' id='word_1_392' title='bbox 1683 2831 1821 2864; x_wconf 89' lang='lat' dir='ltr'>eisdem</span> <span class='ocrx_word' id='word_1_393' title='bbox 1844 2830 2014 2876; x_wconf 86' lang='lat' dir='ltr'>personis</span> <span class='ocrx_word' id='word_1_394' title='bbox 2031 2829 2247 2871; x_wconf 87' lang='lat' dir='ltr'>continuari,</span> 
     </span>
    </p>
   </div>
   <div class='ocr_carea' id='block_1_6' title="bbox 383 2896 2248 2979">
    <p class='ocr_par' dir='ltr' id='par_1_9' title="bbox 383 2896 2248 2979">
     <span class='ocr_line' id='line_1_38' title="bbox 383 2896 2248 2945; baseline -0.001 -13"><span class='ocrx_word' id='word_1_395' title='bbox 383 2905 418 2932; x_wconf 91' lang='lat' dir='ltr'>et</span> <span class='ocrx_word' id='word_1_396' title='bbox 446 2898 556 2931; x_wconf 88' lang='lat' dir='ltr'>multe</span> <span class='ocrx_word' id='word_1_397' title='bbox 585 2898 628 2931; x_wconf 89' lang='lat' dir='ltr'>ad</span> <span class='ocrx_word' id='word_1_398' title='bbox 659 2910 725 2930; x_wconf 83' lang='lat' dir='ltr'>nos</span> <span class='ocrx_word' id='word_1_399' title='bbox 759 2898 986 2942; x_wconf 86' lang='lat' dir='ltr'>querimonie</span> <span class='ocrx_word' id='word_1_400' title='bbox 1020 2900 1111 2932; x_wconf 90' lang='lat' dir='ltr'>facte</span> <span class='ocrx_word' id='word_1_401' title='bbox 1143 2907 1240 2942; x_wconf 88' lang='lat' dir='ltr'>sunt,</span> <span class='ocrx_word' id='word_1_402' title='bbox 1267 2900 1452 2945; x_wconf 88' lang='lat' dir='ltr'>multaque</span> <span class='ocrx_word' id='word_1_403' title='bbox 1481 2898 1778 2932; x_wconf 90' lang='lat' dir='ltr'>inconvenientia</span> <span class='ocrx_word' id='word_1_404' title='bbox 1808 2898 1955 2930; x_wconf 89' lang='lat' dir='ltr'>fuerunt</span> <span class='ocrx_word' id='word_1_405' title='bbox 1988 2908 2109 2930; x_wconf 89' lang='lat' dir='ltr'>coram</span> <span class='ocrx_word' id='word_1_406' title='bbox 2141 2896 2248 2931; x_wconf 85' lang='lat' dir='ltr'>nobis</span> 
     </span>
     <span class='ocr_line' id='line_1_39' title="bbox 504 2957 543 2979; baseline 0.026 -1"><span class='ocrx_word' id='word_1_407' title='bbox 504 2957 543 2979; x_wconf 80' lang='lat'>92.</span> 
     </span>
    </p>
   </div>
  </div>
 </body>
</html>
