2502 3418
248 330 343 366 1412]
591 344 637 365 ΑΒ
671 344 776 365 ANNO
813 344 1101 366 MCGCLxxxxn*
1139 344 1270 372 USQUE
1305 345 1352 365 AD
1387 345 1526 366 ANNL'M
1561 345 1765 367 mccccmr.
2048 338 2112 369 239

249 459 389 496 1954.
412 470 466 494 An.
484 469 562 502 1411,
579 469 655 494 circa
669 471 774 503 festum
792 471 818 495 S.
836 469 957 494 Martini
977 469 1124 504 hyemalis,
1146 469 1299 505 Philippus
1315 469 1350 494 de
1364 468 1483 503 Monte¹,
1503 478 1563 494 cum
1580 469 1623 504 xij
1637 469 1677 495 vel
1696 469 1763 504 xiiij
1778 470 1948 503 hominibus,
1966 471 2063 496 loricis
2086 476 2112 497 et

332 517 447 542 ensibus
470 517 629 551 evaginatis
646 518 777 551 armatis,
795 517 835 543 ad
857 517 969 543 domum
986 527 1060 552 mag.
1084 518 1224 544 ,Iohannis
1240 518 1274 544 de
1296 517 1442 552 Lugduno,
1461 517 1557 543 licent.
1576 518 1604 543 in
1620 517 1772 552 medicina,
1791 518 1867 544 stud.
1890 519 1984 545 Paris,
2005 521 2032 544 in
2052 522 2110 554 sac.

331 565 447 600 decret„
474 570 665 601 accesserunt,
691 575 752 592 eum
768 575 783 591 4(
805 566 914 601 falsum
936 567 1122 602 proditorem,
1149 567 1360 601 Armeniacum,
1384 575 1482 592 canem
1507 570 1533 591 et
1558 566 1716 592 mailletum
1733 575 1748 592 »
1764 567 1951 602 appellando,
1967 568 2111 603 pluraque

333 614 406 640 bona
419 614 538 640 mobilia
551 615 761 650 surripuerunt.
778 617 859 641 Anno
875 616 1015 651 sequenti,
1031 617 1105 650 Aug.
1122 617 1164 649 17,
1181 615 1334 660 Philippus
1350 615 1385 641 de
1401 616 1505 649 Monte,
1525 616 1574 650 qui
1590 619 1655 640 tunc
1671 615 1745 641 inter
1757 624 1876 649 magnos
1890 620 2012 641 rectores
2029 617 2112 642 villae

331 664 426 689 Paris.
445 667 516 698 erat,
537 667 564 689 et
579 665 640 699 ejus
662 664 820 700 complices,
836 664 960 690 Iohanni
979 665 1014 690 de
1039 664 1177 699 Lugduni)
1202 668 1318 690 mortem
1341 664 1444 690 minati
1465 666 1583 698 fuerant
1606 667 1632 689 et
1654 664 1694 689 acl
1714 663 1825 689 domum
1849 665 1974 699 ejusdem
1997 666 2112 691 ensibus

332 712 492 746 evaginatis
512 717 703 739 accesserant.
726 713 780 746 Qui
795 713 899 739 ostium
913 722 986 739 suae
1002 722 1134 739 camerae
1149 713 1265 740 clausit.
1282 713 1432 739 Praedicti
1449 712 1653 747 malefactores
1666 712 1793 747 famulos
1810 714 1870 748 ejus
1886 713 2109 747 verberaverunt,

330 761 491 796 ostiumque
515 770 647 787 camerae
667 771 797 797 rumpere
813 762 870 788 nisi
884 764 1010 796 fuerunt.
1028 762 1173 788 lohannes
1185 771 1237 798 per
1249 764 1408 796 fenestram
1424 763 1499 796 fugit
1523 766 1550 787 et
1565 761 1604 787 ad
1620 761 1805 787 Castelletum
1827 771 1887 787 cum
1908 763 1969 787 suis
1990 763 2110 796 famulis

329 810 460 844 accessit,
472 810 619 845 justitiam
636 811 710 844 regis
724 811 914 846 implorando.
934 811 978 837 Ibi
993 811 1146 847 Philippus
1160 811 1195 837 de
1211 813 1307 837 filonte
1322 820 1383 837 cum
1398 810 1585 846 complicibus
1602 819 1663 836 eum
1680 811 1792 845 invenit,
1813 811 1904 836 tribus
1925 811 2028 836 ictibus
2045 821 2110 837 ense

328 859 479 894 percussit,
507 863 563 884 tres
591 868 712 893 magnas
739 860 846 895 plagas
870 861 898 885 in
923 861 1019 896 capite
1043 860 1135 886 eidem
1159 860 1305 894 faciendo,
1336 869 1456 895 eumque
1479 859 1518 885 ad
1542 864 1647 885 terram
1669 860 1826 895 prostravit
1849 863 1936 895 atque
1958 863 2110 895 perforare

330 908 425 935 voluit.
447 907 595 934 Famulum
614 908 701 934 etiam
721 909 856 935 similiter
876 913 1080 936 tractaverunt.
1102 911 1209 935 Postea
1230 909 1434 943 malefactores
1455 909 1495 934 ad
1517 909 1667 934 ecclesiam
1692 910 1719 935 S.
1744 908 1890 943 Leuffredi
1910 911 2107 943 confugerunt,

328 957 486 993 iterumque
506 956 546 982 ad
566 957 672 983 dictum
695 958 785 983 locum
808 959 912 984 reversi
935 962 1010 992 sunt,
1037 962 1063 984 et
1084 958 1237 995 Philippus
1256 958 1291 984 de
1309 959 1404 984 XVIonte
1423 957 1579 983 Jolzannem
1601 957 1674 993 pede
1694 958 1846 992 percussit,
1870 961 1900 983 ut
1920 958 2007 983 sciret
2027 967 2062 983 an
2086 959 2109 984 is

328 1010 455 1031 mortuus
476 1010 560 1032 esset.
581 1007 635 1040 Qui
651 1016 747 1032 revera
764 1011 903 1042 tanquam
919 1011 1045 1033 mortuus
1063 1008 1136 1033 inter
1154 1017 1287 1042 magnam
1304 1007 1456 1041 sanguinis
1472 1007 1639 1041 effusionem
1655 1006 1695 1031 ad
1710 1006 1822 1032 domum
1842 1006 1991 1042 cujusdam
2009 1007 2109 1032 barbi-

328 1055 450 1081 tonsoris
464 1059 599 1091 portatus
615 1059 666 1082 est.
684 1057 747 1081 Hae
764 1055 973 1082 vulnerationes
987 1057 1016 1082 in
1029 1057 1199 1092 praesentia
1210 1057 1391 1082 servientium
1408 1056 1483 1090 regis
1499 1055 1675 1088 acciderunt,
1690 1055 1738 1090 qui
1754 1064 1808 1081 non
1822 1056 1889 1081 ausi
1900 1059 1967 1081 sunt
1981 1064 2012 1081 se
2024 1056 2110 1081 inter-

324 1112 439 1139 ponere,
457 1104 526 1139 quia
539 1104 691 1140 Philippus
707 1104 743 1130 de
758 1105 915 1130 rectoribus
933 1105 1016 1131 villae
1033 1108 1104 1139 erat,
1123 1109 1150 1131 et
1166 1106 1253 1131 etiam
1267 1105 1434 1131 minabatur
1448 1104 1513 1130 illos
1534 1105 1733 1130 Universitatis
1750 1105 1888 1139 occidere,
1905 1105 1954 1140 qui
1970 1105 2110 1140 querirno—

326 1153 404 1178 niam
419 1153 454 1179 de
468 1153 544 1179 dicto
559 1155 638 1188 facto
655 1158 802 1180 moverent.

1378 1199 1442 1228 1411,
1458 1199 1513 1224 Νον,
1530 1199 1643 1228 11-1412,
1659 1199 1726 1231 Aua,
1741 1199 1820 1224 Paris.

330 1286 406 1309 Arch.
427 1289 479 1309 nat.
495 1285 590 1315 Paris„
607 1286 653 1309 ΧΗ
666 1287 704 1315 62,
724 1287 768 1309 sol.
784 1286 851 1310 22312.
868 1300 894 1304 —
912 1286 955 1309 Lis
972 1287 1057 1310 solum
1080 1295 1121 1310 an.
1137 1287 1203 1314 1417,
1221 1288 1286 1318 Aug.
1305 1288 1326 1315 7,
1340 1287 1458 1318 judicatu
1481 1291 1506 1310 et
1522 1287 1650 1310 sententia
1674 1287 1844 1318 pronuntiata
1860 1291 1908 1311 est.
1925 1288 2004 1312 Curia
2020 1289 2109 1319 parla-

238 1330 317 1353 menti
331 1330 483 1361 Philippum
494 1330 602 1361 ejusque
617 1331 760 1362 complices
777 1331 963 1354 condemnavit
975 1332 1008 1354 ad
1024 1332 1161 1354 emendam
1179 1332 1325 1355 faciendam
1340 1332 1455 1355 Johanni
1472 1332 1588 1363 suisque,
1605 1331 1773 1363 procuratori
1784 1331 1970 1355 Universitatis
1987 1336 2011 1356 ct
2027 1333 2107 1364 regis.

237 1375 294 1398 vid.
306 1374 381 1403 ibid„
400 1375 444 1398 fol.
462 1375 517 1400 225.

327 1458 351 1483 1.
368 1459 396 1482 In
418 1467 546 1490 processu
565 1459 725 1482 describitur
741 1463 770 1482 ut
789 1463 924 1489 uxoratus,
943 1460 1060 1483 vax-letus
1077 1469 1122 1483 seu
1140 1461 1253 1484 famulus
1268 1469 1386 1484 camerae
1405 1461 1479 1484 ducis
1498 1462 1652 1493 Aquitaniae
1663 1465 1688 1484 61.
1704 1462 1777 1484 ducis
1792 1462 1970 1493 Burgundine,
1987 1462 2030 1493 qui
2047 1465 2108 1485 tunc

235 1503 360 1535 temporis
378 1512 388 1527 1(
408 1512 467 1526 cum
487 1504 621 1527 nonnullis
638 1505 802 1535 sapientibus
819 1505 881 1528 ville
901 1505 985 1528 Paris.
1001 1514 1049 1536 pro
1070 1505 1234 1536 providendo
1254 1505 1362 1528 tuicioni
1383 1509 1408 1528 et
1427 1506 1573 1529 defensioni
1591 1506 1653 1529 ville
1673 1507 1830 1529 commissus
1847 1507 1976 1536 extiterat,
1993 1515 2040 1537 pro
2057 1515 2108 1538 qua

234 1548 384 1571 defensione
405 1551 496 1579 portas
520 1548 587 1571 dicte
610 1549 671 1572 ville
687 1549 813 1572 custodiri
833 1549 1009 1581 excubiasque
1027 1551 1058 1573 de
1078 1550 1119 1573 die
1140 1553 1164 1573 et
1179 1553 1254 1573 nocte
1269 1558 1316 1581 per
1332 1550 1402 1573 cives
1421 1553 1445 1573 et
1461 1550 1610 1574 habitantes
1627 1551 1689 1573 ville
1705 1554 1729 1573 ct
1744 1551 1818 1582 ignes
1840 1551 1895 1574 ficri
1957 1551 2106 1574 ordinatum

234 1593 319 1616 suerat
333 1601 354 1616 ».
370 1593 464 1616 Nullus
486 1593 643 1616 Parisiensis
667 1602 694 1617 se
709 1594 822 1617 eximere
844 1594 939 1625 potuit.
956 1595 1090 1618 Johannes
1112 1595 1142 1617 de
1163 1595 1299 1626 Lugduno,
1319 1604 1329 1617 «
1346 1595 1419 1617 dives
1437 1595 1581 1626 practicus,
1598 1596 1663 1618 bene
1684 1596 1858 1625 hcreditatus,
1874 1596 1899 1618 in
1916 1596 1972 1619 vico
1993 1596 2107 1619 Alberici

233 1637 364 1660 carnificis
382 1637 663 1669 (Aubry-le-Boucher)
679 1647 846 1661 commorans
863 1647 884 1667 1),
901 1639 1034 1662 recusavit
1048 1639 1185 1670 praedicto
1200 1639 1307 1662 servitio
1325 1639 1407 1670 fungi.

236 1823 377 1860 1955.
407 1833 582 1858 Πηίνθνείταε
597 1833 693 1858 Paris.
718 1833 831 1858 domino
853 1833 888 1858 cle
910 1832 1014 1868 Heilly,
1031 1833 1152 1858 ducibus
1167 1833 1354 1867 Burgundiae
1377 1837 1404 1859 et
1425 1834 1604 1869 Aquitaniae
1619 1837 1646 1859 et
1664 1834 1786 1859 Antonio
1807 1833 1857 1859 des
1872 1835 1991 1859 Essarts
2005 1834 2106 1859 scribit

319 1881 460 1917 epistolas
481 1881 516 1907 de
537 1881 613 1907 tristi
635 1885 713 1907 statu
737 1882 824 1916 regni,
847 1881 882 1907 de
907 1882 1080 1907 tractatibus
1101 1890 1155 1907 non
1176 1882 1313 1913 servatis,·
1333 1884 1449 1916 futurus
1466 1886 1609 1907 tractatus
1626 1882 1725 1908 melior
1739 1884 1794 1916 fiat
1810 1886 1836 1908 et
1852 1882 2013 1908 adversarii
2029 1882 2104 1916 regis

319 1930 516 1966 subjugentur.

1535 1977 1602 2005 1412,
1618 1977 1684 2005 Aulis,
1700 1977 1816 2002 Parisiis.

805 2065 830 2091 1.
849 2066 902 2091 Pro
918 2065 1040 2091 domino
1055 2065 1090 2091 de
1104 2065 1200 2098 Helly'
1220 2065 1274 2091 soit
1288 2065 1360 2091 ainsi
1376 2065 1500 2091 conclud
1519 2073 1525 2090 :

319 2153 354 2186 Si
380 2165 472 2187 vous
494 2154 620 2198 prions
653 2160 725 2186 tant
755 2160 790 2186 et
815 2154 845 2186 si
875 2154 1200 2186 affectueusement
1226 2165 1295 2198 que
1325 2165 1418 2186 nous
1447 2165 1600 2198 povons,
1624 2165 1726 2185 601116
1757 2156 1775 2185 it
1802 2153 1896 2185 celui
1918 2165 1987 2197 que
2010 2164 2102 2184 nous

228 2231 360 2252 savons
388 2232 458 2264 que
489 2220 580 2253 aime
611 2227 683 2253 tres
711 2221 968 2261 sincerement,
999 2221 1251 2265 parfaitement
1281 2227 1315 2253 et
1344 2221 1387 2253 (16
1416 2232 1503 2253 cuer
1534 2220 1703 2253 l'onneur
1731 2220 1778 2252 (111
1807 2232 1871 2264 roy
1896 2226 1929 2251 61
1960 2219 2003 2251 (16
2035 2231 2099 2250 5011

228 2298 410 2331 royaume,
438 2294 474 2319 et
500 2287 561 2331 qui
592 2294 667 2320 tant
696 2294 730 2320 et
759 2288 789 2320 si
818 2287 1176 2320 honnoraublement
1202 2299 1287 2320 avez
1310 2287 1471 2320 travaillt'ae
1493 2299 1537 2319 en
1559 2294 1657 2320 ceste
1679 2287 1840 2326 muliere,
1871 2298 1932 2330 par
1953 2298 2048 2330 quoy
2068 2285 2099 2317 la

226 2353 345 2398 gloire
376 2360 411 2386 et
443 2354 612 2386 l'onneur
643 2354 686 2387 de
713 2361 836 2387 vostre
870 2367 951 2387 nom
984 2355 1178 2387 deulourra
1213 2354 1543 2399 perpetuellement
1572 2356 1589 2386 it
1616 2354 1647 2386 la
1676 2353 1850 2385 memoire
1878 2353 1922 2385 de
1956 2359 2032 2384 tout
2066 2352 2098 2384 le

228 2431 396 2464 royaume
418 2427 451 2453 et
473 2421 517 2453 de
540 2427 659 2453 tontes
680 2428 801 2454 autres
822 2421 979 2462 nations7
998 2428 1033 2454 et
1054 2422 1097 2454 (16
1120 2433 1226 2462 110115,
1245 2421 1344 2454 aussi
1367 2433 1436 2465 que
1459 2421 1502 2453 de
1525 2427 1623 2453 101116
1645 2426 1768 2453 vostre
1790 2419 1983 2464 puissance
2007 2430 2097 2451 vous

226 2487 393 2520 veuilliez
421 2487 566 2520 adviser
586 2487 640 2520 les
666 2487 760 2521 bons
788 2495 823 2521 et
850 2488 994 2533 loyaulx
1022 2488 1239 2529 chevaliers,
1262 2487 1393 2520 nobles
1422 2487 1584 2520 escuiers
1607 2494 1639 2519 et
1661 2493 1783 2519 autres
1805 2486 1866 2530 qui
1894 2492 1975 2518 sont
1998 2498 2041 2517 611
2063 2485 2096 2518 16

226 2560 281 2586 ost
303 2554 350 2586 du
372 2566 436 2599 roy
457 2554 639 2587 nostredit
660 2555 834 2599 seigneur
855 2561 889 2587 et
910 2567 973 2600 par
994 2555 1153 2599 especial
1175 2554 1280 2587 ceulx
1301 2554 1362 2598 qui
1384 2555 1617 2598 frequentent
1638 2553 1691 2585 165
1713 2552 1888 2585 conseulx
1910 2552 1955 2584 (111
1979 2564 2042 2596 roy
2063 2559 2094 2584 et

226 2620 290 2653 des
311 2627 432 2653 autres
454 2632 565 2665 grans
586 2621 782 2666 seigneurs
798 2633 938 2654 comme
962 2622 1006 2654 de
1027 2622 1289 2666 monseigneur
1306 2621 1350 2653 de
1372 2620 1554 2660 (1111611116Ἰ
1573 2620 1616 2652 de
1639 2619 1900 2663 monseigneur
1917 2619 1961 2651 de
1984 2620 2097 2651 Bour-

224 2698 358 2732 gogne,
384 2687 471 2732 qu’il
493 2688 659 2720 advisent
680 2687 765 2720 bien
793 2688 899 2733 qu'ilz
926 2689 1046 2721 feront
1071 2691 1087 2720 ἐι
1108 2694 1207 2720 ceste
1228 2687 1310 2727 soiz,
1334 2699 1378 2719 en
1400 2686 1480 2719 leur
1501 2693 1687 2719 ramenant
1708 2697 1753 2717 en
1776 2685 1948 2717 memoire
1970 2685 2096 2717 selonc

222 2760 343 2786 vostre
360 2754 482 2787 bonne
498 2754 698 2787 discretion
713 2754 767 2787 les
785 2755 944 2788 traictiez
959 2754 1167 2793 dessusdis,
1185 2754 1246 2798 qui
1268 2754 1367 2786 n'ont
1385 2753 1487 2798 point
1503 2756 1579 2785 6516
1599 2753 1738 2791 16011Ζῆ
1758 2758 1791 2783 61
1808 2752 1906 2784 aussi
1925 2751 1957 2783 le
1976 2752 2034 2784 fait
2051 2752 2094 2784 de

226 2820 324 2854 Saint
344 2820 476 2862 Cloud,
494 2821 615 2866 lequel
637 2821 694 2854 s'il
715 2828 797 2854 eust
817 2825 893 2854 este
915 2833 1089 2867 poursuy,
1112 2832 1251 2853 comme
1274 2832 1366 2852 nous
1388 2826 1422 2852 61
1444 2826 1520 2851 10111
1540 2819 1573 2851 16
1596 2818 1726 2863 peuple
1748 2818 1875 2851 avions
1896 2830 2094 2863 esperance

226 2898 294 2931 que
315 2888 408 2920 ainsi
428 2888 525 2920 feust
545 2888 620 2929 fait,
638 2900 682 2920 ne
699 2888 899 2921 feuissions
913 2900 975 2933 pas
994 2888 1036 2920 (16
1055 2893 1202 2932 present
1220 2899 1264 2919 en
1281 2898 1321 2919 ce
1343 2893 1416 2919 tres
1432 2892 1536 2930 grant
1553 2885 1657 2930 peril,
1676 2884 1810 2929 ouquel
1828 2896 1920 2917 nous
1934 2896 2092 2917 somnies
