<?xml version="1.0" encoding="UTF-8"?>
<!DOCTYPE html PUBLIC "-//W3C//DTD XHTML 1.0 Transitional//EN"
    "http://www.w3.org/TR/xhtml1/DTD/xhtml1-transitional.dtd">
<html xmlns="http://www.w3.org/1999/xhtml" xml:lang="en" lang="en">
 <head>
  <title>
</title>
<meta http-equiv="Content-Type" content="text/html;charset=utf-8" />
  <meta name='ocr-system' content='tesseract 3.04.00' />
  <meta name='ocr-capabilities' content='ocr_page ocr_carea ocr_par ocr_line ocrx_word'/>
</head>
<body>
  <div class='ocr_page' id='page_1' title='image "./chartulariumuniv04univuoft_0432.png"; bbox 0 0 2502 3418; ppageno 0'>
   <div class='ocr_carea' id='block_1_1' title="bbox 392 337 2256 378">
    <p class='ocr_par' dir='ltr' id='par_1_1' title="bbox 392 337 2256 378">
     <span class='ocr_line' id='line_1_1' title="bbox 392 337 2256 378; baseline -0.003 0"><span class='ocrx_word' id='word_1_1' title='bbox 392 345 456 378; x_wconf 82' lang='lat'>388</span> <span class='ocrx_word' id='word_1_2' title='bbox 963 353 1284 376; x_wconf 72' lang='lat' dir='ltr'>CHARTULAntUM</span> <span class='ocrx_word' id='word_1_3' title='bbox 1320 352 1512 374; x_wconf 78' lang='lat' dir='ltr'>UNtVEnS.</span> <span class='ocrx_word' id='word_1_4' title='bbox 1549 352 1679 374; x_wconf 48' lang='lat' dir='ltr'>ranis.</span> <span class='ocrx_word' id='word_1_5' title='bbox 2156 337 2256 374; x_wconf 83' lang='lat'>[1420</span> 
     </span>
    </p>
   </div>
   <div class='ocr_carea' id='block_1_2' title="bbox 394 424 2257 742">
    <p class='ocr_par' dir='ltr' id='par_1_2' title="bbox 394 424 2257 742">
     <span class='ocr_line' id='line_1_2' title="bbox 394 424 2255 474; baseline -0.003 -12"><span class='ocrx_word' id='word_1_6' title='bbox 394 435 476 462; x_wconf 89' lang='lat' dir='ltr'>sont</span> <span class='ocrx_word' id='word_1_7' title='bbox 497 429 544 462; x_wconf 93' lang='lat' dir='ltr'>du</span> <span class='ocrx_word' id='word_1_8' title='bbox 561 428 721 474; x_wconf 87' lang='lat' dir='ltr'>chapitre</span> <span class='ocrx_word' id='word_1_9' title='bbox 739 429 782 461; x_wconf 87' lang='lat' dir='ltr'>(le</span> <span class='ocrx_word' id='word_1_10' title='bbox 804 429 945 473; x_wconf 79' lang='lat' dir='ltr'>l&#39;eglise</span> <span class='ocrx_word' id='word_1_11' title='bbox 963 429 1006 461; x_wconf 93' lang='lat' dir='ltr'>de</span> <span class='ocrx_word' id='word_1_12' title='bbox 1029 428 1216 467; x_wconf 75' lang='lat' dir='ltr'>Beauvaiz,</span> <span class='ocrx_word' id='word_1_13' title='bbox 1235 425 1425 471; x_wconf 82' lang='lat' dir='ltr'>(lesquielx</span> <span class='ocrx_word' id='word_1_14' title='bbox 1445 437 1538 458; x_wconf 90' lang='lat' dir='ltr'>nous</span> <span class='ocrx_word' id='word_1_15' title='bbox 1554 426 1755 459; x_wconf 89' lang='lat' dir='ltr'>voudrions</span> <span class='ocrx_word' id='word_1_16' title='bbox 1776 425 1810 458; x_wconf 94' lang='lat' dir='ltr'>le</span> <span class='ocrx_word' id='word_1_17' title='bbox 1830 424 1916 458; x_wconf 87' lang='lat' dir='ltr'>bien</span> <span class='ocrx_word' id='word_1_18' title='bbox 1937 431 1972 458; x_wconf 92' lang='lat' dir='ltr'>et</span> <span class='ocrx_word' id='word_1_19' title='bbox 1992 424 2024 457; x_wconf 91' lang='lat' dir='ltr'>la</span> <span class='ocrx_word' id='word_1_20' title='bbox 2046 424 2255 470; x_wconf 88' lang='lat' dir='ltr'>promocion</span> 
     </span>
     <span class='ocr_line' id='line_1_3' title="bbox 394 487 2256 541; baseline -0.003 -12"><span class='ocrx_word' id='word_1_21' title='bbox 394 508 495 529; x_wconf 83' lang='lat' dir='ltr'>come</span> <span class='ocrx_word' id='word_1_22' title='bbox 516 495 560 528; x_wconf 87' lang='lat' dir='ltr'>ilz</span> <span class='ocrx_word' id='word_1_23' title='bbox 583 509 626 529; x_wconf 99' lang='grc' dir='ltr'>θη</span> <span class='ocrx_word' id='word_1_24' title='bbox 644 503 724 529; x_wconf 89' lang='lat' dir='ltr'>sont</span> <span class='ocrx_word' id='word_1_25' title='bbox 742 496 892 541; x_wconf 75' lang='lat' dir='ltr'>dignes3</span> <span class='ocrx_word' id='word_1_26' title='bbox 916 496 1003 528; x_wconf 84' lang='lat' dir='ltr'>maiz</span> <span class='ocrx_word' id='word_1_27' title='bbox 1024 507 1117 527; x_wconf 92' lang='lat' dir='ltr'>nous</span> <span class='ocrx_word' id='word_1_28' title='bbox 1139 494 1286 539; x_wconf 89' lang='lat' dir='ltr'>parlons</span> <span class='ocrx_word' id='word_1_29' title='bbox 1306 493 1608 538; x_wconf 84' lang='lat' dir='ltr'>singulierement</span> <span class='ocrx_word' id='word_1_30' title='bbox 1631 505 1724 538; x_wconf 89' lang='lat' dir='ltr'>pour</span> <span class='ocrx_word' id='word_1_31' title='bbox 1738 493 1769 525; x_wconf 87' lang='lat' dir='ltr'>la</span> <span class='ocrx_word' id='word_1_32' title='bbox 1787 504 1970 537; x_wconf 83' lang='lat' dir='ltr'>personne</span> <span class='ocrx_word' id='word_1_33' title='bbox 1987 491 2091 537; x_wconf 88' lang='lat' dir='ltr'>dudit</span> <span class='ocrx_word' id='word_1_34' title='bbox 2110 487 2256 524; x_wconf 82' lang='lat' dir='ltr'>maistre</span> 
     </span>
     <span class='ocr_line' id='line_1_4' title="bbox 395 558 2256 607; baseline -0.003 -11"><span class='ocrx_word' id='word_1_35' title='bbox 395 564 517 596; x_wconf 89' lang='lat' dir='ltr'>Pierre</span> <span class='ocrx_word' id='word_1_36' title='bbox 545 563 728 603; x_wconf 80' lang='lat' dir='ltr'>Cauchon,</span> <span class='ocrx_word' id='word_1_37' title='bbox 756 569 827 595; x_wconf 87' lang='lat' dir='ltr'>tant</span> <span class='ocrx_word' id='word_1_38' title='bbox 856 575 948 607; x_wconf 89' lang='lat' dir='ltr'>pour</span> <span class='ocrx_word' id='word_1_39' title='bbox 977 562 1008 594; x_wconf 90' lang='lat' dir='ltr'>la</span> <span class='ocrx_word' id='word_1_40' title='bbox 1039 561 1222 594; x_wconf 74' lang='lat' dir='ltr'>notablete</span> <span class='ocrx_word' id='word_1_41' title='bbox 1248 560 1291 593; x_wconf 88' lang='lat' dir='ltr'>de</span> <span class='ocrx_word' id='word_1_42' title='bbox 1320 560 1370 592; x_wconf 88' lang='lat' dir='ltr'>lui</span> <span class='ocrx_word' id='word_1_43' title='bbox 1397 571 1499 592; x_wconf 83' lang='lat' dir='ltr'>come</span> <span class='ocrx_word' id='word_1_44' title='bbox 1530 571 1622 604; x_wconf 89' lang='lat' dir='ltr'>pour</span> <span class='ocrx_word' id='word_1_45' title='bbox 1651 559 1683 592; x_wconf 91' lang='lat' dir='ltr'>la</span> <span class='ocrx_word' id='word_1_46' title='bbox 1713 559 1943 592; x_wconf 80' lang='lat' dir='ltr'>termination</span> <span class='ocrx_word' id='word_1_47' title='bbox 1972 559 2037 591; x_wconf 88' lang='lat' dir='ltr'>des</span> <span class='ocrx_word' id='word_1_48' title='bbox 2063 558 2256 604; x_wconf 89' lang='lat' dir='ltr'>seigneurs</span> 
     </span>
     <span class='ocr_line' id='line_1_5' title="bbox 395 625 2257 674; baseline -0.003 -11"><span class='ocrx_word' id='word_1_49' title='bbox 395 631 586 663; x_wconf 81' lang='lat' dir='ltr'>dessusdiz</span> <span class='ocrx_word' id='word_1_50' title='bbox 608 643 651 663; x_wconf 93' lang='lat' dir='ltr'>en</span> <span class='ocrx_word' id='word_1_51' title='bbox 674 642 710 663; x_wconf 88' lang='lat' dir='ltr'>sa</span> <span class='ocrx_word' id='word_1_52' title='bbox 734 642 915 674; x_wconf 80' lang='lat' dir='ltr'>personne</span> <span class='ocrx_word' id='word_1_53' title='bbox 938 642 982 662; x_wconf 91' lang='lat' dir='ltr'>en</span> <span class='ocrx_word' id='word_1_54' title='bbox 1005 629 1128 661; x_wconf 80' lang='lat' dir='ltr'>saveur</span> <span class='ocrx_word' id='word_1_55' title='bbox 1149 628 1193 660; x_wconf 83' lang='lat' dir='ltr'>(le</span> <span class='ocrx_word' id='word_1_56' title='bbox 1211 627 1405 667; x_wconf 82' lang='lat' dir='ltr'>concorde,</span> <span class='ocrx_word' id='word_1_57' title='bbox 1424 626 1504 672; x_wconf 84' lang='lat' dir='ltr'>paix</span> <span class='ocrx_word' id='word_1_58' title='bbox 1522 633 1557 659; x_wconf 89' lang='lat' dir='ltr'>et</span> <span class='ocrx_word' id='word_1_59' title='bbox 1573 626 1685 667; x_wconf 78' lang='lat' dir='ltr'>unite,</span> <span class='ocrx_word' id='word_1_60' title='bbox 1705 626 1749 658; x_wconf 93' lang='lat' dir='ltr'>de</span> <span class='ocrx_word' id='word_1_61' title='bbox 1766 625 1925 670; x_wconf 83' lang='lat' dir='ltr'>laquelle</span> <span class='ocrx_word' id='word_1_62' title='bbox 1941 632 2066 658; x_wconf 90' lang='lat' dir='ltr'>nostre</span> <span class='ocrx_word' id='word_1_63' title='bbox 2083 625 2257 671; x_wconf 79' lang='lat' dir='ltr'>seigneur</span> 
     </span>
     <span class='ocr_line' id='line_1_6' title="bbox 394 694 1636 742; baseline -0.004 -12"><span class='ocrx_word' id='word_1_64' title='bbox 394 710 483 731; x_wconf 85' lang='lat' dir='ltr'>vous</span> <span class='ocrx_word' id='word_1_65' title='bbox 501 698 603 730; x_wconf 90' lang='lat' dir='ltr'>doint</span> <span class='ocrx_word' id='word_1_66' title='bbox 623 697 914 742; x_wconf 87' lang='lat' dir='ltr'>perpetuelment</span> <span class='ocrx_word' id='word_1_67' title='bbox 928 696 1002 741; x_wconf 89' lang='lat' dir='ltr'>joir</span> <span class='ocrx_word' id='word_1_68' title='bbox 1023 707 1086 741; x_wconf 91' lang='lat' dir='ltr'>par</span> <span class='ocrx_word' id='word_1_69' title='bbox 1107 707 1143 728; x_wconf 90' lang='lat' dir='ltr'>sa</span> <span class='ocrx_word' id='word_1_70' title='bbox 1166 695 1282 728; x_wconf 80' lang='lat' dir='ltr'>sainte</span> <span class='ocrx_word' id='word_1_71' title='bbox 1303 694 1426 739; x_wconf 81' lang='lat' dir='ltr'>garde.</span> <span class='ocrx_word' id='word_1_72' title='bbox 1450 694 1636 738; x_wconf 79' lang='lat' dir='ltr'>Escript...</span> 
     </span>
    </p>
   </div>
   <div class='ocr_carea' id='block_1_3' title="bbox 666 759 2121 803">
    <p class='ocr_par' dir='ltr' id='par_1_3' title="bbox 666 759 2121 803">
     <span class='ocr_line' id='line_1_7' title="bbox 666 759 2121 803; baseline -0.002 -6"><span class='ocrx_word' id='word_1_73' title='bbox 666 765 732 797; x_wconf 82' lang='lat' dir='ltr'>Vos</span> <span class='ocrx_word' id='word_1_74' title='bbox 747 763 969 797; x_wconf 76' lang='lat' dir='ltr'>bienveillczns</span> <span class='ocrx_word' id='word_1_75' title='bbox 985 763 1033 796; x_wconf 83' lang='lat' dir='ltr'>les</span> <span class='ocrx_word' id='word_1_76' title='bbox 1050 768 1202 803; x_wconf 72' lang='lat' dir='ltr'>recteur,</span> <span class='ocrx_word' id='word_1_77' title='bbox 1218 761 1383 795; x_wconf 77' lang='lat' dir='ltr'>docteurs</span> <span class='ocrx_word' id='word_1_78' title='bbox 1397 766 1431 794; x_wconf 85' lang='lat' dir='ltr'>et</span> <span class='ocrx_word' id='word_1_79' title='bbox 1452 759 1618 795; x_wconf 83' lang='lat' dir='ltr'>maistres</span> <span class='ocrx_word' id='word_1_80' title='bbox 1632 760 1674 795; x_wconf 88' lang='lat' dir='ltr'>de</span> <span class='ocrx_word' id='word_1_81' title='bbox 1689 760 1712 794; x_wconf 84' lang='lat' dir='ltr'>l’</span> <span class='ocrx_word' id='word_1_82' title='bbox 1720 761 1755 795; x_wconf 94' lang='lat' dir='ltr'><em>U</em></span> <span class='ocrx_word' id='word_1_83' title='bbox 1755 761 1929 795; x_wconf 65' lang='lat' dir='ltr'>niver-site</span> <span class='ocrx_word' id='word_1_84' title='bbox 1943 760 1985 794; x_wconf 87' lang='lat' dir='ltr'>de</span> <span class='ocrx_word' id='word_1_85' title='bbox 2000 760 2121 794; x_wconf 84' lang='lat' dir='ltr'>Paris.</span> 
     </span>
    </p>
   </div>
   <div class='ocr_carea' id='block_1_4' title="bbox 748 868 1905 904">
    <p class='ocr_par' dir='ltr' id='par_1_4' title="bbox 748 868 1905 904">
     <span class='ocr_line' id='line_1_8' title="bbox 748 868 1905 904; baseline -0.003 -6"><span class='ocrx_word' id='word_1_86' title='bbox 748 872 772 898; x_wconf 91' lang='lat'>2.</span> <span class='ocrx_word' id='word_1_87' title='bbox 790 871 916 904; x_wconf 79' lang='lat' dir='ltr'>Egregiis</span> <span class='ocrx_word' id='word_1_88' title='bbox 931 872 1018 904; x_wconf 86' lang='lat' dir='ltr'>atque</span> <span class='ocrx_word' id='word_1_89' title='bbox 1033 870 1184 897; x_wconf 80' lang='lat' dir='ltr'>carissimis</span> <span class='ocrx_word' id='word_1_90' title='bbox 1199 869 1267 895; x_wconf 88' lang='lat' dir='ltr'>viris</span> <span class='ocrx_word' id='word_1_91' title='bbox 1279 870 1389 896; x_wconf 87' lang='lat' dir='ltr'>decano</span> <span class='ocrx_word' id='word_1_92' title='bbox 1404 870 1432 896; x_wconf 89' lang='lat' dir='ltr'>et</span> <span class='ocrx_word' id='word_1_93' title='bbox 1445 869 1574 903; x_wconf 87' lang='lat' dir='ltr'>capitulo</span> <span class='ocrx_word' id='word_1_94' title='bbox 1589 868 1704 895; x_wconf 87' lang='lat' dir='ltr'>ecclesie</span> <span class='ocrx_word' id='word_1_95' title='bbox 1719 868 1905 895; x_wconf 83' lang='lat' dir='ltr'>Belvacensis.</span> 
     </span>
    </p>
   </div>
   <div class='ocr_carea' id='block_1_5' title="bbox 390 955 2262 2884">
    <p class='ocr_par' dir='ltr' id='par_1_5' title="bbox 390 955 2262 2884">
     <span class='ocr_line' id='line_1_9' title="bbox 483 955 2258 1006; baseline -0.003 -12"><span class='ocrx_word' id='word_1_96' title='bbox 483 962 629 1006; x_wconf 77' lang='lat' dir='ltr'>Egregii</span> <span class='ocrx_word' id='word_1_97' title='bbox 651 968 757 1005; x_wconf 87' lang='lat' dir='ltr'>atque</span> <span class='ocrx_word' id='word_1_98' title='bbox 779 960 971 993; x_wconf 77' lang='lat' dir='ltr'>clarissimi</span> <span class='ocrx_word' id='word_1_99' title='bbox 992 960 1073 999; x_wconf 85' lang='lat' dir='ltr'>viri,</span> <span class='ocrx_word' id='word_1_100' title='bbox 1096 966 1179 1004; x_wconf 87' lang='lat' dir='ltr'>post</span> <span class='ocrx_word' id='word_1_101' title='bbox 1198 959 1382 992; x_wconf 81' lang='lat' dir='ltr'>caritative</span> <span class='ocrx_word' id='word_1_102' title='bbox 1404 958 1632 991; x_wconf 83' lang='lat' dir='ltr'>salutationis</span> <span class='ocrx_word' id='word_1_103' title='bbox 1653 970 1691 991; x_wconf 89' lang='lat' dir='ltr'>ac</span> <span class='ocrx_word' id='word_1_104' title='bbox 1713 958 1855 991; x_wconf 88' lang='lat' dir='ltr'>sincere</span> <span class='ocrx_word' id='word_1_105' title='bbox 1877 956 2084 990; x_wconf 82' lang='lat' dir='ltr'>dilectionis</span> <span class='ocrx_word' id='word_1_106' title='bbox 2105 955 2258 989; x_wconf 89' lang='lat' dir='ltr'>oblacio-</span> 
     </span>
     <span class='ocr_line' id='line_1_10' title="bbox 393 1023 2256 1072; baseline -0.003 -11"><span class='ocrx_word' id='word_1_107' title='bbox 393 1041 485 1061; x_wconf 88' lang='lat' dir='ltr'>nem.</span> <span class='ocrx_word' id='word_1_108' title='bbox 516 1030 588 1061; x_wconf 85' lang='lat' dir='ltr'>Nos</span> <span class='ocrx_word' id='word_1_109' title='bbox 610 1028 877 1072; x_wconf 85' lang='lat' dir='ltr'>fidedignorum</span> <span class='ocrx_word' id='word_1_110' title='bbox 908 1026 1021 1059; x_wconf 85' lang='lat' dir='ltr'>relatu</span> <span class='ocrx_word' id='word_1_111' title='bbox 1050 1026 1291 1071; x_wconf 85' lang='lat' dir='ltr'>cognovimus</span> <span class='ocrx_word' id='word_1_112' title='bbox 1319 1025 1532 1071; x_wconf 83' lang='lat' dir='ltr'>magistrum</span> <span class='ocrx_word' id='word_1_113' title='bbox 1564 1025 1771 1058; x_wconf 84' lang='lat' dir='ltr'>Eustacium</span> <span class='ocrx_word' id='word_1_114' title='bbox 1801 1025 1845 1058; x_wconf 89' lang='lat' dir='ltr'>de</span> <span class='ocrx_word' id='word_1_115' title='bbox 1873 1025 1974 1057; x_wconf 89' lang='lat' dir='ltr'>Atrio</span> <span class='ocrx_word' id='word_1_116' title='bbox 2003 1023 2256 1057; x_wconf 84' lang='lat' dir='ltr'>cancellarium</span> 
     </span>
     <span class='ocr_line' id='line_1_11' title="bbox 392 1091 2256 1139; baseline -0.002 -11"><span class='ocrx_word' id='word_1_117' title='bbox 392 1095 540 1128; x_wconf 85' lang='lat' dir='ltr'>Francie</span> <span class='ocrx_word' id='word_1_118' title='bbox 571 1102 603 1128; x_wconf 88' lang='lat' dir='ltr'>et</span> <span class='ocrx_word' id='word_1_119' title='bbox 636 1106 751 1139; x_wconf 86' lang='lat' dir='ltr'>nuper</span> <span class='ocrx_word' id='word_1_120' title='bbox 780 1094 935 1127; x_wconf 88' lang='lat' dir='ltr'>electum</span> <span class='ocrx_word' id='word_1_121' title='bbox 966 1094 1001 1126; x_wconf 89' lang='lat' dir='ltr'>in</span> <span class='ocrx_word' id='word_1_122' title='bbox 1031 1094 1241 1138; x_wconf 88' lang='lat' dir='ltr'>episcopum</span> <span class='ocrx_word' id='word_1_123' title='bbox 1278 1093 1538 1126; x_wconf 88' lang='lat' dir='ltr'>Belvacensem</span> <span class='ocrx_word' id='word_1_124' title='bbox 1566 1093 1658 1126; x_wconf 90' lang='lat' dir='ltr'>viam</span> <span class='ocrx_word' id='word_1_125' title='bbox 1692 1092 1864 1125; x_wconf 89' lang='lat' dir='ltr'>universe</span> <span class='ocrx_word' id='word_1_126' title='bbox 1894 1091 2014 1124; x_wconf 87' lang='lat' dir='ltr'>carnis</span> <span class='ocrx_word' id='word_1_127' title='bbox 2047 1091 2256 1135; x_wconf 82' lang='lat' dir='ltr'>ingressum</span> 
     </span>
     <span class='ocr_line' id='line_1_12' title="bbox 390 1157 2256 1206; baseline -0.003 -11"><span class='ocrx_word' id='word_1_128' title='bbox 390 1162 516 1203; x_wconf 80' lang='lat' dir='ltr'>fuisse,</span> <span class='ocrx_word' id='word_1_129' title='bbox 544 1162 648 1206; x_wconf 90' lang='lat' dir='ltr'>cujus</span> <span class='ocrx_word' id='word_1_130' title='bbox 669 1162 786 1194; x_wconf 89' lang='lat' dir='ltr'>anime</span> <span class='ocrx_word' id='word_1_131' title='bbox 815 1162 913 1194; x_wconf 89' lang='lat' dir='ltr'>Deus</span> <span class='ocrx_word' id='word_1_132' title='bbox 940 1160 1229 1194; x_wconf 83' lang='lat' dir='ltr'>misericorditer</span> <span class='ocrx_word' id='word_1_133' title='bbox 1250 1160 1488 1205; x_wconf 77' lang='lat' dir='ltr'>propicietur,</span> <span class='ocrx_word' id='word_1_134' title='bbox 1510 1171 1622 1205; x_wconf 89' lang='lat' dir='ltr'>super</span> <span class='ocrx_word' id='word_1_135' title='bbox 1646 1160 1750 1204; x_wconf 91' lang='lat' dir='ltr'>cujus</span> <span class='ocrx_word' id='word_1_136' title='bbox 1772 1158 1886 1192; x_wconf 86' lang='lat' dir='ltr'>flebili</span> <span class='ocrx_word' id='word_1_137' title='bbox 1907 1165 2022 1191; x_wconf 84' lang='lat' dir='ltr'>morte</span> <span class='ocrx_word' id='word_1_138' title='bbox 2044 1170 2117 1191; x_wconf 91' lang='lat' dir='ltr'>non</span> <span class='ocrx_word' id='word_1_139' title='bbox 2139 1157 2256 1191; x_wconf 88' lang='lat' dir='ltr'>solum</span> 
     </span>
     <span class='ocr_line' id='line_1_13' title="bbox 390 1225 2256 1274; baseline -0.002 -12"><span class='ocrx_word' id='word_1_140' title='bbox 390 1230 508 1270; x_wconf 87' lang='lat' dir='ltr'>vobis,</span> <span class='ocrx_word' id='word_1_141' title='bbox 531 1241 683 1274; x_wconf 87' lang='lat' dir='ltr'>quorum</span> <span class='ocrx_word' id='word_1_142' title='bbox 710 1229 789 1273; x_wconf 91' lang='lat' dir='ltr'>ipse</span> <span class='ocrx_word' id='word_1_143' title='bbox 816 1229 960 1261; x_wconf 88' lang='lat' dir='ltr'>futurus</span> <span class='ocrx_word' id='word_1_144' title='bbox 986 1235 1062 1261; x_wconf 86' lang='lat' dir='ltr'>erat</span> <span class='ocrx_word' id='word_1_145' title='bbox 1087 1227 1324 1260; x_wconf 88' lang='lat' dir='ltr'>dulcissimus</span> <span class='ocrx_word' id='word_1_146' title='bbox 1354 1234 1490 1273; x_wconf 86' lang='lat' dir='ltr'>pastor,</span> <span class='ocrx_word' id='word_1_147' title='bbox 1517 1239 1642 1260; x_wconf 87' lang='lat' dir='ltr'>verum</span> <span class='ocrx_word' id='word_1_148' title='bbox 1674 1227 1779 1260; x_wconf 81' lang='lat' dir='ltr'>etiam</span> <span class='ocrx_word' id='word_1_149' title='bbox 1812 1227 1984 1260; x_wconf 88' lang='lat' dir='ltr'>universo</span> <span class='ocrx_word' id='word_1_150' title='bbox 2014 1225 2098 1258; x_wconf 90' lang='lat' dir='ltr'>huic</span> <span class='ocrx_word' id='word_1_151' title='bbox 2129 1237 2256 1270; x_wconf 84' lang='lat' dir='ltr'>regno,</span> 
     </span>
     <span class='ocr_line' id='line_1_14' title="bbox 391 1292 2258 1342; baseline -0.002 -12"><span class='ocrx_word' id='word_1_152' title='bbox 391 1304 485 1330; x_wconf 89' lang='lat' dir='ltr'>tante</span> <span class='ocrx_word' id='word_1_153' title='bbox 507 1296 698 1342; x_wconf 87' lang='lat' dir='ltr'>probitatis</span> <span class='ocrx_word' id='word_1_154' title='bbox 720 1296 797 1329; x_wconf 89' lang='lat' dir='ltr'>viro</span> <span class='ocrx_word' id='word_1_155' title='bbox 819 1296 958 1337; x_wconf 88' lang='lat' dir='ltr'>orbato,</span> <span class='ocrx_word' id='word_1_156' title='bbox 982 1295 1234 1329; x_wconf 88' lang='lat' dir='ltr'>condolemus.</span> <span class='ocrx_word' id='word_1_157' title='bbox 1258 1295 1348 1338; x_wconf 87' lang='lat' dir='ltr'>Quia</span> <span class='ocrx_word' id='word_1_158' title='bbox 1373 1301 1491 1328; x_wconf 89' lang='lat' dir='ltr'>tamen</span> <span class='ocrx_word' id='word_1_159' title='bbox 1513 1295 1716 1335; x_wconf 82' lang='lat' dir='ltr'>Altissimo,</span> <span class='ocrx_word' id='word_1_160' title='bbox 1741 1294 1809 1327; x_wconf 92' lang='lat' dir='ltr'>sub</span> <span class='ocrx_word' id='word_1_161' title='bbox 1830 1295 1935 1339; x_wconf 88' lang='lat' dir='ltr'>cujus</span> <span class='ocrx_word' id='word_1_162' title='bbox 1957 1292 2107 1326; x_wconf 86' lang='lat' dir='ltr'>nutibus</span> <span class='ocrx_word' id='word_1_163' title='bbox 2132 1299 2258 1326; x_wconf 88' lang='lat' dir='ltr'>nostre</span> 
     </span>
     <span class='ocr_line' id='line_1_15' title="bbox 390 1359 2258 1408; baseline -0.003 -11"><span class='ocrx_word' id='word_1_164' title='bbox 390 1364 544 1398; x_wconf 84' lang='lat' dir='ltr'>labentis</span> <span class='ocrx_word' id='word_1_165' title='bbox 564 1364 635 1397; x_wconf 89' lang='lat' dir='ltr'>vite</span> <span class='ocrx_word' id='word_1_166' title='bbox 657 1370 837 1396; x_wconf 87' lang='lat' dir='ltr'>momenta</span> <span class='ocrx_word' id='word_1_167' title='bbox 853 1362 1066 1403; x_wconf 83' lang='lat' dir='ltr'>decurrunt,</span> <span class='ocrx_word' id='word_1_168' title='bbox 1089 1363 1135 1395; x_wconf 91' lang='lat' dir='ltr'>ita</span> <span class='ocrx_word' id='word_1_169' title='bbox 1151 1362 1297 1408; x_wconf 74' lang='lat' dir='ltr'>placuit,</span> <span class='ocrx_word' id='word_1_170' title='bbox 1317 1374 1434 1396; x_wconf 90' lang='lat' dir='ltr'>novus</span> <span class='ocrx_word' id='word_1_171' title='bbox 1450 1361 1556 1396; x_wconf 90' lang='lat' dir='ltr'>vobis</span> <span class='ocrx_word' id='word_1_172' title='bbox 1577 1362 1681 1395; x_wconf 92' lang='lat' dir='ltr'>labor</span> <span class='ocrx_word' id='word_1_173' title='bbox 1701 1361 1949 1406; x_wconf 82' lang='lat' dir='ltr'>agrediendus</span> <span class='ocrx_word' id='word_1_174' title='bbox 1971 1372 2135 1405; x_wconf 91' lang='lat' dir='ltr'>novaque</span> <span class='ocrx_word' id='word_1_175' title='bbox 2153 1359 2258 1393; x_wconf 86' lang='lat' dir='ltr'>vobis</span> 
     </span>
     <span class='ocr_line' id='line_1_16' title="bbox 390 1426 2261 1475; baseline -0.002 -12"><span class='ocrx_word' id='word_1_176' title='bbox 390 1443 428 1464; x_wconf 86' lang='lat' dir='ltr'>ac</span> <span class='ocrx_word' id='word_1_177' title='bbox 451 1431 605 1464; x_wconf 87' lang='lat' dir='ltr'>ecclesie</span> <span class='ocrx_word' id='word_1_178' title='bbox 628 1437 749 1463; x_wconf 84' lang='lat' dir='ltr'>vestre</span> <span class='ocrx_word' id='word_1_179' title='bbox 772 1430 1020 1475; x_wconf 88' lang='lat' dir='ltr'>prospiciendi</span> <span class='ocrx_word' id='word_1_180' title='bbox 1043 1429 1239 1462; x_wconf 89' lang='lat' dir='ltr'>solicitudo</span> <span class='ocrx_word' id='word_1_181' title='bbox 1261 1429 1411 1463; x_wconf 87' lang='lat' dir='ltr'>suborta</span> <span class='ocrx_word' id='word_1_182' title='bbox 1432 1435 1505 1469; x_wconf 73' lang='grc' dir='ltr'>θεῖς</span> <span class='ocrx_word' id='word_1_183' title='bbox 1528 1435 1563 1462; x_wconf 91' lang='lat' dir='ltr'>et</span> <span class='ocrx_word' id='word_1_184' title='bbox 1583 1429 1665 1474; x_wconf 89' lang='lat' dir='ltr'>quia</span> <span class='ocrx_word' id='word_1_185' title='bbox 1686 1435 1807 1462; x_wconf 84' lang='lat' dir='ltr'>vestre</span> <span class='ocrx_word' id='word_1_186' title='bbox 1825 1428 1991 1461; x_wconf 88' lang='lat' dir='ltr'>caritates</span> <span class='ocrx_word' id='word_1_187' title='bbox 2008 1427 2096 1460; x_wconf 85' lang='lat' dir='ltr'>alias</span> <span class='ocrx_word' id='word_1_188' title='bbox 2112 1427 2148 1460; x_wconf 93' lang='lat' dir='ltr'>in</span> <span class='ocrx_word' id='word_1_189' title='bbox 2165 1426 2261 1459; x_wconf 92' lang='lat' dir='ltr'>cele-</span> 
     </span>
     <span class='ocr_line' id='line_1_17' title="bbox 390 1493 2259 1542; baseline -0.002 -11"><span class='ocrx_word' id='word_1_190' title='bbox 390 1498 554 1531; x_wconf 89' lang='lat' dir='ltr'>bratione</span> <span class='ocrx_word' id='word_1_191' title='bbox 584 1504 704 1531; x_wconf 85' lang='lat' dir='ltr'>vestre</span> <span class='ocrx_word' id='word_1_192' title='bbox 737 1497 928 1530; x_wconf 87' lang='lat' dir='ltr'>electionis</span> <span class='ocrx_word' id='word_1_193' title='bbox 959 1497 1223 1542; x_wconf 84' lang='lat' dir='ltr'>qualecumque</span> <span class='ocrx_word' id='word_1_194' title='bbox 1253 1497 1446 1531; x_wconf 89' lang='lat' dir='ltr'>consilium</span> <span class='ocrx_word' id='word_1_195' title='bbox 1479 1503 1645 1529; x_wconf 87' lang='lat' dir='ltr'>nostrum</span> <span class='ocrx_word' id='word_1_196' title='bbox 1676 1508 1749 1529; x_wconf 91' lang='lat' dir='ltr'>non</span> <span class='ocrx_word' id='word_1_197' title='bbox 1780 1495 2007 1541; x_wconf 81' lang='lat' dir='ltr'>repulerunt,</span> <span class='ocrx_word' id='word_1_198' title='bbox 2038 1494 2104 1527; x_wconf 91' lang='lat' dir='ltr'>sed</span> <span class='ocrx_word' id='word_1_199' title='bbox 2138 1493 2259 1539; x_wconf 81' lang='lat' dir='ltr'>potius</span> 
     </span>
     <span class='ocr_line' id='line_1_18' title="bbox 390 1560 2259 1610; baseline -0.002 -13"><span class='ocrx_word' id='word_1_200' title='bbox 390 1566 649 1610; x_wconf 83' lang='lat' dir='ltr'>acquieverunt</span> <span class='ocrx_word' id='word_1_201' title='bbox 671 1565 725 1597; x_wconf 93' lang='lat' dir='ltr'>eis</span> <span class='ocrx_word' id='word_1_202' title='bbox 746 1576 816 1609; x_wconf 92' lang='lat' dir='ltr'>que</span> <span class='ocrx_word' id='word_1_203' title='bbox 833 1564 869 1596; x_wconf 93' lang='lat' dir='ltr'>in</span> <span class='ocrx_word' id='word_1_204' title='bbox 888 1564 1097 1597; x_wconf 80' lang='lat' dir='ltr'>sinceritate</span> <span class='ocrx_word' id='word_1_205' title='bbox 1116 1564 1279 1596; x_wconf 88' lang='lat' dir='ltr'>cordium</span> <span class='ocrx_word' id='word_1_206' title='bbox 1298 1570 1507 1597; x_wconf 86' lang='lat' dir='ltr'>nostrorum</span> <span class='ocrx_word' id='word_1_207' title='bbox 1527 1575 1592 1609; x_wconf 92' lang='lat' dir='ltr'>pro</span> <span class='ocrx_word' id='word_1_208' title='bbox 1613 1563 1752 1597; x_wconf 89' lang='lat' dir='ltr'>honore</span> <span class='ocrx_word' id='word_1_209' title='bbox 1769 1569 1804 1596; x_wconf 90' lang='lat' dir='ltr'>et</span> <span class='ocrx_word' id='word_1_210' title='bbox 1821 1562 1974 1595; x_wconf 87' lang='lat' dir='ltr'>utilitate</span> <span class='ocrx_word' id='word_1_211' title='bbox 1991 1568 2087 1595; x_wconf 85' lang='lat' dir='ltr'>tante</span> <span class='ocrx_word' id='word_1_212' title='bbox 2103 1560 2259 1594; x_wconf 88' lang='lat' dir='ltr'>ecclesie</span> 
     </span>
     <span class='ocr_line' id='line_1_19' title="bbox 391 1629 2261 1676; baseline -0.003 -11"><span class='ocrx_word' id='word_1_213' title='bbox 391 1632 646 1673; x_wconf 80' lang='lat' dir='ltr'>suadebanius,</span> <span class='ocrx_word' id='word_1_214' title='bbox 664 1631 769 1664; x_wconf 79' lang='lat' dir='ltr'>vobis</span> <span class='ocrx_word' id='word_1_215' title='bbox 786 1632 890 1664; x_wconf 88' lang='lat' dir='ltr'>etiam</span> <span class='ocrx_word' id='word_1_216' title='bbox 914 1631 1004 1672; x_wconf 92' lang='lat' dir='ltr'>[h]ac</span> <span class='ocrx_word' id='word_1_217' title='bbox 1022 1631 1099 1664; x_wconf 88' lang='lat' dir='ltr'>vice</span> <span class='ocrx_word' id='word_1_218' title='bbox 1116 1631 1329 1664; x_wconf 84' lang='lat' dir='ltr'>conabimur</span> <span class='ocrx_word' id='word_1_219' title='bbox 1346 1643 1411 1676; x_wconf 93' lang='lat' dir='ltr'>pro</span> <span class='ocrx_word' id='word_1_220' title='bbox 1428 1630 1569 1664; x_wconf 88' lang='lat' dir='ltr'>viribus</span> <span class='ocrx_word' id='word_1_221' title='bbox 1591 1630 1738 1664; x_wconf 88' lang='lat' dir='ltr'>salubre</span> <span class='ocrx_word' id='word_1_222' title='bbox 1754 1629 1948 1663; x_wconf 88' lang='lat' dir='ltr'>consilium</span> <span class='ocrx_word' id='word_1_223' title='bbox 1968 1635 2073 1674; x_wconf 90' lang='lat' dir='ltr'>prout</span> <span class='ocrx_word' id='word_1_224' title='bbox 2094 1635 2261 1661; x_wconf 88' lang='lat' dir='ltr'>tenemur</span> 
     </span>
     <span class='ocr_line' id='line_1_20' title="bbox 392 1693 2260 1744; baseline -0.003 -12"><span class='ocrx_word' id='word_1_225' title='bbox 392 1700 476 1733; x_wconf 90' lang='lat' dir='ltr'>dare</span> <span class='ocrx_word' id='word_1_226' title='bbox 498 1706 532 1732; x_wconf 87' lang='lat' dir='ltr'>et</span> <span class='ocrx_word' id='word_1_227' title='bbox 553 1699 658 1744; x_wconf 88' lang='lat' dir='ltr'>quale</span> <span class='ocrx_word' id='word_1_228' title='bbox 680 1699 881 1744; x_wconf 78' lang='lat' dir='ltr'>poterimus</span> <span class='ocrx_word' id='word_1_229' title='bbox 902 1699 997 1731; x_wconf 87' lang='lat' dir='ltr'>ferre</span> <span class='ocrx_word' id='word_1_230' title='bbox 1018 1698 1204 1731; x_wconf 82' lang='lat' dir='ltr'>auxilium.</span> <span class='ocrx_word' id='word_1_231' title='bbox 1229 1699 1336 1731; x_wconf 88' lang='lat' dir='ltr'>Scitis</span> <span class='ocrx_word' id='word_1_232' title='bbox 1358 1699 1526 1743; x_wconf 87' lang='lat' dir='ltr'>equidem</span> <span class='ocrx_word' id='word_1_233' title='bbox 1550 1697 1732 1743; x_wconf 90' lang='lat' dir='ltr'>quomodo</span> <span class='ocrx_word' id='word_1_234' title='bbox 1754 1703 1904 1743; x_wconf 91' lang='lat' dir='ltr'>propter</span> <span class='ocrx_word' id='word_1_235' title='bbox 1920 1695 2124 1729; x_wconf 86' lang='lat' dir='ltr'>mortalium</span> <span class='ocrx_word' id='word_1_236' title='bbox 2146 1693 2260 1728; x_wconf 89' lang='lat' dir='ltr'>ambi-</span> 
     </span>
     <span class='ocr_line' id='line_1_21' title="bbox 390 1762 2260 1810; baseline -0.002 -12"><span class='ocrx_word' id='word_1_237' title='bbox 390 1767 524 1799; x_wconf 84' lang='lat' dir='ltr'>tionem</span> <span class='ocrx_word' id='word_1_238' title='bbox 551 1767 586 1798; x_wconf 91' lang='lat' dir='ltr'>in</span> <span class='ocrx_word' id='word_1_239' title='bbox 613 1766 680 1798; x_wconf 90' lang='lat' dir='ltr'>hoc</span> <span class='ocrx_word' id='word_1_240' title='bbox 702 1778 786 1798; x_wconf 88' lang='lat' dir='ltr'>casu</span> <span class='ocrx_word' id='word_1_241' title='bbox 816 1778 902 1810; x_wconf 87' lang='lat' dir='ltr'>sepe</span> <span class='ocrx_word' id='word_1_242' title='bbox 931 1765 1050 1798; x_wconf 87' lang='lat' dir='ltr'>solent</span> <span class='ocrx_word' id='word_1_243' title='bbox 1081 1766 1214 1798; x_wconf 85' lang='lat' dir='ltr'>exoriri</span> <span class='ocrx_word' id='word_1_244' title='bbox 1243 1777 1373 1810; x_wconf 79' lang='lat' dir='ltr'>magne</span> <span class='ocrx_word' id='word_1_245' title='bbox 1401 1765 1628 1798; x_wconf 84' lang='lat' dir='ltr'>turbationes</span> <span class='ocrx_word' id='word_1_246' title='bbox 1658 1772 1691 1798; x_wconf 86' lang='lat' dir='ltr'>et</span> <span class='ocrx_word' id='word_1_247' title='bbox 1716 1765 1814 1798; x_wconf 89' lang='lat' dir='ltr'>varie</span> <span class='ocrx_word' id='word_1_248' title='bbox 1846 1764 2047 1797; x_wconf 89' lang='lat' dir='ltr'>animorum</span> <span class='ocrx_word' id='word_1_249' title='bbox 2079 1762 2260 1795; x_wconf 89' lang='lat' dir='ltr'>sententie</span> 
     </span>
     <span class='ocr_line' id='line_1_22' title="bbox 391 1830 2260 1878; baseline -0.002 -12"><span class='ocrx_word' id='word_1_250' title='bbox 391 1835 581 1867; x_wconf 87' lang='lat' dir='ltr'>fraternam</span> <span class='ocrx_word' id='word_1_251' title='bbox 605 1834 787 1866; x_wconf 85' lang='lat' dir='ltr'>caritatem</span> <span class='ocrx_word' id='word_1_252' title='bbox 810 1840 845 1866; x_wconf 88' lang='lat' dir='ltr'>et</span> <span class='ocrx_word' id='word_1_253' title='bbox 865 1833 1096 1866; x_wconf 85' lang='lat' dir='ltr'>dilectionem</span> <span class='ocrx_word' id='word_1_254' title='bbox 1119 1845 1380 1878; x_wconf 89' lang='lat' dir='ltr'>nonnunquam</span> <span class='ocrx_word' id='word_1_255' title='bbox 1403 1833 1663 1873; x_wconf 85' lang='lat' dir='ltr'>dissolventes,</span> <span class='ocrx_word' id='word_1_256' title='bbox 1681 1832 1725 1865; x_wconf 89' lang='lat' dir='ltr'>ad</span> <span class='ocrx_word' id='word_1_257' title='bbox 1746 1832 1812 1865; x_wconf 88' lang='lat' dir='ltr'>hec</span> <span class='ocrx_word' id='word_1_258' title='bbox 1834 1831 1952 1864; x_wconf 89' lang='lat' dir='ltr'>omnia</span> <span class='ocrx_word' id='word_1_259' title='bbox 1974 1830 2134 1864; x_wconf 88' lang='lat' dir='ltr'>sedanda</span> <span class='ocrx_word' id='word_1_260' title='bbox 2155 1841 2260 1875; x_wconf 89' lang='lat' dir='ltr'>cape-</span> 
     </span>
     <span class='ocr_line' id='line_1_23' title="bbox 392 1896 2258 1945; baseline -0.002 -12"><span class='ocrx_word' id='word_1_261' title='bbox 392 1901 524 1934; x_wconf 88' lang='lat' dir='ltr'>scenda</span> <span class='ocrx_word' id='word_1_262' title='bbox 552 1907 605 1933; x_wconf 90' lang='lat' dir='ltr'>est</span> <span class='ocrx_word' id='word_1_263' title='bbox 634 1901 688 1934; x_wconf 90' lang='lat' dir='ltr'>via</span> <span class='ocrx_word' id='word_1_264' title='bbox 715 1900 857 1933; x_wconf 83' lang='lat' dir='ltr'>facilior</span> <span class='ocrx_word' id='word_1_265' title='bbox 878 1907 910 1933; x_wconf 85' lang='lat' dir='ltr'>et</span> <span class='ocrx_word' id='word_1_266' title='bbox 942 1900 1089 1933; x_wconf 90' lang='lat' dir='ltr'>brevior</span> <span class='ocrx_word' id='word_1_267' title='bbox 1115 1912 1179 1945; x_wconf 89' lang='lat' dir='ltr'>per</span> <span class='ocrx_word' id='word_1_268' title='bbox 1207 1913 1311 1945; x_wconf 91' lang='lat' dir='ltr'>quam</span> <span class='ocrx_word' id='word_1_269' title='bbox 1343 1901 1502 1933; x_wconf 87' lang='lat' dir='ltr'>omnium</span> <span class='ocrx_word' id='word_1_270' title='bbox 1530 1907 1611 1933; x_wconf 88' lang='lat' dir='ltr'>vota</span> <span class='ocrx_word' id='word_1_271' title='bbox 1642 1899 1864 1933; x_wconf 89' lang='lat' dir='ltr'>concordius</span> <span class='ocrx_word' id='word_1_272' title='bbox 1893 1898 1930 1931; x_wconf 90' lang='lat' dir='ltr'>in</span> <span class='ocrx_word' id='word_1_273' title='bbox 1960 1909 2069 1930; x_wconf 87' lang='lat' dir='ltr'>unum</span> <span class='ocrx_word' id='word_1_274' title='bbox 2098 1896 2258 1930; x_wconf 86' lang='lat' dir='ltr'>veniant.</span> 
     </span>
     <span class='ocr_line' id='line_1_24' title="bbox 394 1963 2261 2012; baseline -0.003 -11"><span class='ocrx_word' id='word_1_275' title='bbox 394 1970 497 2009; x_wconf 78' lang='lat' dir='ltr'>Ecce,</span> <span class='ocrx_word' id='word_1_276' title='bbox 516 1968 582 2001; x_wconf 88' lang='lat' dir='ltr'>viri</span> <span class='ocrx_word' id='word_1_277' title='bbox 606 1967 852 2012; x_wconf 72' lang='lat' dir='ltr'>percelebres,</span> <span class='ocrx_word' id='word_1_278' title='bbox 871 1967 963 2000; x_wconf 85' lang='lat' dir='ltr'>sicut</span> <span class='ocrx_word' id='word_1_279' title='bbox 986 1979 1051 2012; x_wconf 87' lang='lat' dir='ltr'>per</span> <span class='ocrx_word' id='word_1_280' title='bbox 1066 1967 1204 2000; x_wconf 87' lang='lat' dir='ltr'>litteras</span> <span class='ocrx_word' id='word_1_281' title='bbox 1227 1968 1346 2012; x_wconf 84' lang='lat' dir='ltr'>regias</span> <span class='ocrx_word' id='word_1_282' title='bbox 1368 1974 1401 2000; x_wconf 88' lang='lat' dir='ltr'>et</span> <span class='ocrx_word' id='word_1_283' title='bbox 1422 1979 1506 2001; x_wconf 89' lang='lat' dir='ltr'>vera</span> <span class='ocrx_word' id='word_1_284' title='bbox 1528 1974 1561 2000; x_wconf 91' lang='lat' dir='ltr'>et</span> <span class='ocrx_word' id='word_1_285' title='bbox 1583 1966 1682 1999; x_wconf 90' lang='lat' dir='ltr'>fideli</span> <span class='ocrx_word' id='word_1_286' title='bbox 1703 1966 1878 1999; x_wconf 88' lang='lat' dir='ltr'>relatione</span> <span class='ocrx_word' id='word_1_287' title='bbox 1899 1964 2105 2009; x_wconf 88' lang='lat' dir='ltr'>accepimus</span> <span class='ocrx_word' id='word_1_288' title='bbox 2124 1975 2130 1996; x_wconf 92' lang='lat'><strong>:</strong></span> <span class='ocrx_word' id='word_1_289' title='bbox 2150 1963 2261 1996; x_wconf 87' lang='lat' dir='ltr'>domi-</span> 
     </span>
     <span class='ocr_line' id='line_1_25' title="bbox 395 2029 2259 2080; baseline -0.003 -12"><span class='ocrx_word' id='word_1_290' title='bbox 395 2047 462 2068; x_wconf 87' lang='lat' dir='ltr'>nus</span> <span class='ocrx_word' id='word_1_291' title='bbox 484 2041 608 2068; x_wconf 91' lang='lat' dir='ltr'>noster</span> <span class='ocrx_word' id='word_1_292' title='bbox 630 2046 703 2074; x_wconf 82' lang='lat' dir='ltr'>rex,</span> <span class='ocrx_word' id='word_1_293' title='bbox 726 2035 895 2067; x_wconf 88' lang='lat' dir='ltr'>(lominus</span> <span class='ocrx_word' id='word_1_294' title='bbox 915 2047 1063 2079; x_wconf 73' lang='lat' dir='ltr'>regens,</span> <span class='ocrx_word' id='word_1_295' title='bbox 1085 2034 1358 2068; x_wconf 81' lang='lat' dir='ltr'>illustrissimus</span> <span class='ocrx_word' id='word_1_296' title='bbox 1380 2035 1551 2080; x_wconf 83' lang='lat' dir='ltr'>princeps</span> <span class='ocrx_word' id='word_1_297' title='bbox 1572 2034 1644 2067; x_wconf 87' lang='lat' dir='ltr'>dux</span> <span class='ocrx_word' id='word_1_298' title='bbox 1666 2033 1878 2079; x_wconf 87' lang='lat' dir='ltr'>Burgundie</span> <span class='ocrx_word' id='word_1_299' title='bbox 1900 2032 2019 2072; x_wconf 90' lang='lat' dir='ltr'>etiam,</span> <span class='ocrx_word' id='word_1_300' title='bbox 2043 2043 2086 2064; x_wconf 87' lang='lat' dir='ltr'>ex</span> <span class='ocrx_word' id='word_1_301' title='bbox 2105 2029 2259 2064; x_wconf 87' lang='lat' dir='ltr'>consilio</span> 
     </span>
     <span class='ocr_line' id='line_1_26' title="bbox 394 2098 2260 2147; baseline -0.003 -12"><span class='ocrx_word' id='word_1_302' title='bbox 394 2109 493 2135; x_wconf 88' lang='lat' dir='ltr'>certo</span> <span class='ocrx_word' id='word_1_303' title='bbox 515 2102 733 2135; x_wconf 87' lang='lat' dir='ltr'>unanimiter</span> <span class='ocrx_word' id='word_1_304' title='bbox 753 2101 1014 2134; x_wconf 81' lang='lat' dir='ltr'>concluserunt</span> <span class='ocrx_word' id='word_1_305' title='bbox 1035 2102 1197 2135; x_wconf 84' lang='lat' dir='ltr'>scribere</span> <span class='ocrx_word' id='word_1_306' title='bbox 1219 2109 1253 2135; x_wconf 93' lang='lat' dir='ltr'>et</span> <span class='ocrx_word' id='word_1_307' title='bbox 1274 2102 1318 2135; x_wconf 89' lang='lat' dir='ltr'>de</span> <span class='ocrx_word' id='word_1_308' title='bbox 1339 2102 1431 2135; x_wconf 85' lang='lat' dir='ltr'>sacto</span> <span class='ocrx_word' id='word_1_309' title='bbox 1457 2102 1686 2147; x_wconf 86' lang='lat' dir='ltr'>scripserunt</span> <span class='ocrx_word' id='word_1_310' title='bbox 1711 2100 1942 2134; x_wconf 85' lang='lat' dir='ltr'>sanctissimo</span> <span class='ocrx_word' id='word_1_311' title='bbox 1964 2098 2112 2132; x_wconf 89' lang='lat' dir='ltr'>domino</span> <span class='ocrx_word' id='word_1_312' title='bbox 2133 2103 2260 2133; x_wconf 88' lang='lat' dir='ltr'>nostro</span> 
     </span>
     <span class='ocr_line' id='line_1_27' title="bbox 394 2164 2260 2214; baseline -0.003 -12"><span class='ocrx_word' id='word_1_313' title='bbox 394 2181 504 2214; x_wconf 88' lang='lat' dir='ltr'>super</span> <span class='ocrx_word' id='word_1_314' title='bbox 532 2169 759 2214; x_wconf 90' lang='lat' dir='ltr'>promotione</span> <span class='ocrx_word' id='word_1_315' title='bbox 789 2168 1011 2202; x_wconf 88' lang='lat' dir='ltr'>venerabilis</span> <span class='ocrx_word' id='word_1_316' title='bbox 1042 2176 1076 2202; x_wconf 89' lang='lat' dir='ltr'>et</span> <span class='ocrx_word' id='word_1_317' title='bbox 1104 2169 1359 2214; x_wconf 89' lang='lat' dir='ltr'>circumspecti</span> <span class='ocrx_word' id='word_1_318' title='bbox 1389 2169 1457 2202; x_wconf 90' lang='lat' dir='ltr'>viri</span> <span class='ocrx_word' id='word_1_319' title='bbox 1487 2169 1651 2214; x_wconf 84' lang='lat' dir='ltr'>magistri</span> <span class='ocrx_word' id='word_1_320' title='bbox 1682 2168 1779 2201; x_wconf 86' lang='lat' dir='ltr'>Petri</span> <span class='ocrx_word' id='word_1_321' title='bbox 1808 2166 1993 2207; x_wconf 82' lang='lat' dir='ltr'>Cauchon,</span> <span class='ocrx_word' id='word_1_322' title='bbox 2023 2164 2260 2200; x_wconf 86' lang='lat' dir='ltr'>concanonici</span> 
     </span>
     <span class='ocr_line' id='line_1_28' title="bbox 394 2233 2261 2281; baseline -0.004 -11"><span class='ocrx_word' id='word_1_323' title='bbox 394 2237 518 2278; x_wconf 84' lang='lat' dir='ltr'>vestri,</span> <span class='ocrx_word' id='word_1_324' title='bbox 550 2236 593 2269; x_wconf 90' lang='lat' dir='ltr'>ad</span> <span class='ocrx_word' id='word_1_325' title='bbox 626 2236 803 2281; x_wconf 87' lang='lat' dir='ltr'>prefatum</span> <span class='ocrx_word' id='word_1_326' title='bbox 835 2236 1081 2281; x_wconf 90' lang='lat' dir='ltr'>episcopatum</span> <span class='ocrx_word' id='word_1_327' title='bbox 1115 2236 1393 2278; x_wconf 80' lang='lat' dir='ltr'>Belvacensem,</span> <span class='ocrx_word' id='word_1_328' title='bbox 1425 2247 1578 2281; x_wconf 89' lang='lat' dir='ltr'>quorum</span> <span class='ocrx_word' id='word_1_329' title='bbox 1611 2235 1782 2281; x_wconf 90' lang='lat' dir='ltr'>precibus</span> <span class='ocrx_word' id='word_1_330' title='bbox 1811 2234 1906 2267; x_wconf 89' lang='lat' dir='ltr'>idem</span> <span class='ocrx_word' id='word_1_331' title='bbox 1937 2233 2108 2266; x_wconf 89' lang='lat' dir='ltr'>dominus</span> <span class='ocrx_word' id='word_1_332' title='bbox 2136 2238 2261 2264; x_wconf 85' lang='lat' dir='ltr'>noster</span> 
     </span>
     <span class='ocr_line' id='line_1_29' title="bbox 395 2298 2260 2349; baseline -0.003 -12"><span class='ocrx_word' id='word_1_333' title='bbox 395 2304 662 2345; x_wconf 82' lang='lat' dir='ltr'>sanctissimus,</span> <span class='ocrx_word' id='word_1_334' title='bbox 684 2315 726 2336; x_wconf 87' lang='lat' dir='ltr'>ex</span> <span class='ocrx_word' id='word_1_335' title='bbox 748 2303 860 2336; x_wconf 89' lang='lat' dir='ltr'>multo</span> <span class='ocrx_word' id='word_1_336' title='bbox 878 2310 1042 2348; x_wconf 86' lang='lat' dir='ltr'>tempore</span> <span class='ocrx_word' id='word_1_337' title='bbox 1059 2316 1290 2348; x_wconf 82' lang='lat' dir='ltr'>cognoscens</span> <span class='ocrx_word' id='word_1_338' title='bbox 1308 2304 1435 2349; x_wconf 83' lang='lat' dir='ltr'>prefati</span> <span class='ocrx_word' id='word_1_339' title='bbox 1457 2303 1622 2349; x_wconf 87' lang='lat' dir='ltr'>magistri</span> <span class='ocrx_word' id='word_1_340' title='bbox 1643 2304 1739 2335; x_wconf 91' lang='lat' dir='ltr'>Petri</span> <span class='ocrx_word' id='word_1_341' title='bbox 1760 2301 1989 2348; x_wconf 88' lang='lat' dir='ltr'>prudentiam</span> <span class='ocrx_word' id='word_1_342' title='bbox 2007 2306 2043 2333; x_wconf 90' lang='lat' dir='ltr'>et</span> <span class='ocrx_word' id='word_1_343' title='bbox 2058 2298 2260 2340; x_wconf 81' lang='lat' dir='ltr'>scientiam,</span> 
     </span>
     <span class='ocr_line' id='line_1_30' title="bbox 395 2365 2261 2415; baseline -0.003 -12"><span class='ocrx_word' id='word_1_344' title='bbox 395 2371 436 2403; x_wconf 85' lang='lat' dir='ltr'>ad</span> <span class='ocrx_word' id='word_1_345' title='bbox 460 2370 667 2403; x_wconf 87' lang='lat' dir='ltr'>memoriam</span> <span class='ocrx_word' id='word_1_346' title='bbox 690 2371 795 2402; x_wconf 88' lang='lat' dir='ltr'>etiam</span> <span class='ocrx_word' id='word_1_347' title='bbox 818 2370 999 2402; x_wconf 88' lang='lat' dir='ltr'>reducens</span> <span class='ocrx_word' id='word_1_348' title='bbox 1019 2370 1233 2403; x_wconf 89' lang='lat' dir='ltr'>innumeros</span> <span class='ocrx_word' id='word_1_349' title='bbox 1254 2370 1399 2404; x_wconf 89' lang='lat' dir='ltr'>labores</span> <span class='ocrx_word' id='word_1_350' title='bbox 1420 2383 1512 2415; x_wconf 90' lang='lat' dir='ltr'>quos</span> <span class='ocrx_word' id='word_1_351' title='bbox 1542 2370 1577 2403; x_wconf 93' lang='lat' dir='ltr'>in</span> <span class='ocrx_word' id='word_1_352' title='bbox 1604 2369 1761 2403; x_wconf 88' lang='lat' dir='ltr'>diversis</span> <span class='ocrx_word' id='word_1_353' title='bbox 1788 2367 2035 2414; x_wconf 85' lang='lat' dir='ltr'>legationibus</span> <span class='ocrx_word' id='word_1_354' title='bbox 2057 2366 2140 2399; x_wconf 89' lang='lat' dir='ltr'>dum</span> <span class='ocrx_word' id='word_1_355' title='bbox 2162 2365 2261 2411; x_wconf 86' lang='lat' dir='ltr'>pacis</span> 
     </span>
     <span class='ocr_line' id='line_1_31' title="bbox 396 2434 2259 2483; baseline -0.003 -13"><span class='ocrx_word' id='word_1_356' title='bbox 396 2438 550 2470; x_wconf 71' lang='lat' dir='ltr'>ecclesie</span> <span class='ocrx_word' id='word_1_357' title='bbox 582 2437 728 2470; x_wconf 87' lang='lat' dir='ltr'>materia</span> <span class='ocrx_word' id='word_1_358' title='bbox 759 2444 827 2470; x_wconf 88' lang='lat' dir='ltr'>tam</span> <span class='ocrx_word' id='word_1_359' title='bbox 861 2437 897 2469; x_wconf 92' lang='lat' dir='ltr'>in</span> <span class='ocrx_word' id='word_1_360' title='bbox 928 2437 1103 2470; x_wconf 85' lang='lat' dir='ltr'>Consiliis</span> <span class='ocrx_word' id='word_1_361' title='bbox 1137 2437 1372 2483; x_wconf 81' lang='lat' dir='ltr'>generalibus</span> <span class='ocrx_word' id='word_1_362' title='bbox 1406 2450 1510 2483; x_wconf 88' lang='lat' dir='ltr'>quam</span> <span class='ocrx_word' id='word_1_363' title='bbox 1547 2437 1680 2470; x_wconf 89' lang='lat' dir='ltr'>ceteris</span> <span class='ocrx_word' id='word_1_364' title='bbox 1716 2434 2022 2470; x_wconf 87' lang='lat' dir='ltr'>conventionibus</span> <span class='ocrx_word' id='word_1_365' title='bbox 2058 2434 2259 2478; x_wconf 81' lang='lat' dir='ltr'>legatorum</span> 
     </span>
     <span class='ocr_line' id='line_1_32' title="bbox 400 2500 2258 2550; baseline -0.003 -13"><span class='ocrx_word' id='word_1_366' title='bbox 400 2505 545 2537; x_wconf 83' lang='lat' dir='ltr'>Fraucie</span> <span class='ocrx_word' id='word_1_367' title='bbox 573 2504 616 2537; x_wconf 89' lang='lat' dir='ltr'>ad</span> <span class='ocrx_word' id='word_1_368' title='bbox 647 2516 774 2537; x_wconf 87' lang='lat' dir='ltr'>omnes</span> <span class='ocrx_word' id='word_1_369' title='bbox 801 2505 876 2536; x_wconf 83' lang='lat' dir='ltr'>fere</span> <span class='ocrx_word' id='word_1_370' title='bbox 905 2505 1015 2537; x_wconf 83' lang='lat' dir='ltr'>totius</span> <span class='ocrx_word' id='word_1_371' title='bbox 1043 2504 1144 2537; x_wconf 83' lang='lat' dir='ltr'>orbis</span> <span class='ocrx_word' id='word_1_372' title='bbox 1175 2512 1294 2550; x_wconf 89' lang='lat' dir='ltr'>partes</span> <span class='ocrx_word' id='word_1_373' title='bbox 1325 2505 1520 2538; x_wconf 87' lang='lat' dir='ltr'>missorum</span> <span class='ocrx_word' id='word_1_374' title='bbox 1548 2511 1776 2544; x_wconf 72' lang='lat' dir='ltr'>tractaretur,</span> <span class='ocrx_word' id='word_1_375' title='bbox 1797 2503 1923 2536; x_wconf 89' lang='lat' dir='ltr'>faciles</span> <span class='ocrx_word' id='word_1_376' title='bbox 1948 2500 2116 2547; x_wconf 87' lang='lat' dir='ltr'>prebebit</span> <span class='ocrx_word' id='word_1_377' title='bbox 2139 2511 2258 2533; x_wconf 88' lang='lat' dir='ltr'>aures.</span> 
     </span>
     <span class='ocr_line' id='line_1_33' title="bbox 397 2566 2261 2617; baseline -0.003 -14"><span class='ocrx_word' id='word_1_378' title='bbox 397 2572 572 2613; x_wconf 73' lang='lat' dir='ltr'>Quocirca</span> <span class='ocrx_word' id='word_1_379' title='bbox 594 2570 891 2616; x_wconf 88' lang='lat' dir='ltr'>expeditissimus</span> <span class='ocrx_word' id='word_1_380' title='bbox 913 2572 1043 2604; x_wconf 89' lang='lat' dir='ltr'>modus</span> <span class='ocrx_word' id='word_1_381' title='bbox 1064 2584 1129 2604; x_wconf 77' lang='lat' dir='ltr'>vos</span> <span class='ocrx_word' id='word_1_382' title='bbox 1150 2579 1257 2617; x_wconf 89' lang='lat' dir='ltr'>atque</span> <span class='ocrx_word' id='word_1_383' title='bbox 1277 2579 1438 2605; x_wconf 89' lang='lat' dir='ltr'>vestrum</span> <span class='ocrx_word' id='word_1_384' title='bbox 1459 2571 1604 2604; x_wconf 89' lang='lat' dir='ltr'>celebre</span> <span class='ocrx_word' id='word_1_385' title='bbox 1626 2571 1820 2616; x_wconf 88' lang='lat' dir='ltr'>collegium</span> <span class='ocrx_word' id='word_1_386' title='bbox 1842 2568 2056 2603; x_wconf 87' lang='lat' dir='ltr'>absolvendi</span> <span class='ocrx_word' id='word_1_387' title='bbox 2082 2567 2125 2600; x_wconf 88' lang='lat' dir='ltr'>ab</span> <span class='ocrx_word' id='word_1_388' title='bbox 2146 2566 2261 2600; x_wconf 89' lang='lat' dir='ltr'>omni-</span> 
     </span>
     <span class='ocr_line' id='line_1_34' title="bbox 398 2637 2262 2683; baseline -0.003 -13"><span class='ocrx_word' id='word_1_389' title='bbox 398 2638 465 2670; x_wconf 86' lang='lat' dir='ltr'>bus</span> <span class='ocrx_word' id='word_1_390' title='bbox 487 2638 682 2670; x_wconf 86' lang='lat' dir='ltr'>discordiis</span> <span class='ocrx_word' id='word_1_391' title='bbox 711 2644 746 2670; x_wconf 93' lang='lat' dir='ltr'>et</span> <span class='ocrx_word' id='word_1_392' title='bbox 766 2637 1054 2679; x_wconf 85' lang='lat' dir='ltr'>difficultatibus,</span> <span class='ocrx_word' id='word_1_393' title='bbox 1078 2651 1147 2683; x_wconf 87' lang='lat' dir='ltr'>que</span> <span class='ocrx_word' id='word_1_394' title='bbox 1178 2639 1213 2671; x_wconf 92' lang='lat' dir='ltr'>in</span> <span class='ocrx_word' id='word_1_395' title='bbox 1245 2639 1424 2672; x_wconf 90' lang='lat' dir='ltr'>electione</span> <span class='ocrx_word' id='word_1_396' title='bbox 1452 2638 1537 2672; x_wconf 90' lang='lat' dir='ltr'>novi</span> <span class='ocrx_word' id='word_1_397' title='bbox 1569 2638 1727 2683; x_wconf 85' lang='lat' dir='ltr'>pastoris</span> <span class='ocrx_word' id='word_1_398' title='bbox 1753 2648 1942 2682; x_wconf 85' lang='lat' dir='ltr'>emergere</span> <span class='ocrx_word' id='word_1_399' title='bbox 1973 2640 2136 2680; x_wconf 85' lang='lat' dir='ltr'>possent,</span> <span class='ocrx_word' id='word_1_400' title='bbox 2164 2639 2262 2666; x_wconf 88' lang='lat' dir='ltr'>esset</span> 
     </span>
     <span class='ocr_line' id='line_1_35' title="bbox 391 2700 2262 2750; baseline -0.003 -14"><span class='ocrx_word' id='word_1_401' title='bbox 391 2705 531 2747; x_wconf 86' lang='lat' dir='ltr'>judicio</span> <span class='ocrx_word' id='word_1_402' title='bbox 553 2711 691 2745; x_wconf 87' lang='lat' dir='ltr'>nostro,</span> <span class='ocrx_word' id='word_1_403' title='bbox 715 2711 754 2736; x_wconf 92' lang='lat' dir='ltr'>ut</span> <span class='ocrx_word' id='word_1_404' title='bbox 774 2704 810 2736; x_wconf 89' lang='lat' dir='ltr'>in</span> <span class='ocrx_word' id='word_1_405' title='bbox 832 2704 933 2736; x_wconf 89' lang='lat' dir='ltr'>illum</span> <span class='ocrx_word' id='word_1_406' title='bbox 955 2705 1214 2747; x_wconf 67' lang='lat' dir='ltr'>conveniretis,</span> <span class='ocrx_word' id='word_1_407' title='bbox 1242 2718 1347 2750; x_wconf 88' lang='lat' dir='ltr'>quem</span> <span class='ocrx_word' id='word_1_408' title='bbox 1370 2712 1466 2738; x_wconf 88' lang='lat' dir='ltr'>tanta</span> <span class='ocrx_word' id='word_1_409' title='bbox 1487 2711 1667 2738; x_wconf 89' lang='lat' dir='ltr'>tantorum</span> <span class='ocrx_word' id='word_1_410' title='bbox 1691 2704 1895 2749; x_wconf 89' lang='lat' dir='ltr'>principum</span> <span class='ocrx_word' id='word_1_411' title='bbox 1917 2701 2112 2736; x_wconf 85' lang='lat' dir='ltr'>concordia</span> <span class='ocrx_word' id='word_1_412' title='bbox 2134 2700 2207 2745; x_wconf 88' lang='lat' dir='ltr'>peti</span> <span class='ocrx_word' id='word_1_413' title='bbox 2227 2706 2262 2745; x_wconf 82' lang='lat' dir='ltr'>et</span> 
     </span>
     <span class='ocr_line' id='line_1_36' title="bbox 397 2766 2260 2818; baseline -0.002 -15"><span class='ocrx_word' id='word_1_414' title='bbox 397 2783 414 2803; x_wconf 90' lang='lat' dir='ltr'>a</span> <span class='ocrx_word' id='word_1_415' title='bbox 436 2771 581 2803; x_wconf 90' lang='lat' dir='ltr'>domino</span> <span class='ocrx_word' id='word_1_416' title='bbox 599 2778 724 2803; x_wconf 89' lang='lat' dir='ltr'>nostro</span> <span class='ocrx_word' id='word_1_417' title='bbox 742 2771 972 2804; x_wconf 84' lang='lat' dir='ltr'>sanctissimo</span> <span class='ocrx_word' id='word_1_418' title='bbox 994 2772 1170 2816; x_wconf 87' lang='lat' dir='ltr'>postulari</span> <span class='ocrx_word' id='word_1_419' title='bbox 1191 2773 1337 2814; x_wconf 81' lang='lat' dir='ltr'>videtis,</span> <span class='ocrx_word' id='word_1_420' title='bbox 1356 2773 1528 2818; x_wconf 89' lang='lat' dir='ltr'>precipue</span> <span class='ocrx_word' id='word_1_421' title='bbox 1549 2772 1631 2817; x_wconf 91' lang='lat' dir='ltr'>quia</span> <span class='ocrx_word' id='word_1_422' title='bbox 1652 2772 1730 2817; x_wconf 88' lang='lat' dir='ltr'>ipse</span> <span class='ocrx_word' id='word_1_423' title='bbox 1751 2771 1859 2804; x_wconf 91' lang='lat' dir='ltr'>homo</span> <span class='ocrx_word' id='word_1_424' title='bbox 1876 2769 2061 2814; x_wconf 85' lang='lat' dir='ltr'>benignus</span> <span class='ocrx_word' id='word_1_425' title='bbox 2078 2774 2113 2800; x_wconf 92' lang='lat' dir='ltr'>et</span> <span class='ocrx_word' id='word_1_426' title='bbox 2128 2766 2260 2807; x_wconf 80' lang='lat' dir='ltr'>dulcis,</span> 
     </span>
     <span class='ocr_line' id='line_1_37' title="bbox 399 2833 2260 2884; baseline -0.002 -15"><span class='ocrx_word' id='word_1_427' title='bbox 399 2849 525 2882; x_wconf 80' lang='lat' dir='ltr'>magne</span> <span class='ocrx_word' id='word_1_428' title='bbox 552 2850 631 2882; x_wconf 90' lang='lat' dir='ltr'>ymo</span> <span class='ocrx_word' id='word_1_429' title='bbox 654 2838 803 2882; x_wconf 75' lang='lat' dir='ltr'>egregie</span> <span class='ocrx_word' id='word_1_430' title='bbox 824 2838 1163 2883; x_wconf 87' lang='lat' dir='ltr'>circumspectionis</span> <span class='ocrx_word' id='word_1_431' title='bbox 1184 2851 1223 2872; x_wconf 88' lang='lat' dir='ltr'>ac</span> <span class='ocrx_word' id='word_1_432' title='bbox 1246 2839 1411 2880; x_wconf 74' lang='lat' dir='ltr'>scientie,</span> <span class='ocrx_word' id='word_1_433' title='bbox 1435 2840 1514 2884; x_wconf 86' lang='lat' dir='ltr'>regi</span> <span class='ocrx_word' id='word_1_434' title='bbox 1536 2839 1683 2872; x_wconf 90' lang='lat' dir='ltr'>domino</span> <span class='ocrx_word' id='word_1_435' title='bbox 1710 2845 1851 2879; x_wconf 62' lang='lat' dir='ltr'>nostro,</span> <span class='ocrx_word' id='word_1_436' title='bbox 1876 2835 2103 2882; x_wconf 88' lang='lat' dir='ltr'>principibus</span> <span class='ocrx_word' id='word_1_437' title='bbox 2130 2846 2169 2867; x_wconf 89' lang='lat' dir='ltr'>ac</span> <span class='ocrx_word' id='word_1_438' title='bbox 2196 2833 2260 2867; x_wconf 89' lang='lat' dir='ltr'>toti</span> 
     </span>
    </p>
   </div>
   <div class='ocr_carea' id='block_1_6' title="bbox 398 2901 2259 2950">
    <p class='ocr_par' dir='ltr' id='par_1_6' title="bbox 398 2901 2259 2950">
     <span class='ocr_line' id='line_1_38' title="bbox 398 2901 2259 2950; baseline -0.001 -15"><span class='ocrx_word' id='word_1_439' title='bbox 398 2903 551 2936; x_wconf 88' lang='lat' dir='ltr'>consilio</span> <span class='ocrx_word' id='word_1_440' title='bbox 581 2903 681 2947; x_wconf 83' lang='lat' dir='ltr'>regio</span> <span class='ocrx_word' id='word_1_441' title='bbox 709 2911 890 2948; x_wconf 88' lang='lat' dir='ltr'>acceptus.</span> <span class='ocrx_word' id='word_1_442' title='bbox 924 2905 1064 2938; x_wconf 87' lang='lat' dir='ltr'>Scimus</span> <span class='ocrx_word' id='word_1_443' title='bbox 1093 2906 1230 2950; x_wconf 85' lang='lat' dir='ltr'>utique,</span> <span class='ocrx_word' id='word_1_444' title='bbox 1257 2906 1326 2939; x_wconf 90' lang='lat' dir='ltr'>viri</span> <span class='ocrx_word' id='word_1_445' title='bbox 1351 2905 1639 2939; x_wconf 86' lang='lat' dir='ltr'>honoratissimi.</span> <span class='ocrx_word' id='word_1_446' title='bbox 1661 2905 1698 2938; x_wconf 93' lang='lat' dir='ltr'>in</span> <span class='ocrx_word' id='word_1_447' title='bbox 1723 2903 1923 2938; x_wconf 86' lang='lat' dir='ltr'>venerabili</span> <span class='ocrx_word' id='word_1_448' title='bbox 1953 2901 2111 2945; x_wconf 81' lang='lat' dir='ltr'>collegio</span> <span class='ocrx_word' id='word_1_449' title='bbox 2137 2906 2259 2934; x_wconf 86' lang='lat' dir='ltr'>vestro</span> 
     </span>
    </p>
   </div>
  </div>
 </body>
</html>
