2502 3418
933 335 1273 358 VanR'rULAiuUM
1309 335 1498 357 UNIVERS.
1535 335 1666 357 ranis.
2137 321 2236 358 [1452

379 328 396 359 x]

402 328 419 358 [Q

424 328 443 358 *N
426 323 429 324 ,

1167 451 1226 481 De
1248 450 1450 481 artistisw.
1482 440 1486 444 ⁵

468 544 610 577 Exactis
636 551 782 578 auctore
813 546 888 577 Deo
910 556 979 589 que
1001 545 1095 578 cirea
1116 544 1234 578 studia
1264 544 1431 589 graviora
1449 551 1566 589 vatque
1594 545 1727 589 majora
1752 543 1986 576 instauranda
2005 542 2235 583 videbantur,

372 622 610 657 consequens
627 618 682 644 est
702 618 740 644 ut
759 612 887 644 artium
909 611 1126 653 facultatem,
1144 611 1289 644 arduam
1312 611 1407 643 illam
1426 611 1570 656 quidem
1588 623 1626 644 ac
1649 610 1973 656 pernecessariam,
1990 611 2027 642 in
2044 622 2111 655 qua
2133 621 2240 654 supe-

379 677 516 710 riorum
547 678 749 711 studiorum
781 679 883 723 quasi
913 678 1028 711 moles
1055 678 1208 723 quedam
1239 677 1411 722 basisque
1441 678 1626 719 consistit,
1655 690 1765 723 super
1792 689 1897 723 quam
1928 677 2075 722 majoris
2105 676 2238 709 edificii

379 744 530 778 altitudo
561 746 763 790 consurgit,
795 745 1062 791 aggrediamur.
1092 747 1133 777 In
1165 745 1267 789 qua‘¹
1296 751 1393 778 tanto
1419 745 1524 777 etiam
1551 745 1675 778 utilior
1700 745 1908 778 reformatio
1937 744 2238 788 necessariorque

378 812 534 853 videtur,
560 819 692 857 quanto
714 812 813 845 illius
834 812 1013 845 facultatis
1039 812 1261 845 studentium
1290 818 1366 844 etas
1396 811 1536 844 infirma
1558 812 1684 857 majori
1705 812 1897 857 disciplina
1919 810 2238 856 strictioribusque

379 879 559 924 preceptis
577 886 632 912 est
651 879 926 920 conformanda,
950 879 986 911 in
1004 878 1243 923 quibuslicet
1264 878 1390 912 solerti
1411 879 1532 912 studio
1549 886 1585 912 et
1605 879 1774 924 pervigili
1795 891 1879 912 cura
1900 878 2125 912 intenderint
2144 877 2239 911 bone

379 946 551 978 memorie
574 946 871 979 reverendissimi
893 946 929 978 in
950 945 1096 979 Christo
1119 952 1239 990 patres
1259 945 1443 979 Johannes
1465 946 1559 979 tituli
1581 947 1616 980 S.
1641 946 1765 987 Marci,
1792 952 1827 979 et
1855 946 2007 990 Egidius
2036 946 2070 979 S.
2095 944 2239 978 Martini

379 1012 415 1044 in
442 1012 627 1045 Montibus
657 1013 691 1045 S.
721 1014 878 1045 Romane
909 1012 1064 1045 ecclesie
1097 1012 1300 1058 presbyteri
1328 1013 1543 1055 cardinales,
1567 1013 1666 1046 sedis
1687 1012 1887 1058 apostolice
1913 1012 2036 1058 legati,
2063 1024 2081 1045 a
2107 1011 2240 1056 quibus

379 1074 489 1107 multe
507 1074 672 1108 salubres
690 1074 785 1107 edite
803 1075 1098 1115 constitutiones,
1116 1087 1186 1120 quc
1203 1076 1239 1108 in
1255 1075 1504 1109 voluminibus
1525 1082 1739 1109 statutorum
1756 1075 1936 1108 facultatis
1957 1075 2075 1120 ipsius
2097 1074 2240 1107 redacte

378 1142 590 1183 extiterunt,
615 1142 789 1186 temporis
812 1148 928 1174 tamen
949 1142 1117 1175 condicio
1140 1149 1246 1187 atque
1267 1143 1422 1176 varietas
1444 1155 1486 1176 ex
1513 1143 1646 1188 quibus
1675 1155 1747 1176 non
1778 1143 1910 1187 injuria
1938 1148 2068 1175 statuta
2089 1141 2242 1175 alteran-

378 1215 447 1250 tur,
475 1208 628 1241 humana
659 1208 830 1254 pleraque
859 1209 1092 1251 immutanda,
1121 1210 1273 1254 quedam
1303 1210 1408 1243 etiam
1438 1210 1656 1252 innovanda,
1683 1210 1784 1255 plura
1811 1209 2044 1243 instauranda
2065 1221 2104 1242 ac
2126 1209 2241 1241 resor-

372 1275 505 1322 ‚manda
527 1276 692 1308 suadent.

465 1343 584 1375 Primo
606 1343 699 1376 circa
721 1343 804 1376 novi
827 1343 979 1376 rectoris
996 1343 1212 1376 electionem
1234 1344 1450 1377 innovamus
1467 1344 1653 1389 antiquum
1677 1344 1899 1386 statutumffl,
1918 1343 2129 1376 mandantes
2150 1342 2240 1375 illud

376 1410 412 1442 in
434 1421 499 1442 sua
518 1410 727 1455 integritate
753 1409 941 1443 observari
971 1423 1051 1443 cum
1077 1411 1296 1455 juramentis
1324 1418 1359 1444 et
1384 1411 1515 1453 modis,
1543 1418 1611 1444 tam
1641 1424 1705 1456 per
1726 1411 2073 1445 reverendissimum
2103 1416 2239 1456 patrem

377 1477 558 1509 Simonem
580 1477 716 1510 dudum
739 1477 833 1510 tituli
854 1477 888 1510 S.
914 1477 1051 1511 Cecilie
1072 1478 1325 1524 presbyterum
1348 1478 1583 1520 cardinalem,
1600 1478 1800 1524 apostolice
1821 1478 1923 1511 sedis
1944 1478 2116 1523 legatum,
2134 1489 2239 1522 quam

377 1544 481 1576 etiam
503 1555 568 1589 per
587 1543 790 1577 facultatem
813 1545 982 1589 prefatam
1006 1545 1189 1578 traditum.
1211 1545 1424 1579 Adicientes
1445 1546 1488 1578 ad
1510 1546 1684 1591 predicta,
1714 1552 1751 1578 ut
1778 1545 1897 1578 omnis
1923 1545 2070 1578 tollatur
2090 1544 2239 1586 abusus,

377 1611 473 1655 quod
495 1611 618 1644 nullus
640 1612 911 1657 magistrorum,
941 1612 984 1645 ad
1014 1613 1132 1658 ipsius
1162 1613 1316 1646 rectoris
1337 1613 1553 1646 electionem
1582 1625 1647 1658 per
1669 1613 1834 1646 nationes
1860 1612 2026 1658 singulas
2051 1612 2242 1657 deputato-

378 1691 468 1720 rum,
493 1690 724 1724 quocumque
749 1691 839 1712 ausu
866 1680 1058 1712 temerario
1080 1687 1265 1725 presumat
1285 1680 1421 1725 aliquid
1442 1681 1607 1726 accipere
1628 1681 1718 1722 auri,
1741 1680 1897 1725 argenti,
1921 1686 1981 1713 aut
2000 1679 2138 1724 aliquid
2157 1679 2243 1712 licet

377 1745 468 1778 exile
490 1757 635 1787 munus,
655 1752 693 1778 ut
713 1746 773 1778 det
788 1752 911 1779 votum
932 1758 1035 1779 suuni
1059 1747 1166 1780 alicui
1188 1747 1362 1793 magistro
1380 1754 1712 1793 quantumcumque
1733 1747 1845 1793 digno
1862 1747 1920 1781 vel
1941 1746 2106 1789 notabili,
2124 1747 2242 1791 cujus-

376 1825 529 1858 cumque
557 1813 715 1846 nationis
744 1820 805 1846 aut
839 1820 953 1846 status
984 1814 1130 1856 existat,
1162 1814 1230 1848 sub
1261 1816 1429 1860 perjurii,
1457 1815 1603 1848 infamie
1634 1821 1669 1848 et
1698 1814 2084 1848 excommunicationis
2117 1814 2239 1859 penis,

377 1892 466 1925 quas
487 1880 674 1913 incurrere
695 1880 864 1913 volumus
886 1881 966 1926 ipso
988 1882 1092 1914 facto.
1116 1882 1222 1925 Quod
1250 1894 1295 1915 ne
1316 1882 1432 1916 valeat
1461 1889 1521 1916 aut
1546 1882 1667 1927 aliqua
1699 1882 2004 1928 tergiversatione
2032 1880 2155 1921 celari,
2182 1887 2242 1914 aut

379 1946 447 1979 sub
469 1947 761 1980 dissimulatione
792 1948 952 1989 transiri,
979 1948 1148 1982 volumus
1177 1956 1331 1994 quatuor
1352 1956 1609 1995 procuratores
1630 1949 1815 1982 nationum
1839 1948 2030 1982 sollicitam
2059 1947 2167 1992 hujus
2188 1947 2240 1980 rei

378 2026 496 2046 curam
519 2026 662 2059 gerere,
682 2015 894 2048 mandantes
915 2015 990 2048 illis
1012 2015 1048 2048 in
1064 2016 1197 2049 virtute
1219 2024 1342 2050 sancte
1360 2017 1583 2059 obedientie,
1601 2023 1640 2050 ut
1659 2015 1869 2061 hujusmodi
1885 2015 2090 2049 venalitatis
2112 2014 2241 2048 sordes

377 2088 479 2114 caute
501 2088 536 2114 et
555 2081 753 2126 diligenter
773 2082 970 2127 inquirant,
1001 2089 1036 2115 et
1062 2095 1155 2128 quos
1182 2085 1387 2129 repererint
1410 2084 1649 2130 turpitudinis
1674 2083 1774 2116 illius
1795 2095 1878 2116 reos
1899 2089 2005 2128 atque
2026 2081 2239 2127 culpabiles,

379 2148 446 2181 sub
475 2149 612 2181 eisdem
642 2149 746 2194 penis
773 2149 931 2182 facultati
961 2162 1033 2182 non
1061 2150 1230 2184 differant
1258 2151 1432 2193 indicare,
1461 2151 1523 2196 qui
1553 2151 1671 2184 taliter
1693 2150 1842 2183 indicati
1869 2156 1976 2195 atque
1998 2149 2167 2190 convicti,
2190 2148 2241 2181 uti

379 2215 515 2260 perjuri
543 2222 578 2248 et
604 2216 758 2248 infames
778 2215 821 2248 ab
844 2216 1014 2250 omnibus
1036 2217 1293 2251 Universitatis
1315 2218 1529 2251 muneribus
1551 2225 1586 2251 et
1617 2217 1822 2250 honoribus
1845 2216 2081 2262 repellantur,
2107 2222 2142 2249 et
2165 2222 2242 2248 tan-

380 2294 484 2326 quam
507 2282 805 2315 exeommunicati
832 2282 875 2315 ab
897 2283 1067 2317 omnibus
1089 2284 1283 2326 evitentur,
1306 2285 1422 2318 donec
1444 2285 1487 2318 ad
1508 2285 1625 2330 ipsius
1646 2284 1827 2318 facultatis
1848 2283 2035 2317 arbitrium
2058 2282 2241 2328 condigne

381 2349 539 2382 mulctati
566 2356 671 2394 atque
699 2350 829 2394 puniti,
856 2349 899 2383 ab
921 2350 1046 2384 eadem
1072 2352 1381 2385 reconciliationis
1411 2353 1560 2398 gratiam
1587 2358 1810 2392 mereantur3
1834 2351 1899 2384 sed
1925 2363 1991 2384 nec
2019 2349 2241 2383 reconciliati

381 2416 519 2450 absolvi
541 2417 684 2461 possint
704 2416 747 2449 ab
768 2416 838 2449 alio
860 2429 965 2461 quam
986 2430 1003 2450 a
1024 2418 1241 2451 cancellario
1263 2419 1474 2461 Parisiensi,
1500 2426 1730 2464 preterquam
1752 2419 1788 2451 in
1811 2418 1936 2451 mortis
1957 2417 2121 2450 articulo.
2145 2417 2242 2460 Quo-

382 2483 475 2515 niam
504 2495 590 2516 vero
623 2483 818 2516 multorum
850 2490 884 2517 et
919 2484 990 2517 fide
1025 2485 1219 2530 dignorum
1251 2486 1365 2520 relatu
1398 2487 1642 2532 percepimus,
1675 2498 1809 2519 novum
1837 2485 2055 2530 quoddam‘³
2083 2484 2120 2516 in
2149 2483 2242 2516 dicta

381 2550 559 2583 electione
579 2550 704 2583 illicite
731 2551 908 2595 pactionis
935 2553 1090 2597 genus⁶⁵
1112 2553 1321 2598 irrepsisse,
1348 2561 1387 2587 ut
1413 2554 1591 2587 electores
1612 2553 1670 2587 vel
1701 2553 1761 2586 alii
1789 2553 1980 2586 studentes
2008 2558 2150 2584 mutuas
2172 2550 2242 2584 sibi

381 2629 508 2661 operas
530 2618 792 2662 repromittant,
818 2618 1007 2662 quosdam,
1032 2620 1093 2664 qni
1114 2620 1151 2652 in
1171 2621 1254 2665 jure
1276 2621 1490 2654 innominati
1512 2627 1718 2654 contractus
1739 2626 1926 2661 vocantur,
1950 2619 2138 2660 facientes,
2160 2632 2177 2649 «
2195 2617 2241 2651 do

381 2684 519 2716 scilicet
540 2691 575 2717 ut
597 2684 661 2717 des
680 2698 711 2726 »,
729 2691 764 2717 et
783 2685 1083 2719 condicionaliter
1103 2694 1184 2720 vota
1205 2700 1268 2721 sua
1289 2689 1521 2721 conferentes
1542 2688 1649 2721 alicui
1673 2700 1680 2720 :
1704 2688 1734 2720 si
1755 2699 1773 2720 a
1794 2686 1997 2720 fautoribus
2019 2685 2118 2718 illius
2138 2684 2242 2718 alteri

382 2763 486 2794 quem
508 2751 658 2795 cupiunt
678 2752 848 2796 suffragia
871 2759 905 2784 et
924 2759 1004 2786 vota
1026 2754 1307 2796 committantur,
1335 2755 1424 2788 tales
1452 2756 1637 2801 pactiones
1666 2762 1832 2799 tanquam
1859 2753 2004 2786 illicitas
2026 2759 2061 2785 et
2085 2752 2242 2785 detesta-

382 2816 474 2849 biles
503 2829 541 2849 ac
572 2818 684 2850 sacris
713 2818 913 2851 canonibus
944 2821 1143 2854 contrarias
1173 2822 1318 2866 penitus
1349 2822 1604 2867 reprobamuS,
1634 2834 1767 2867 easque
1798 2820 2061 2854 conventiones
2089 2819 2168 2851 fieri
2197 2818 2241 2851 de

382 2890 502 2916 cctcro
533 2884 676 2928 penitus
707 2885 969 2918 interdicimus.
1007 2888 1220 2922 Mmdantes
1248 2890 1350 2933 juxta
1379 2890 1584 2934 juramenta
1616 2889 1862 2934 predictorum
1893 2887 2152 2932 magistrorum
2182 2884 2242 2918 fiat

2499 3303 2502 3320 ..r
2491 3219 2502 3275 ...uv-
2490 3142 2502 3208 m:
2487 3018 2502 3135 *ml-mu
2488 2995 2502 3012 Δ.
2496 2965 2502 2989 -.
2498 2947 2502 2958 -
2492 2899 2502 2939 .e.·„
