2502 3418
413 333 476 365 532
986 340 1310 364 CHARTULARIUM
1346 340 1539 362 uutvssns.
1576 340 1708 363 rmus.
2189 325 2286 362 [1431

416 416 679 462 indulgentiam
702 417 790 449 certi
813 416 988 461 temporis
1013 416 1056 448 ab
1083 416 1207 449 eadem
1236 415 1433 448 serenitate
1459 414 1681 459 impetravit;
1709 421 1790 447 ante
1817 414 1921 458 cujus
1948 413 2141 445 terminum
2167 419 2288 446 vester

415 483 592 516 adventus
614 483 650 515 in
672 482 762 515 hanc
784 482 910 515 urbem
939 489 1095 515 vestram
1122 481 1365 514 Parisiensem
1394 480 1608 525 sperabatur
1635 493 1718 514 esse
1743 481 1902 514 futurus.
1927 481 2003 512 Jam
2031 491 2118 512 vero
2145 485 2287 524 tempus

415 549 506 582 illud
527 549 706 582 indultum
730 549 886 582 elabitur
911 556 946 581 et.
970 560 1142 581 crescens
1168 548 1204 580 in
1234 548 1313 580 dies
1341 547 1541 580 venerandi
1568 547 1680 592 patris
1710 546 1820 592 hujus
1849 546 1974 579 senior
2001 552 2077 578 etas
2105 545 2221 590 magis
2248 557 2287 578 ac

415 617 531 661 magis
559 617 677 662 ipsum
705 616 861 649 debilem
891 622 996 660 atque
1023 615 1260 659 impotentem
1287 614 1420 655 reddit,
1447 614 1494 647 ita
1520 621 1559 647 ut
1583 615 1620 647 in
1647 614 1816 647 facultate
1845 613 2074 646 decretorum
2103 624 2120 645 a
2147 613 2287 645 cunctis

415 683 590 716 oneribus
612 695 681 728 que
699 683 810 716 ceteri
828 683 998 715 doctores
1017 682 1208 726 perferunt
1224 687 1413 725 exemptus
1431 687 1465 713 et
1481 692 1546 726 pro
1564 681 1673 713 nimia
1690 687 1878 713 senectute
1891 686 2084 712 excusatus
2098 678 2285 719 habeatur,

415 750 594 795 singulari
616 762 760 795 quoque
782 750 910 782 affectu
933 748 1118 781 desiderat
1138 748 1230 780 illud
1247 747 1505 792 jusjurandum
1523 747 1567 780 de
1589 747 1762 780 fidelitate
1783 746 1960 780 servanda
1981 745 2285 791 quemadmodum

417 817 475 849 sui
502 824 755 849 antecessores
781 821 1054 848 consueverunt.
1078 815 1114 846 in
1141 813 1310 847 manibus
1335 821 1456 847 vestre
1479 814 1677 858 majestatis
1699 821 1879 859 prestare3
1903 813 1968 846 sed
1990 812 2198 845 nullatenus
2219 812 2288 845 iter

415 883 546 929 agendi
568 883 717 915 facultas
740 882 856 915 (latur.
880 882 1010 914 Merito
1032 887 1149 914 autem
1173 881 1466 925 compatiendum
1494 887 1529 914 et
1553 880 1819 926 indulgendum
1845 880 2063 913 arbitramur
2087 879 2286 912 infirmitati

415 951 502 983 tanti
534 949 706 990 doctoris,
742 949 802 993 qui
831 960 896 992 per
924 948 1003 980 dies
1031 947 1133 993 longi
1166 947 1342 992 temporis
1373 954 1533 980 nostram
1567 947 1847 988 Universitatem
1878 946 2056 992 singulari
2088 946 2285 991 splendore

413 1017 583 1050 virtutum
600 1023 635 1048 et
651 1015 865 1048 clarissimis
882 1014 1100 1047 illuminavit
1116 1014 1308 1047 doctrinis.
1327 1015 1453 1059 Neque
1470 1021 1606 1047 tantum
1624 1014 1745 1055 nobis,
1763 1026 1887 1047 verum
1907 1014 2011 1046 etiam
2030 1025 2145 1058 regno
2162 1019 2284 1046 vestro

415 1085 632 1116 Francorum
648 1089 683 1114 et
699 1081 898 1115 universali
916 1081 1071 1114 ecclesie
1088 1081 1125 1113 in
1141 1080 1370 1114 solemnibus
1387 1080 1635 1126 legationibus
1651 1082 1836 1114 fructuosa
1853 1092 1940 1126 sepe
1958 1091 2111 1113 numero
2128 1080 2286 1125 prestitit

413 1149 599 1194 obsequia.
623 1149 804 1194 Dignetur
820 1148 940 1193 itaque
957 1148 1058 1193 regia
1080 1148 1271 1180 clementia
1292 1159 1415 1181 secum
1439 1147 1727 1181 misericorditer
1747 1160 1856 1193 agere
1878 1148 2169 1192 etjuramentum
2186 1147 2284 1192 quod

406 1217 478 1261 jam
502 1216 538 1248 in
559 1216 704 1260 propria
726 1222 890 1260 prestare
912 1227 985 1247 non
1007 1221 1139 1260 potest,
1164 1227 1229 1259 per
1249 1215 1454 1259 quempiam
1481 1221 1669 1260 gerentem
1691 1215 1790 1248 vices
1817 1215 1896 1259 ejus
1922 1221 1957 1247 et
1981 1226 2086 1247 suum
2114 1225 2285 1259 procura-

411 1290 523 1315 torem
546 1282 749 1327 suscipere,
770 1289 830 1315 aut
851 1294 925 1315 rem
948 1282 1060 1326 ipsam
1084 1282 1120 1314 in
1141 1281 1234 1314 illud
1260 1288 1404 1326 tempus
1426 1281 1573 1314 differre
1596 1281 1853 1327 peragendam,
1878 1293 1949 1326 quo
1976 1281 2013 1313 in
2038 1280 2129 1314 hanc
2155 1280 2281 1313 urbem

409 1349 649 1382 Parisiensem
671 1349 840 1382 adveniet
860 1349 960 1394 regia
980 1355 1101 1382 vestra
1122 1348 1316 1389 celsitudo,
1339 1360 1445 1393 quam
1467 1361 1549 1381 cum
1575 1349 1816 1393 prosperitate
1839 1354 1873 1381 et
1893 1348 2028 1393 gaudio
2051 1347 2221 1381 celeriter
2241 1359 2280 1380 ac

410 1423 546 1449 mature
568 1416 662 1448 inter
683 1416 848 1460 ejusdem
870 1415 972 1448 urbis
994 1422 1095 1460 septa
1118 1427 1186 1448 nos
1206 1415 1332 1448 videre
1354 1415 1530 1448 concedat
1551 1415 1780 1448 Altissimus.

501 1536 618 1559 Minuta
633 1536 749 1558 chartac.
769 1535 794 1558 in
810 1535 888 1558 Arch.
903 1538 957 1558 nat.
976 1535 1071 1565 Paris„
1085 1536 1109 1558 M
1125 1535 1176 1564 (351²,
1192 1539 1220 1558 n⁰
1236 1536 1266 1559 84
1283 1535 1359 1564 (alins
1374 1536 1404 1558 Α.
1418 1536 1441 1558 3.
1455 1537 1528 1564 nnn).
1543 1549 1574 1552 —
1588 1535 1660 1558 ,lunii
1682 1535 1718 1563 13,
1733 1543 1776 1558 an.
1799 1535 1868 1564 1430,
1888 1543 1934 1558 rex
1952 1534 2062 1558 Parisiis
2082 1534 2285 1566 exspectabatur

409 1581 542 1610 (Journal
551 1581 621 1604 d'un
632 1580 785 1610 bouvyeois,
802 1588 829 1611 p.
846 1581 899 1608 255,
914 1583 968 1603 not.
985 1581 1018 1609 3).
1036 1580 1086 1603 Sed
1102 1580 1268 1603 solummodo
1285 1580 1356 1609 1431,
1372 1579 1493 1602 Decemb.
1506 1580 1530 1608 2,
1544 1579 1615 1602 venit
1626 1579 1689 1608 (vid.
1702 1579 1777 1607 ibid„
1791 1588 1817 1610 p.
1832 1579 1897 1609 274).
1911 1579 1984 1602 Infra
1993 1579 2042 1602 hoc
2053 1582 2157 1610 tempus
2172 1578 2286 1610 epistola

408 1625 507 1656 scripta
523 1628 571 1648 est.
588 1626 635 1649 An.
659 1625 726 1653 1432,
750 1624 882 1656 Septemb.
904 1625 942 1649 15.
962 1624 1096 1647 Johannes
1117 1624 1148 1647 de
1171 1624 1320 1647 Servuvilla
1340 1624 1476 1647 abhatiam
1493 1624 1549 1655 jum
1568 1623 1704 1647 amiserat.
1728 1624 1786 1647 Vid.
1806 1628 1836 1646 n⁰
1855 1624 1924 1652 2267,
1941 1627 1996 1647 not.
2018 1624 2040 1647 1.
2066 1623 2131 1647 Cum
2150 1631 2192 1647 an.
2214 1624 2284 1651 1429,

408 1669 500 1693 Octob.
517 1670 553 1695 21,
572 1670 604 1692 nd
620 1669 809 1692 monasterium
824 1670 850 1692 S.
868 1669 951 1692 Mauri
965 1669 1111 1692 translatus
1128 1669 1232 1698 fuisset,
1244 1669 1423 1700 juramentum
1439 1668 1575 1692 fidelitatis
1591 1672 1729 1700 praestare
1741 1668 1841 1692 debuit.

409 1877 552 1913 2399.
577 1895 591 1911 «
614 1888 777 1921 Sequuntur
790 1886 993 1911 instructiones
1009 1885 1144 1911 concluse
1156 1894 1211 1921 per
1229 1885 1446 1911 Universitatem
1459 1885 1567 1918 Paris„
1586 1885 1724 1919 magistro
1736 1884 1856 1910 Nicolao
1870 1884 1952 1918 Midi,
1968 1893 2051 1910 sacre
2067 1884 2207 1919 theologie
2217 1892 2283 1920 pro-

495 1936 610 1969 fessori,
630 1934 746 1968 tradite,
763 1935 812 1970 qui
828 1934 934 1960 electus
950 1938 993 1960 est
1007 1933 1047 1960 ad
1056 1934 1273 1970 proponendum
1285 1934 1314 1960 in
1327 1934 1478 1970 presentia
1491 1933 1600 1959 domini
1614 1934 1706 1959 nostri
1716 1934 1792 1968 regis
1808 1933 1837 1959 in
1852 1933 1975 1959 adventu
1986 1942 2037 1959 suo
2049 1942 2102 1969 pro
2111 1937 2196 1969 parte
2207 1933 2283 1960 dicte

502 1984 700 2009 Universitalis
723 1993 738 2009 »

1562 2037 1632 2065 7437.
1648 2036 1764 2062 Decemb.
1781 2036 1864 2066 10-16,
1879 2037 1996 2063 Parisii&

497 2147 615 2180 Primo
645 2148 840 2181 declarabit
872 2148 1056 2193 quomodo
1085 2148 1311 2181 Universitas
1335 2148 1497 2192 predicta
1518 2147 1654 2192 gaudet
1678 2153 1714 2179 et
1732 2146 1865 2180 letatur
1888 2147 1925 2179 in
1948 2147 2107 2180 adventu
2129 2147 2282 2192 predicti

409 2214 545 2246 domini
568 2215 682 2247 nostri
705 2215 817 2260 regis,
841 2221 875 2247 et
896 2227 970 2247 non
992 2214 1188 2255 immerito,
1211 2221 1285 2247 tum
1307 2214 1390 2259 quia
1414 2214 1514 2248 videt
1534 2214 1570 2246 in
1591 2213 1654 2246 illo
1677 2213 1880 2247 clarescere
1897 2213 2120 2247 excellentes
2142 2214 2283 2259 perfec-

410 2281 527 2314 tiones
549 2282 627 2326 regi
649 2288 684 2314 et
699 2282 855 2326 principi
877 2281 1054 2314 catholico
1078 2281 1340 2314 convenientes
1362 2288 1398 2314 et
1418 2281 1659 2321 necessarias,
1681 2287 1766 2325 puta
1788 2281 2031 2313 sinceritatem
2051 2280 2149 2322 fidei,
2171 2281 2282 2314 devo-

410 2347 557 2389 tionem,
576 2348 820 2381 obedientiam
839 2349 883 2381 ad
902 2350 1016 2381 Deum
1033 2355 1069 2380 et
1085 2347 1291 2389 ecclesiam,
1309 2347 1426 2380 zelum
1438 2348 1602 2392 justicie.
1621 2347 1869 2389 clemenciam,
1889 2347 2192 2389 misericordiam,
2210 2354 2279 2380 etc.

409 2413 637 2458 hujusmodi,
661 2415 746 2447 item
769 2415 851 2459 quia
873 2415 953 2460 ipse
979 2421 1035 2448 est
1060 2421 1173 2460 pater,
1196 2421 1372 2459 patronus
1397 2421 1433 2447 et
1462 2421 1559 2447 tutor
1584 2414 1846 2460 singulareque
1871 2414 2051 2459 refugium
2075 2414 2170 2447 dicte
2192 2414 2281 2448 Uni-

408 2481 604 2522 versitatis,
627 2493 697 2526 que
719 2488 774 2514 est
795 2482 881 2514 dicti
905 2481 1043 2514 domini
1064 2481 1182 2514 nostri
1205 2481 1305 2526 regis
1325 2480 1399 2513 filia
1424 2481 1680 2526 primogenita,
1703 2481 1741 2513 in
1766 2482 1871 2526 cujus
1896 2480 2059 2514 absentia
2084 2481 2152 2514 fuit
2176 2481 2280 2526 quasi

409 2547 567 2592 orphana
583 2554 618 2581 et
633 2548 753 2589 vidua,
768 2561 841 2581 non
857 2548 996 2581 habens
1012 2548 1236 2593 singularem
1254 2554 1289 2581 et
1305 2547 1501 2593 specialem
1516 2554 1759 2593 protectorem
1777 2548 1814 2580 in
1831 2548 1908 2581 suis
1924 2548 2090 2593 agendis,
2109 2547 2280 2593 quodque

410 2614 445 2645 in
467 2615 649 2658 presentia
671 2615 835 2659 ejusdem
857 2616 936 2660 ipsa
958 2615 1187 2649 Universitas
1209 2614 1408 2648 declarabit
1429 2627 1494 2648 sua
1513 2615 1736 2660 gravamina,
1757 2626 1822 2660 pro
1844 2627 1915 2659 quo
1936 2615 2026 2660 petit
2046 2614 2278 2656 audientiam,

409 2686 443 2712 et
460 2687 580 2725 sperat
596 2681 693 2725 quod
711 2682 805 2714 idem
825 2682 995 2715 dominus
1012 2688 1139 2715 noster
1154 2681 1322 2715 tractabit
1339 2681 1499 2726 benigne
1517 2688 1552 2714 et
1568 2681 1816 2715 favorabiliter
1831 2682 1961 2715 dictam
1984 2681 2277 2722 Universitatem,

409 2746 515 2779 sicuti
536 2747 702 2780 fecerunt
722 2759 829 2793 reges
852 2749 913 2793 qui
935 2761 1017 2781 eum
1038 2755 1311 2793 precesserunt.

495 2813 595 2853 Item,
620 2814 702 2857 quia
723 2815 876 2859 percipit
898 2815 995 2859 quod
1016 2815 1053 2847 in
1075 2827 1117 2848 eo
1145 2815 1329 2849 excellens
1357 2815 1493 2848 bonurn
1519 2827 1584 2860 pro
1611 2814 1872 2848 christianitate
1894 2819 1972 2856 [est]
1999 2814 2219 2856 inchoatum,
2241 2815 2279 2848 in

407 2890 477 2922 quo
505 2879 575 2911 duo
603 2891 714 2924 regna
740 2888 824 2913 sunt
852 2882 962 2922 unita,
986 2894 1056 2926 que
1075 2882 1184 2927 [prius
1212 2883 1361 2915 fuerunt
1389 2882 1505 2916 divisa
1533 2889 1567 2915 et
1595 2882 1852 2923 discordantia,
1878 2881 1975 2915 unde
2000 2893 2147 2927 guerre,
2169 2881 2277 2923 bella,
