2502 3418
239 319 334 355 1432]
584 333 631 354 ΑΒ
666 332 771 354 ANNO
807 331 1093 354 MCCCLxxxxiv
1130 332 1259 359 usouss
1294 332 1342 354 AD
1376 332 1514 354 ANNUM
1549 332 1752 355 mccccnn.
2036 324 2098 356 547

237 452 381 490 2420.
405 471 419 486 «
442 462 646 488 Inslrucliones
658 462 900 488 amhassiatcrnm
913 470 949 487 ex
958 465 1043 496 parte
1059 461 1258 487 Universitatis
1273 462 1506 487 transmissorum
1523 462 1604 497 apud
1620 462 1757 488 illustrem
1772 463 1940 498 principem,
1956 463 2098 488 dominum

325 510 422 536 ducem
440 511 612 546 Burgundie.
627 521 641 536 ›>

1497 565 1570 594 7432,
1588 565 1682 594 Octob„
1699 565 1812 590 Parisiis.

325 671 458 710 Primo,
481 682 545 703 sue
567 670 811 703 dominacioni
833 670 967 702 illustri
991 670 1271 703 Uuiversitatem
1294 670 1482 703 humiliter
1504 670 1822 710 conunendabuut,
1851 670 1966 702 eidem
1999 683 2099 703 revo-

238 737 394 770 renciam
418 744 450 769 ct
469 737 643 769 honorem
666 736 774 769 solito
797 743 831 770 et
851 736 1052 781 approbato
1074 749 1174 769 more
1197 749 1239 769 ex
1256 737 1518 770 sincerissimis
1540 736 1730 769 affectibus
1752 736 1970 769 exhibendo.

326 804 479 844 Deinde,
509 803 551 836 ad
588 803 770 836 materiam
809 815 873 836 sue
899 803 1101 848 legacionis
1137 803 1418 844 descendentes,
1456 810 1639 848 exponent
1672 804 1765 848 apud
1792 816 1892 836 suam
1923 804 2099 836 excelsam

237 870 526 903 dominacionem
548 869 591 902 ab
614 870 691 913 ipsa
714 870 960 903 Universitate
983 882 1021 903 se
1043 882 1125 903 esse
1143 871 1393 911 transmissos,
1416 870 1459 903 ad
1477 870 1780 903 manifestandum
1800 877 1834 903 et
1850 870 2100 915 explicandum

237 937 505 970 desolacionem
525 943 703 981 patentem
722 936 831 981 hujus
848 937 1143 970 christianissimi
1166 937 1283 981 regni,
1303 937 1494 981 presertim
1514 937 1616 969 urbis
1634 937 1864 978 parisiensis,
1883 937 2103 970 calamitates

238 1005 446 1041 immensas,
460 1003 722 1036 etasssictiones
735 1016 949 1037 numerosas
967 1004 1124 1049 populi¹,
1140 1016 1204 1036 sue
1221 1004 1474 1048 prosperitatis
1490 1004 1719 1037 inclitissime
1735 1004 1903 1037 fidissimi
1920 1004 2101 1037 zelatoris.

238 1073 340 1112 ltem,
363 1077 397 1103 et
417 1070 637 1103 calamitates
659 1070 803 1103 easdem
827 1071 1000 1115 precipue
1023 1071 1163 1103 causari
1180 1071 1255 1103 visa
1278 1077 1334 1103 est
1354 1071 1645 1103 adversariorum
1669 1071 1907 1115 presumptio,
1931 1078 2102 1116 operante

237 1137 407 1170 videlicet
438 1137 554 1170 hostis
588 1137 725 1182 antiqui
756 1138 935 1178 versucia,
975 1144 1123 1182 propter
1157 1138 1317 1178 nimiam,
1349 1144 1387 1170 ut
1417 1138 1579 1170 creditur
1607 1137 1869 1178 verisimiliter,
1899 1138 2101 1183 principum

236 1204 345 1249 hujus
367 1204 471 1249 regni
494 1203 563 1237 sibi
585 1204 739 1237 invicem
760 1204 1084 1248 ffconfederatorum
1113 1204 1382 1249 elongationem
1412 1211 1445 1236 et
1472 1205 1731 1242 remocionem,
1759 1217 1883 1237 eorum
1907 1206 2104 1237 communi-

236 1272 420 1304 cacionem
457 1283 681 1315 suorumque
718 1271 956 1304 conciliorum
995 1271 1291 1316 [iinpedientein],
1316 1278 1348 1303 et
1374 1272 1562 1315 signanter
1584 1271 1739 1303 illustris
1766 1271 1942 1316 principis
1969 1272 2104 1304 domini

239 1339 399 1383 regentis
422 1338 570 1371 Francie
592 1345 627 1371 et
648 1338 811 1383 ejusdem
836 1350 900 1371 sue
923 1339 1184 1371 dominationis
1206 1338 1449 1374 inclitissime,
1474 1339 1568 1370 inter
1594 1350 1685 1382 quos
1708 1345 1921 1382 perpetuum
1945 1339 2051 1371 sedus
2074 1346 2104 1371 et

237 1411 395 1438 eternam
427 1405 639 1446 amiciciam,
674 1412 796 1450 preter
825 1406 1027 1438 virtuosum
1061 1405 1175 1438 zelum
1211 1405 1354 1450 publice
1388 1405 1530 1445 salutis,
1560 1404 1757 1437 naturalem
1792 1405 2037 1449 colligantiam
2074 1413 2107 1438 et

237 1472 445 1505 affinitatem
467 1473 659 1505 fraternam
684 1472 888 1505 solidasse²
915 1472 1088 1517 gaudebit
1111 1472 1214 1517 plebs
1237 1472 1369 1508 fidelis,
1395 1479 1426 1504 ct
1449 1471 1660 1516 hujusmodi
1688 1484 1817 1504 nexum
1842 1472 2105 1505 solidissimum

239 1539 484 1572 formidabunt
499 1539 698 1572 adversarii
721 1539 813 1572 ultra
834 1539 994 1571 modum.

327 1607 428 1646 ltem,
452 1613 487 1639 et
509 1606 604 1639 circa
626 1613 740 1638 tantas
763 1606 979 1651 populorum
1004 1613 1037 1639 et
1060 1606 1164 1650 regui
1186 1606 1404 1639 afflictiones
1431 1606 1722 1638 animadvertens
1747 1606 1986 1646 Universitas,
2010 1606 2104 1650 quod

238 1673 389 1706 salutem
419 1673 597 1718 publicam
630 1685 672 1706 ex
703 1673 933 1718 professione
962 1674 1105 1718 propria
1127 1673 1220 1717 apud
1244 1685 1496 1717 quoscumque
1523 1684 1719 1717 procurare
1746 1672 1890 1705 solitum
1923 1679 1989 1712 est,
2019 1672 2109 1705 deli-

239 1739 378 1773 beravit
399 1746 432 1772 et
454 1740 634 1773 conclusit
657 1740 827 1785 prefatam
850 1740 1028 1772 dictorum
1054 1740 1256 1785 principum
1282 1740 1564 1772 collocutionem
1588 1746 1620 1771 ct
1643 1739 2008 1772 communicationem
2038 1739 2106 1771 sibi

239 1807 502 1840 neccessariam
525 1807 636 1840 visam
655 1819 737 1840 esse
755 1807 798 1840 ad
820 1807 1044 1840 sedationem
1067 1807 1307 1840 calamitatum
1330 1807 1551 1839 carumdem.

327 1875 429 1914 Item,
448 1881 482 1906 et
503 1874 639 1906 idcirco
661 1874 755 1918 apud
778 1886 877 1907 suam
901 1874 986 1906 dicti
1010 1874 1186 1918 principis
1208 1873 1432 1919 magnificam
1459 1880 1492 1905 et
1516 1873 1712 1917 preclaram
1738 1873 2020 1905 dominationem
2044 1885 2109 1917 per

238 1952 324 1973 suos
338 1940 523 1973 solemnes
535 1940 817 1973 ambassiatores
830 1941 906 1985 ipsa
927 1941 1154 1973 Universitas
1172 1941 1380 1973 instandum
1399 1940 1572 1975 decrevit,
1587 1940 1630 1971 ad
1648 1951 1777 1983 operas
1796 1939 1941 1983 publice
1959 1940 2106 1983 quietis,

237 2014 416 2052 quatenus
456 2008 616 2052 prefatus
651 2008 824 2052 princeps
854 2007 1010 2040 illustris
1042 2020 1120 2040 cum
1163 2007 1291 2039 codem
1323 2007 1470 2039 domino
1504 2013 1654 2051 regente
1684 2006 1833 2038 Francie
1866 2006 2108 2050 personaliter

237 2075 440 2114 conveniat,
465 2081 499 2107 et
519 2081 640 2107 mutua
662 2074 845 2119 colloquia
867 2081 900 2107 ct
922 2074 1075 2107 concilia
1097 2074 1365 2107 communicare
1390 2086 1462 2106 non
1486 2079 1677 2118 postponat
1701 2073 1743 2105 ad
1767 2079 1861 2105 tante
1884 2073 1935 2105 rei
1962 2073 2104 2106 felicem

237 2141 607 2174 consummacionem.
632 2142 671 2173 Et
695 2141 789 2173 diem
808 2148 843 2173 et
864 2148 1006 2185 tempus
1024 2141 1180 2181 ordinet,
1205 2148 1271 2173 etc.

326 2209 427 2247 Item,
451 2214 484 2240 et
505 2220 550 2240 ne
572 2208 653 2240 talis
675 2208 959 2240 communicacio
982 2220 1020 2240 ac
1042 2208 1253 2252 prolocucio
1276 2207 1319 2240 ad
1347 2207 1438 2239 fines
1460 2207 1631 2239 sinistros
1655 2206 1803 2238 tendere
1821 2205 1878 2238 vel
1900 2206 2021 2250 vagari
2042 2206 2104 2238 de—

237 2275 326 2307 foris
348 2275 505 2307 inaniter
522 2287 585 2319 per
606 2274 748 2307 emulos
769 2282 965 2313 asseratur,
983 2275 1099 2307 visum
1123 2281 1178 2307 cst
1200 2274 1434 2307 Universitati
1458 2274 1573 2306 eidem
1599 2273 1663 2305 tria
1682 2279 1825 2317 puncta,
1848 2273 2104 2305 concernentia

238 2341 486 2386 principaliter
508 2342 664 2386 quietem
689 2341 883 2386 publicam,
907 2342 942 2374 in
959 2341 1023 2374 hac
1047 2342 1250 2386 principum
1274 2341 1522 2373 convencione
1545 2340 1680 2372 debere
1704 2340 1857 2372 tractari.

327 2409 497 2449 Primum,
523 2415 560 2440 ut
580 2421 658 2441 cum
682 2408 920 2441 adversariis³
944 2409 1042 2453 regis
1064 2415 1097 2441 ct
1120 2409 1221 2453 regni
1246 2420 1311 2452 pax
1333 2414 1505 2452 perpetua
1530 2413 1757 2451 1)1'*()curetu1²,
1781 2406 1898 2438 medio
1926 2413 2101 2439 certarum

238 2475 460 2508 oblationum
484 2487 586 2519 quas,
614 2487 678 2520 per
705 2482 882 2508 maturum
912 2476 1105 2508 concilium
1129 2474 1315 2507 amborum
1344 2474 1545 2519 principum
1576 2474 1750 2518 digestas,
1784 2473 1954 2505 dominus
1981 2479 2106 2505 noster

238 2554 299 2574 rex
317 2542 453 2574 eisdem
473 2542 691 2574 adversariis
713 2543 844 2575 offerre
862 2549 896 2575 et
913 2542 1121 2582 observare,
1146 2548 1317 2586 (plantum
1341 2541 1376 2573 in
1399 2553 1437 2573 se
1455 2541 1575 2580 suerit,
1600 2552 1671 2572 non
1694 2539 1857 2572 tardabit.

286 2636 288 2638 ,
326 2610 359 2641 2⁰
383 2608 450 2642 Ubi
473 2608 676 2641 desiderate
701 2609 799 2654 pacis
826 2609 1014 2642 conclusio
1038 2609 1149 2653 prima
1178 2609 1266 2640 facie
1289 2607 1445 2640 obtineri
1468 2619 1539 2639 non
1562 2607 1787 2650 valerct'per
1813 2606 1929 2638 media
1955 2608 2101 2651 prefata.

238 2676 344 2708 dictis
367 2675 588 2708 adversariis
610 2676 808 2717 offerenda,
832 2676 938 2721 longa
964 2676 1081 2708 saltim
1109 2687 1323 2720 guerrarum
1352 2673 1590 2714 abstinencia,
1615 2680 1741 2717 treuga
1769 2673 1992 2706 solidissima
2020 2686 2103 2718 pro-

238 2749 397 2783 curetur,
423 2754 492 2787 qua
516 2742 695 2775 mediante
717 2743 863 2775 afssictio
887 2743 1010 2788 populi
1037 2742 1295 2786 suspendatur,
1325 2748 1356 2773 ct
1379 2742 1483 2785 cujus
1502 2740 1620 2772 medio
1643 2746 1819 2784 tempore⁷
1842 2740 1963 2772 divina
1984 2741 2102 2785 gracia

239 2809 457 2849 illustrante,
481 2809 598 2841 media
617 2809 714 2853 pacis
738 2816 910 2854 perpetue
932 2809 1067 2854 jugiter
1085 2809 1354 2853 perquirantur.

327 2877 360 2908 3⁰
382 2877 422 2908 Et
441 2875 471 2908 si
494 2876 697 2920 principum
720 2883 754 2908 et
775 2877 1012 2909 conciliorum
1030 2876 1239 2908 eorumdem
1259 2874 1458 2907 celebrium
1477 2874 1721 2906 advisamenta
1740 2874 1987 2907 sincerissima
2009 2875 2102 2919 apud
