2502 3418
401 351 466 383 424
979 358 1297 380 CHARTULARIUM
1333 357 1522 379 uuivaas.
1559 356 1688 378 rmus.
2163 341 2262 378 [1423

938 475 1140 506 Pnocssssus
1171 483 1303 505 CONTRA
1331 474 1519 505 J011ANNEM
1547 473 1729 503 DOMREMI.

1155 579 1285 610 (Continet
1300 583 1339 602 n⁰⁵
1353 579 1507 609 2228-2231.)

404 669 548 706 2228.
571 688 586 704 «
605 679 759 704 Processus
774 680 871 712 factus
887 681 914 703 et
933 677 1088 713 completus
1101 686 1154 713 per
1168 676 1339 711 facultatem
1360 675 1499 701 medicine
1514 678 1613 701 contra
1632 674 1789 700 Johannem
1812 673 1946 699 Donremi
1961 677 1988 699 et
2002 672 2111 699 similes
2127 672 2265 699 abusores

489 728 685 763 praclicantes
700 728 835 753 Par-isius
851 727 879 753 in
893 727 1036 753 medicina
1052 726 1162 752 illicite,
1180 735 1195 751 »

1642 761 1717 789 7423,
1733 760 1794 785 dolii
1806 760 1851 788 22,
1867 759 1981 785 Parisiis.

495 853 558 885 Die
575 853 672 897 jovis
693 853 777 897 xxij³
793 853 877 885 Julii
900 852 982 885 anni
1005 851 1147 883 Domini
1170 850 1355 883 millesimi
1372 849 1530 883 CCCCmi
1541 849 1661 881 XXIII
1683 854 1904 893 congregata
1920 848 1986 880 fuit
2006 847 2156 880 facultas
2172 847 2266 892 apud

406 920 573 953 Sanctum
597 920 814 952 Maturinum
837 931 901 964 per
926 918 1089 951 cedulam
1119 924 1152 950 et
1183 929 1247 962 per
1268 917 1434 949 bedellos
1463 917 1556 949 dicte
1584 915 1765 949 facultatis
1791 927 1901 960 super
1922 914 2065 948 duobus
2091 914 2266 948 articulis.

405 987 546 1020 Primus
567 987 633 1019 fuit
660 986 702 1019 ad
734 986 1003 1031 reprimendum
1031 985 1267 1030 quorumdam
1296 984 1432 1017 abusus
1463 984 1698 1028 denigrantes
1723 982 1899 1015 honorem
1923 982 2115 1023 facultatis,
2138 988 2173 1015 et
2197 988 2267 1015 sta-

405 1054 578 1086 tuendum
602 1065 712 1098 super
733 1053 820 1094 illis⁷
843 1054 872 1086 si
895 1065 987 1098 opus
1009 1053 1132 1085 erit....
1157 1052 1334 1097 Exposuit
1354 1063 1473 1084 coram
1494 1050 1661 1084 facultate
1683 1050 1856 1095 magister
1877 1049 2086 1083 Bernardus
2106 1049 2266 1091 Nivardi,

405 1127 489 1153 tunc
520 1120 679 1153 decanus
708 1120 802 1153 dicte
832 1120 1028 1160 facultatis,
1058 1119 1213 1164 qualiter
1241 1119 1384 1164 quidam
1416 1117 1608 1151 cabusator
1634 1117 1761 1150 illicite
1794 1117 1995 1162 practicans
2025 1117 2062 1149 in
2089 1116 2266 1150 medicina

405 1188 579 1227 Parisius,
602 1187 747 1220 nomine
768 1187 952 1220 Johannes
981 1187 1166 1224 Donremi,
1194 1199 1266 1219 non
1289 1193 1481 1219 contentus
1510 1197 1722 1231 presumere
1744 1196 1914 1218 exercere
1942 1184 2131 1230 practicam
2154 1183 2268 1216 medi-

404 1254 484 1287 cine
505 1255 616 1287 Paris.
636 1254 812 1295 indebite7
830 1254 1024 1287 simulante
1041 1261 1076 1286 et
1092 1254 1186 1295 ficte7
1205 1253 1387 1286 nitebatur
1409 1260 1444 1286 et
1463 1253 1564 1286 visus
1586 1259 1640 1285 est
1662 1252 1713 1285 uti
1734 1252 1939 1285 scolaritate
1962 1251 2055 1285 dicte
2074 1251 2266 1284 facultatis.

405 1321 544 1354 Idcirco
566 1321 774 1366 provideret
796 1321 959 1362 facultas,
978 1327 1112 1354 attento
1130 1321 1227 1366 quod
1248 1321 1310 1353 ille
1332 1327 1387 1353 cst
1408 1332 1521 1365 purus
1542 1320 1664 1365 laycus
1685 1331 1869 1365 ygnorans
1889 1319 2046 1359 litteras3
2070 1330 2181 1364 super
2196 1330 2268 1364 quo

403 1388 554 1421 articulo
576 1388 726 1421 facultas
757 1388 924 1433 pluribus
950 1388 1080 1421 diebus
1111 1395 1146 1421 et
1168 1387 1310 1421 vicibus
1340 1388 1524 1433 contiguis
1556 1388 1634 1420 sine
1664 1386 1933 1432 interruptione
1962 1386 2101 1419 dierum
2132 1392 2270 1419 matura

405 1455 667 1488 deliberatione
689 1462 723 1488 et
749 1455 922 1488 concordi
950 1456 1109 1488 omnium
1140 1455 1395 1500 magistrorum
1425 1454 1604 1488 facultatis
1636 1454 1847 1498 regencium
1878 1460 1913 1487 et
1940 1466 2013 1486 non
2042 1453 2267 1499 regendum,

403 1522 582 1555 conclusit
603 1534 672 1567 que
695 1528 910 1567 sequuntur,
938 1521 1198 1555 inviolabiliter
1219 1522 1446 1555 observanda
1468 1528 1503 1555 et
1524 1534 1588 1567 per
1609 1521 1753 1554 modum
1776 1520 1899 1554 statuti
1922 1532 1929 1553 z

492 1589 610 1622 Primo
631 1589 782 1622 facultas
806 1589 986 1622 medicine
1012 1589 1171 1622 declarat
1193 1589 1393 1623 Johannem
1417 1589 1604 1629 Donremi,
1632 1589 1714 1633 quia
1742 1588 1867 1621 illicite
1894 1587 2064 1633 praelicat
2085 1594 2120 1620 et
2145 1587 2269 1620 illitte-

401 1662 498 1689 ratus
521 1663 586 1697 est7
615 1663 791 1701 perpetuo
821 1657 1059 1689 resecandum
1089 1669 1106 1689 a
1136 1656 1318 1697 facultate,
1348 1663 1382 1689 et
1411 1657 1456 1690 de
1486 1657 1578 1689 facto
1607 1656 1761 1689 eundem
1789 1655 1988 1689 Johannem
2020 1661 2196 1700 perpetuo
2223 1653 2268 1687 ab

404 1723 527 1755 eadem
550 1723 717 1756 facultate
739 1723 782 1756 ab
804 1723 902 1756 omni
923 1723 1062 1756 honore
1083 1730 1119 1756 et
1144 1723 1348 1756 scolaritate
1374 1724 1410 1756 iu
1432 1723 1524 1756 dicta
1546 1723 1712 1756 facultate
1734 1723 1849 1768 privat
1869 1729 1975 1767 atque
1998 1728 2149 1763 resecat,
2171 1728 2207 1754 et
2225 1721 2269 1754 ab

405 1790 502 1822 omni
526 1790 712 1835 juvamine
741 1797 776 1823 et
804 1790 1034 1823 libertatibus
1064 1791 1257 1824 facultatis.
1290 1792 1445 1836 Insuper
1471 1790 1630 1823 declarat
1658 1790 1812 1823 eundem
1840 1789 2040 1823 Johannem
2073 1788 2268 1822 inhabilem

404 1858 592 1903 suscipere
614 1857 855 1891 scolaritatem
877 1858 912 1890 in
935 1858 1027 1890 dicta
1048 1858 1215 1891 facultate
1237 1859 1423 1903 perpetuis
1444 1857 1683 1903 temporibus.

495 1925 662 1958 Secundo
692 1925 860 1970 prohibet
892 1925 1041 1958 facultas
1071 1938 1135 1970 per
1162 1925 1308 1958 modum
1337 1926 1459 1958 statuti
1490 1925 1660 1958 omnibus
1688 1925 1872 1970 magistris
1894 1923 2107 1970 regentibus
2133 1930 2169 1957 et
2196 1935 2270 1957 non

406 1992 634 2037 regentibus,
656 1991 845 2025 bacalariis
867 1999 902 2025 et
922 1992 1125 2025 scolaribus
1147 1999 1183 2025 et
1205 1992 1374 2026 omnibus
1397 1993 1528 2037 juratis
1549 1992 1741 2033 facultatis,
1760 2004 1804 2025 ne
1826 1992 2066 2037 quovismodo
2087 1991 2270 2025 associent

406 2060 540 2092 dictum
562 2059 825 2101 cabusatorem,
850 2072 915 2093 nec
938 2060 1113 2105 recipiant
1142 2061 1178 2092 in
1207 2060 1284 2093 suis
1305 2060 1538 2101 lectionibus,
1565 2066 1599 2093 et
1620 2059 1760 2092 similes
1781 2059 1906 2092 illicite
1928 2059 2179 2104 practicantes,
2201 2058 2270 2091 sub

406 2138 496 2171 pena
524 2127 675 2172 perjurii
704 2133 739 2159 et
766 2134 941 2172 perpetue
963 2127 1202 2160 resecationis
1230 2139 1352 2160 eorum
1382 2128 1443 2172 qui
1473 2133 1596 2160 contra
1622 2133 1829 2172 presentem
1857 2126 2123 2159 ordinationem
2144 2125 2270 2160 venire

405 2194 696 2238 presumpserint
716 2206 734 2227 a
755 2194 848 2227 dicta
870 2194 1050 2227 facultate.

494 2260 623 2293 Tercio
640 2261 822 2294 conclusit
842 2268 877 2294 et
898 2261 1079 2295 ordinavit
1098 2262 1248 2294 facultas
1265 2261 1374 2306 quod⁷
1394 2262 1476 2306 quia
1497 2261 1615 2294 dictus
1632 2261 1824 2294 cabusator
1838 2262 1949 2306 jactat
1969 2272 2008 2294 se
2024 2259 2158 2293 habere
2178 2260 2270 2293 litte-

406 2339 479 2359 ram
501 2327 716 2361 scolaritatis
738 2340 755 2360 a
777 2328 931 2372 quodam
954 2329 1126 2373 magistro
1150 2335 1313 2373 regente,
1332 2328 1473 2361 scilicet
1492 2340 1510 2360 a
1531 2328 1705 2373 magistro
1727 2329 1833 2361 Petro
1855 2327 2010 2369 Brachii,
2029 2334 2064 2360 et
2083 2327 2151 2360 hoc
2167 2326 2270 2360 cedat

406 2394 449 2426 ad
479 2395 696 2439 vituperium
729 2396 908 2428 facultatis
941 2402 1063 2428 contra
1096 2402 1258 2428 tenorem
1293 2402 1506 2428 statutorum
1540 2395 1736 2437 facultatis,
1767 2395 1865 2440 quod
1896 2394 2118 2440 quamcicius
2150 2394 2269 2427 dictus

407 2472 539 2505 regens
564 2462 705 2494 veniret
734 2463 907 2503 Parisius,
937 2469 1123 2495 teneretur
1153 2474 1362 2507 comparere
1389 2474 1509 2495 coram
1539 2462 1705 2495 facultate
1734 2462 1777 2495 ad
1809 2462 2035 2507 purgandum
2067 2473 2106 2494 se
2134 2461 2177 2494 ab
2207 2461 2268 2494 tali

406 2528 575 2572 imposito
598 2529 728 2570 eidem,
748 2541 791 2561 ne
813 2530 925 2562 ceteri
947 2536 1117 2574 regentes
1139 2530 1279 2562 similes
1300 2529 1438 2562 litteras
1460 2528 1676 2562 scolaritatis
1698 2529 1880 2562 similibus
1900 2527 2177 2562 cabusatoribus
2199 2534 2269 2561 tra-

407 2594 492 2626 dere
515 2602 734 2639 presumant.

500 2692 643 2715 Comment.
660 2694 709 2716 sac.
726 2694 804 2723 med.y
822 2694 840 2723 1,
858 2703 883 2725 p.
900 2695 953 2718 260.
