2502 3418
283 314 378 351 1437]
631 328 677 349 AB
711 327 816 349 ,nuno
851 326 1140 349 Mcchxxxxw
1173 327 1303 355 USQUE
1335 328 1382 348 An
1417 328 1555 349 ANNUM
1590 329 1795 351 MCCCCL11.
2085 323 2150 355 595

280 400 465 434 Johannes
488 402 532 434 de
553 401 736 434 Subfurno
758 400 969 434 nominibus
991 400 1126 445 quibus
1148 412 1270 445 supra,
1294 408 1472 445 quatenus
1494 402 1679 446 predictos
1700 403 1929 449 chirurgicos
1951 412 1986 437 et
2006 412 2148 439 ceteros

282 468 318 500 in
334 468 495 501 futurum
517 469 553 500 in
574 474 649 501 arte
666 467 851 513 chirurgie
873 474 981 512 prout
1001 467 1106 500 decet
1120 467 1352 512 approbatos,
1373 475 1540 512 reputare
1563 468 1736 510 scolares,
1755 482 1793 502 ac
1811 471 1911 515 ipsos
1929 471 2147 516 privilegiis,

281 534 504 575 franchisiis,
532 534 763 568 libertatibus
798 541 832 567 et
853 533 1143 567 immunitatibus
1172 534 1279 567 nobis
1300 535 1490 568 concessis
1519 542 1552 568 et
1578 536 1825 569 concedendis
1847 538 1897 569 uti
1919 544 1953 570 et
1974 538 2146 582 gaudere,

270 613 321 634 ·ac
343 602 444 647 ipsos
461 602 608 646 juvare³
629 601 819 635 vellemus.

392 670 466 702 Nos
488 681 573 702 vero
601 675 684 713 post
704 675 875 701 maturam
907 668 1187 713 diuturnamque
1215 667 1516 701 deliberationem
1546 681 1656 714 super
1686 669 1875 714 premissis
1902 682 2001 702 more
2041 671 2149 703 solito

282 735 517 780 prehabitam,
550 735 826 780 suplicationem
859 735 1105 780 predictorum
1133 734 1424 780 chirurgicorum
1455 736 1708 769 concessimus
1735 742 1770 769 et
1794 736 2042 777 concedimus,
2071 749 2149 782 pro-

280 802 359 835 viso
377 808 495 835 tamen
517 802 614 847 quod
635 802 705 846 ipsi
722 801 898 834 lectiones
919 802 1177 847 magistrorum
1199 808 1279 834 actu
1301 802 1461 835 Parisius
1482 803 1518 835 in
1540 803 1707 835 facultate
1724 803 1912 836 medecine
1930 804 2147 847 regentium,

282 875 320 901 ut
340 869 452 901 moris
470 875 538 910 est,
560 869 804 914 frequentent.
823 870 863 901 In
885 870 989 913 cujus
1011 869 1063 901 rei
1085 868 1332 901 testimonium
1355 869 1517 914 sigillum
1536 876 1701 902 nostrum
1724 882 1892 915 magnum
1916 870 2150 915 presentibus

281 934 413 968 litteris
448 935 617 968 duximus
652 935 921 980 apponendum.
954 937 1080 968 Datum
1118 935 1277 968 Parisius
1308 935 1345 967 in
1385 942 1507 968 nostra
1542 937 1828 981 congregatione
1856 936 2020 981 generali
2054 937 2149 981 apud

283 1001 317 1034 S.
341 1002 559 1034 Maturinum
578 1002 791 1035 solemniter
806 1001 986 1034 celebrata
1007 1014 1102 1034 anno
1120 1003 1224 1034 Dom.
1239 1002 1433 1034 millesimo
1451 1003 1814 1048 quadringentesimo
1830 1003 2014 1036 tricesimo
2032 1011 2148 1044 sexto,

282 1067 340 1100 die
362 1068 502 1102 decima
522 1069 625 1102 tertia
647 1069 784 1102 mensis
807 1069 1032 1107 Decembris.

1737 1116 1784 1147 M.
1813 1116 1968 1147 HEBERT.

373 1212 509 1235 Esnmxn
522 1212 668 1241 PAstmn,
680 1212 729 1235 Les
744 1212 903 1235 recherches
919 1212 953 1235 de
967 1211 995 1235 la
1014 1212 1123 1235 France
1138 1212 1166 1241 (l.
1183 1213 1225 1241 ΙΧ,
1242 1212 1283 1235 ch.
1300 1214 1350 1243 30),
1365 1213 1531 1236 Amsterdam
1548 1213 1617 1242 1723,
1634 1214 1654 1243 Ι,
1678 1221 1703 1244 p.
1720 1215 1774 1237 960.
1793 1213 1963 1237 Recherches
1978 1213 2109 1244 critiques
2124 1217 2150 1236 et

279 1257 344 1282 hist.
360 1263 413 1281 sur
427 1256 556 1286 l'oriqine
568 1257 645 1280 ecles
656 1257 774 1286 pl'oqres
789 1256 862 1280 dela
877 1256 1023 1287 chiruryie
1037 1263 1072 1280 en
1088 1258 1203 1285 France,
1222 1257 1289 1285 1744,
1302 1266 1328 1288 p.
1347 1258 1401 1286 167,
1418 1261 1471 1281 not.
1488 1257 1604 1287 (omissis
1622 1257 1773 1281 nominibus
1790 1258 1924 1288 aliisque).

372 1341 396 1366 1.
412 1341 497 1365 Editio
511 1349 516 1365 :
534 1349 545 1364 t(
556 1341 691 1372 preposito
708 1349 729 1366 »,
745 1354 775 1358 -
790 1340 814 1365 2.
831 1341 889 1364 vid.
902 1344 964 1364 tom.
980 1341 1016 1364 111
1034 1341 1175 1368 chartul„
1192 1341 1226 1364 nst
1242 1341 1310 1370 1205,
1327 1341 1398 1364 1231.
1413 1353 1444 1358 —
1455 1341 1480 1366 3.
1495 1341 1580 1364 Editio
1598 1349 1602 1364 z
1619 1350 1627 1364 α
1643 1341 1733 1372 jurare
1750 1350 1771 1365 n.

281 1558 426 1595 2497.
455 1567 628 1593 Πηίυενείἰαε
644 1566 738 1592 Paris.
762 1566 823 1600 regi
845 1565 946 1591 Carolo
970 1567 1023 1592 VII
1037 1565 1146 1600 scribit,
1166 1569 1196 1591 ut
1214 1565 1340 1592 Gerardo
1361 1566 1434 1592 Gelie
1447 1567 1619 1601 Parisiensi,
1637 1576 1711 1602 mag.
1729 1571 1783 1594 art.
1803 1572 1830 1593 et
1847 1568 1957 1594 baccal.
1976 1571 2101 1603 formato
2122 1571 2150 1595 in

369 1615 466 1650 theol„
484 1624 557 1642 nunc
573 1615 674 1641 iterum
690 1619 778 1650 atque
794 1615 908 1640 tertium
924 1615 1028 1641 rectori
1045 1615 1254 1649 [sitiret-sitatis>
1272 1615 1394 1650 aliquod
1409 1615 1576 1650 beneficium
1593 1616 1819 1643 ecclesiasticum
1839 1617 1879 1643 vel
1897 1617 2067 1652 dignitatem
2084 1628 2150 1644 con-

369 1667 456 1699 ferat.
473 1675 486 1689 «
502 1663 568 1691 Tres
581 1665 665 1690 hault
728 1665 804 1690 Pour
819 1672 850 1691 ce
865 1672 923 1698 que
941 1674 965 1689 ».

1420 1701 1492 1730 7436,
1509 1701 1735 1730 actea—Decem..
1750 1702 1864 1728 Parisiis.

373 1789 486 1813 Minuta
501 1788 617 1811 chartae.
634 1788 660 1811 in
676 1788 753 1811 Arch.
770 1791 823 1811 nat.
840 1788 935 1818 Paris„
951 1788 975 1811 Μ
991 1787 1042 1816 65¹2,
1060 1792 1088 1810 n⁰
1099 1788 1128 1810 34
1145 1788 1217 1818 (olim
1233 1789 1259 1812 Α.
1275 1789 1297 1811 3.
1313 1788 1349 1817 ἰ.).
1367 1789 1467 1811 Ibidem
1481 1789 1564 1812 altera
1575 1789 1688 1820 epistola
1703 1800 1715 1811 α
1726 1790 1757 1812 ad
1770 1791 1947 1813 consessorem
1962 1801 1983 1820 »,
1997 1791 2012 1813 i.
2026 1799 2047 1815 e.
2058 1791 2151 1815 Gerar-

279 1834 342 1857 dum
358 1833 478 1861 Macheti,
495 1836 524 1856 ut
541 1833 612 1864 apud
625 1841 713 1864 regem
729 1841 777 1864 pro
792 1833 909 1856 Gerardo
926 1832 996 1856 Gehe
1011 1832 1157 1856 intercedat
1169 1842 1174 1857 :
1186 1843 1198 1854 «
1215 1833 1294 1864 Regie
1308 1833 1450 1856 scribimus
1467 1833 1598 1865 majestati
1612 1843 1634 1857 ».

373 1878 506 1902 Gerardus
522 1877 592 1901 Gehe
608 1885 650 1901 an.
666 1877 736 1906 1436,
753 1877 845 1901 Octob.
860 1877 1025 1901 10-Decemb.
1040 1877 1078 1907 16,
1092 1877 1199 1900 tertium
1213 1881 1298 1900 rector
1312 1877 1499 1901 Universitutis
1515 1878 1572 1902 suit.
1617 1910 1619 1912 η

280 2094 425 2132 2498.
448 2105 589 2130 Ileuricus
606 2105 647 2138 Vl,
666 2104 785 2130 Francie
802 2108 828 2130 et
843 2103 968 2138 Angliae
981 2113 1041 2137 reat,
1059 2104 1166 2129 studiis
1183 2103 1345 2138 theologiae
1362 2108 1389 2129 e!
1405 2104 1511 2129 artium
1528 2104 1682 2130 incivitate
1701 2105 1872 2130 Cadomensi
1887 2105 1987 2131 cadem
1996 2106 2150 2141 privilegia

369 2154 514 2189 quaejam
527 2153 720 2187 facultatibus
730 2154 808 2188 juris
825 2153 957 2178 canonici
973 2157 1000 2179 et
1015 2153 1106 2179 civilis
1120 2162 1169 2179 an.
1186 2154 1256 2180 1432
1272 2156 1462 2185 concesserat.
1477 2153 1587 2179 tribuit.
1604 2152 1708 2180 Donne
1719 2152 1735 2180 'a
1746 2155 1847 2181 Rouen
1858 2155 1883 2181 le
1894 2155 2150 2189 quinziesmejour

369 2202 405 2228 de
420 2202 541 2232 Fevrier.
558 2202 614 2229 l'an
630 2203 665 2229 de
682 2202 765 2236 griice
785 2203 838 2228 mil
853 2203 943 2229 CCCC
960 2204 1054 2229 trente
1071 2203 1113 2228 six
1127 2204 1155 2229 et
1172 2202 1208 2229 de
1228 2204 1325 2229 nostre
1344 2201 1432 2236 regne
1448 2202 1473 2228 le
1491 2202 1680 2236 quinziesme.
1703 2204 1755 2228 Par
1773 2204 1798 2229 le
1818 2211 1880 2236 roy,
1896 2202 1912 2230 a
1928 2204 1955 2229 la
1973 2204 2098 2230 relacIOn
2113 2205 2150 2231 de

368 2251 458 2279 Mons.
475 2252 501 2277 le
515 2251 573 2278 duc
587 2252 719 2278 d'Yorck.
782 2252 806 2277 J.
823 2260 857 2277 DE
875 2252 1000 2278 Dnosn.
1020 2262 1032 2275 «
1047 2252 1169 2278 Comme
1184 2259 1221 2277 en
1236 2259 1289 2277 uoz
1305 2252 1402 2277 lettres
1420 2262 1442 2276 ».

1435 2340 1506 2369 7437,
1519 2340 1651 2366 Februarii
1666 2341 1701 2369 75,
1718 2341 1860 2372 Rotomagi.

372 2428 508 2459 Originale
520 2428 546 2451 in
559 2428 636 2452 Arch.
651 2428 710 2459 dep.
727 2428 761 2451 du
775 2428 914 2457 leados,
929 2429 949 2452 D
966 2429 988 2452 1.
1003 2443 1029 2447 —
1042 2431 1070 2453 A.
1083 2429 1183 2459 Bsxm,
1196 2428 1356 2453 Inventaire
1368 2429 1414 2452 des
1426 2429 1558 2453 Archives
1569 2430 1600 2452 de
1613 2428 1713 2452 I'Uniu.
1726 2429 1758 2452 de
1771 2428 1856 2457 Caere,
1869 2429 1888 2456 1,
1901 2437 1926 2460 p.
1941 2430 1964 2452 3.
1975 2442 2006 2446 —-
2018 2430 2066 2454 An.
2079 2430 2149 2458 1438,

280 2472 368 2495 Martii
380 2473 417 2500 19,
431 2473 559 2495 Hem-icus
574 2473 712 2496 facultates
724 2473 873 2504 theologiae
886 2477 911 2497 et
924 2473 1020 2497 artium
1034 2477 1059 2497 et.
1072 2474 1182 2505 insuper
1199 2474 1346 2497 medicinae
1354 2473 1415 2496 aliis
1429 2473 1531 2496 duabus
1545 2472 1716 2495 facultatibus
1728 2481 1851 2504 expresse
1862 2473 1981 2504 adjunxit
1993 2474 2020 2504 (1.
2032 2475 2075 2503 0,),
2090 2482 2150 2496 cum

276 2517 332 2547 jum
347 2525 391 2540 nn.
414 2517 484 2546 1437,
500 2516 561 2540 Maii
577 2517 615 2544 30,
636 2517 769 2548 Eugenius
786 2518 818 2540 IV
834 2517 950 2540 studium
966 2518 1089 2549 generale
1105 2517 1131 2541 in
1146 2518 1269 2541 omnibus
1290 2517 1331 2540 his
1356 2517 1525 2541 facultatibus
1547 2516 1656 2540 Cadomi
1675 2516 1801 2540 erexisset
1817 2517 1903 2546 (BUL.,
1923 2517 1950 2544 V,
1971 2518 2029 2545 84&
2050 2517 2151 2544 BENET.

276 2569 306 2592 p.
322 2562 364 2589 27;
382 2561 546 2590 Bonnmoxr,
562 2562 603 2585 La
617 2562 766 2592 fondation
781 2563 813 2585 a'e
825 2562 1043 2587 Z'Universz’te'de
1059 2563 1141 2591 Caeri,
1157 2571 1183 2593 p.
1200 2563 1266 2591 2⁴56).

280 2776 425 2813 2499.
450 2785 570 2812 Carolus
602 2787 655 2812 VII
666 2787 866 2822 praepositura
885 2787 998 2813 Paris.¹
1026 2791 1214 2822 caeterosque
1231 2786 1413 2822 justitiarios
1441 2786 1576 2811 certiores
1603 2786 1686 2820 facit,
1712 2786 1787 2821 quod
1814 2795 1868 2812 ηοιι
1899 2786 2031 2812 obstante
2058 2787 2151 2813 edicto

368 2835 402 2861 22
413 2834 565 2860 Februarii
578 2835 711 2870 magistri
722 2839 859 2870 regentes,
874 2835 1041 2871 paedagogi
1054 2839 1082 2862 et
1093 2835 1150 2861 veri
1161 2835 1317 2870 scholares,
1332 2835 1465 2868 officiarii
1477 2839 1503 2861 et
1517 2834 1623 2861 bedelli
1635 2835 1810 2869 facultatum
1822 2839 1849 2861 et
1864 2836 2012 2861 nationum
2023 2837 2153 2870 (minime

368 2887 464 2910 tamen
479 2884 529 2919 qui
549 2892 604 2910 non
625 2893 717 2910 causa
738 2884 830 2910 studii
848 2885 974 2910 Parisiis
995 2885 1216 2919 commorantur)
1233 2885 1291 2910 siut
1311 2885 1449 2910 immunes
1468 2884 1665 2919 excubiarum,
1681 2885 1761 2919 gueti
1780 2888 1807 2910 et
1827 2884 1978 2911 custodiae
1989 2889 2152 2921 portarum.
