2502 3418
413 330 477 361 540
989 340 1310 362 CHARTULAnlUM
1346 341 1536 363 unlvaas.
1573 341 1706 363 mnis.
2183 328 2282 365 [1432

414 413 572 446 dominis
596 420 631 446 et
657 414 841 458 magistris
874 414 1001 447 Livino
1031 415 1219 454 Neuelinc‚
1246 414 1432 447 Anthonio
1463 415 1507 447 de
1538 417 1668 456 Lauco,
1711 416 1868 448 Henrico
1899 415 1943 448 de
1973 415 2108 456 Biuria,
2139 416 2281 448 Herveo

415 479 630 521 Pouchardi,
658 480 821 513 Johanne
851 481 1015 522 Huberti⁷
1044 482 1241 526 Pasquerio
1274 481 1318 513 de
1348 481 1527 522 Vallibus,
1564 482 1680 515 Alano
1711 482 1902 522 Kirketon,
1935 488 1970 514 et
1999 481 2162 514 Johanne
2192 482 2281 514 Joti-

414 547 498 587 veti,
513 547 741 580 decretorum
757 547 982 583 doctoribus*
997 548 1191 593 collegium
1211 548 1374 592 ejusdem
1392 549 1572 582 facultatis
1587 549 1815 582 decretorum
1834 550 1870 581 in
1883 549 2007 582 eadem
2020 548 2111 582 alma
2130 549 2282 582 Univer-

415 614 519 647 sitate
550 615 746 647 Parisiensi
778 615 995 647 facientibus
1029 622 1060 647 et
1092 615 1443 659 representantibus7
1476 616 1512 648 in
1540 623 1704 649 nostrum
1738 616 1961 649 notariorum
1988 615 2278 660 subscriptorum

414 681 634 725 testiumque
655 682 746 714 infra
768 681 983 726 scriptorum
1007 682 1050 714 ad
1071 681 1138 714 hoc
1159 688 1367 714 vocatorum
1392 682 1600 726 specialiter
1620 692 1653 715 et
1677 689 1884 727 rogatorum
1908 682 2110 727 presencia,
2133 689 2282 727 propter

415 748 482 780 hoc
509 748 715 793 specialiter
742 749 926 781 constituti
951 749 1077 793 prefati
1099 749 1236 781 domini
1259 749 1429 781 doctores
1450 749 1724 782 venerabilibus
1746 756 1778 782 et
1801 750 1972 782 discretis
1992 749 2081 782 viris
2095 749 2282 794 magistris

503 847 615 873 Simoni
630 848 665 873 de
682 847 912 879 Luce1nbu1·go2.
1141 848 1270 874 Michaeli
1281 848 1402 876 Sutoris.
1781 848 1940 881 Radulpho
1956 847 2101 877 Joliveti³,

502 897 628 921 Johauni
640 896 675 921 de
690 896 855 925 Com-cellis,
1141 897 1247 923 Jacobo
1263 898 1389 926 Almani.
1779 897 1907 923 ¹Iohanni
1923 898 2043 926 Crohes,

503 945 635 978 Philippo
649 945 776 977 (iareim,
1141 945 1276 979 Philippo
1290 946 1369 974 Novi.
1780 947 1873 972 Fratri
1897 947 2056 973 Guillelmo
2081 946 2278 975 Cottonnarii.

502 994 628 1019 Johanni
643 994 766 1022 Vedasti‚
1140 995 1267 1020 Johanni
1282 995 1440 1025 Laurentii,
1691 996 1835 1029 religioso.

501 1043 627 1069 Johanni
642 1043 792 1071 llamonis‚
1139 1044 1298 1070 Guillelmo
1313 1045 1486 1078 Albecappe‚
1780 1045 1901 1070 Ricardo
1918 1045 2123 1078 Ysembergue,

505 1093 587 1118 Petro
603 1092 727 1121 Joliveti,
1142 1093 1225 1118 Petro
1242 1093 1371 1122 Bridoul,
1781 1094 1905 1120 Gabrieli
1920 1094 2052 1126 Paysant.

502 1141 656 1166 Laurentio
670 1141 798 1169 Surrelli,
1142 1142 1256 1167 Matheo
1273 1142 1394 1170 Pichois.
1780 1143 1907 1168 Johanni
1924 1141 2046 1171 Doittee.

502 1190 631 1215 Michaeli
647 1190 714 1215 Coei
731 1189 758 1224 [i.
770 1198 794 1216 c.
808 1191 834 1216 le
842 1191 968 1223 QueuxJ.
1142 1190 1253 1216 Simoni
1275 1191 1310 1217 de
1334 1191 1479 1217 Placencia
1499 1192 1545 1225 [de
1565 1192 1635 1217 Lin-
1779 1192 1891 1225 Rogero
1908 1192 2033 1217 Ernault

502 1240 607 1265 Jacobo
623 1239 801 1267 Ilodouardi.
1052 1239 1155 1275 gonis].
1779 1243 1807 1267 et
1820 1241 1934 1267 Nicolao
1949 1241 1984 1266 de
1997 1241 2121 1271 Valetot,

413 1348 476 1380 per
505 1336 652 1369 eosdem
683 1336 852 1368 dominos
887 1336 1057 1369 doctores
1097 1348 1161 1381 pro
1190 1337 1304 1381 gradu
1345 1337 1491 1370 licentie
1526 1338 1562 1369 in
1599 1337 1723 1370 eadem
1755 1337 1923 1370 facultate
1958 1337 2158 1370 obtinendo
2199 1349 2280 1370 exa-

412 1403 570 1442 minatis,
606 1402 776 1435 omnibus
802 1410 836 1436 et
864 1403 1022 1448 singulis
1048 1404 1083 1435 in
1112 1403 1239 1436 eodem
1263 1404 1426 1436 examine
1457 1404 1646 1449 requisitis
1678 1411 1712 1437 et
1737 1404 1815 1437 fieri
1844 1404 1963 1437 solitis
1988 1404 2072 1437 hinc
2098 1404 2182 1437 inde
2214 1405 2281 1437 rite

412 1470 578 1514 peractis,
610 1482 648 1502 ac
681 1470 761 1515 ipso
793 1470 955 1502 examine
985 1482 1049 1515 per
1075 1471 1223 1503 eosdem
1250 1471 1419 1503 dominos
1450 1471 1622 1503 doctores
1657 1471 1780 1504 clauso
1817 1478 1851 1504 et
1885 1483 1950 1516 pro
1983 1471 2107 1504 clauso
2140 1470 2275 1512 habito,

412 1544 659 1582 exposuerunt
681 1549 744 1570 seu
767 1549 831 1581 pei·
852 1537 1008 1569 eundem
1032 1537 1218 1570 dominum
1242 1538 1418 1570 decanum
1442 1538 1574 1582 exponi
1595 1539 1762 1570 fecerunt
1783 1538 1880 1583 quod
1902 1545 2004 1571 erant
2024 1545 2121 1571 certa
2148 1544 2280 1571 statuta

412 1605 505 1637 inter
516 1604 583 1637 alia
601 1605 637 1636 in
659 1604 752 1637 libro
774 1611 989 1637 statutorum
1012 1604 1177 1648 ejusdem
1199 1604 1379 1637 facultatis
1401 1604 1470 1637 sub
1492 1605 1645 1649 quodam
1670 1605 1774 1637 titulo
1797 1616 1862 1638 seu
1884 1605 2028 1638 rubrica
2050 1605 2195 1650 scripta,
2215 1617 2281 1650 per

413 1672 634 1704 examinatos
662 1671 705 1704 ad
730 1671 845 1716 ipsam
873 1671 1055 1704 licentiam
1086 1678 1168 1704 ante
1190 1671 1498 1716 presentationem
1531 1672 1589 1714 (de
1617 1672 1709 1716 ipsis
1740 1672 1951 1705 examinatis
1977 1684 2041 1716 per
2071 1672 2282 1716 sepedictos

413 1739 580 1771 dominos
607 1739 776 1771 doctores
798 1738 945 1771 domiuo
967 1738 1184 1771 cancellario
1206 1739 1543 1783 faciendam)jurari
1567 1738 1685 1779 solita7
1709 1751 1773 1783 per
1793 1739 1948 1771 eundem
1970 1739 2156 1771 dominum
2177 1739 2282 1772 deca-

414 1818 495 1838 num
517 1805 584 1838 alta
602 1812 636 1838 et
649 1805 875 1850 intelligibili
895 1817 983 1838 voce
1000 1805 1138 1838 eisdem
1156 1805 1418 1846 licen[ciandis]
1435 1805 1606 1850 perlecta,
1630 1806 1734 1850 cujus
1756 1806 1901 1850 quidem
1926 1805 2019 1839 tituli
2037 1806 2113 1839 sive
2135 1805 2280 1838 rubrice

412 1885 450 1905 ac
472 1879 685 1906 statutorum
709 1879 855 1905 tenores
877 1879 1052 1905 secuntur
1072 1879 1107 1905 et
1127 1879 1212 1905 sunt
1233 1872 1335 1905 tales.

905 1990 1077 2015 Juramenta
1095 1997 1146 2022 per
1166 1990 1374 2023 presentandos
1394 1989 1430 2015 ad
1450 1989 1600 2016 licentiam
1618 1990 1784 2023 prestanda.

502 2080 621 2111 Primo
646 2077 821 2122 jurabunt
850 2077 1058 2110 renovando
1079 2079 1283 2122 juramenta
1313 2077 1415 2122 prius
1443 2077 1605 2122 prestita,
1638 2077 1734 2122 quod
1765 2076 1989 2109 exhibebunt
2028 2076 2205 2109 honorem
2244 2084 2279 2110 et

414 2145 652 2179 reverentiam
671 2145 808 2177 decano
823 2151 858 2177 et
878 2144 1035 2188 collegio
1053 2156 1092 2176 ac
1107 2144 1266 2188 singulis
1283 2144 1496 2177 doctoribus
1509 2143 1744 2189 presentibus
1764 2150 1798 2176 et
1818 2144 1950 2176 futuris
1968 2144 2063 2176 dicte
2084 2143 2277 2177 facultatis.

502 2215 589 2246 Item
608 2211 805 2245 servabunt
820 2218 855 2244 et
873 2211 1082 2243 (less'endent
1108 2210 1308 2252 libertates,
1332 2217 1475 2252 statuta7
1494 2211 1700 2255 privilegia,
1717 2210 2006 2243 consuetudines
2027 2217 2062 2243 et
2080 2211 2279 2244 sententias

413 2281 537 2314 decani
551 2286 586 2312 et
602 2278 748 2323 collegii
764 2278 943 2310 facultatis
958 2278 1203 2319 decretorum,
1221 2284 1256 2310 et
1271 2278 1490 2311 adversariis
1507 2278 1684 2310 dictorum
1697 2277 1824 2310 decani
1841 2284 1877 2310 et
1892 2277 2040 2322 collegii
2053 2289 2125 2310 non
2142 2283 2280 2322 presta-

413 2348 503 2380 bunt
522 2346 707 2386 auxilium,
721 2345 914 2377 consilium
937 2344 994 2378 vel
1006 2345 1178 2385 favorem⁷
1201 2345 1243 2377 ad
1266 2356 1531 2389 quemcumque
1553 2351 1682 2377 statum
1701 2345 1802 2389 ipsos
1823 2344 2067 2377 licentiandos
2084 2344 2277 2389 pervenire

412 2415 613 2458 contingat3
633 2424 698 2445 nec
720 2418 844 2444 contra
866 2411 1076 2456 hujusmodi
1092 2412 1337 2455 juramentum
1361 2411 1673 2456 dispensationem
1696 2411 1953 2456 impetrabunt.

500 2482 587 2513 Item
610 2478 763 2524 quilibet
784 2478 1027 2511 licentiandus
1049 2477 1232 2510 tenebitur
1259 2478 1402 2511 solvere
1427 2478 1587 2510 facultati
1614 2485 1688 2510 tres
1710 2477 1840 2510 bursas
1866 2478 1903 2510 in
1925 2489 2014 2510 usus
2037 2477 2154 2522 ipsius
2180 2489 2277 2510 com-

415 2547 619 2587 mittendas7
637 2557 706 2590 que
727 2545 838 2577 burse
859 2544 978 2577 valent
1009 2551 1143 2577 tantum
1167 2551 1339 2589 quantum
1366 2545 1402 2577 in
1428 2544 1599 2577 omnibus
1623 2544 1778 2589 quilibet
1798 2544 2006 2588 expendere
2027 2544 2219 2577 consuevit
2238 2544 2276 2576 in

414 2614 528 2647 tribus
550 2612 776 2657 septimanis,
798 2618 833 2644 et
859 2618 942 2644 tunc
969 2612 999 2644 si
1025 2612 1144 2655 ipsum
1171 2612 1333 2656 incipere
1358 2611 1415 2645 vel
1441 2612 1477 2644 in
1501 2611 1659 2644 decretis
1685 2611 1901 2644 doctorizari
1928 2611 2161 2656 postmodum
2190 2622 2277 2644 con·

413 2682 525 2725 tingat
541 2679 598 2712 vel
615 2679 782 2719 ulterius,
806 2690 871 2722 pro
892 2678 1015 2711 bursis
1036 2678 1148 2711 nichil
1170 2678 1289 2711 solvet
1308 2678 1480 2711 facultati.

501 2748 588 2779 Item
615 2745 711 2789 quod
742 2744 860 2777 solvet
889 2745 1059 2777 omnibus
1090 2745 1238 2778 bidellis
1269 2745 1458 2778 doctorum
1489 2745 1584 2778 dicte
1618 2745 1797 2778 facultatis
1832 2744 2052 2790 regentium,
2083 2750 2274 2788 antequam

416 2813 639 2857 ingrediatur
659 2811 772 2843 aulam
795 2823 860 2855 pro
877 2811 1024 2844 licentia
1046 2811 1257 2853 obtinenda,
1273 2824 1318 2844 xx
1339 2812 1480 2845 solidos
1501 2812 1610 2856 paris.
1633 2812 1729 2844 inter
1750 2811 1899 2844 eosdem
1921 2810 2212 2851 distribuendos,
2235 2821 2274 2842 ac

415 2879 549 2911 bidello
572 2877 732 2922 generali
754 2889 858 2909 unam
877 2877 1038 2920 bursam,
1060 2885 1095 2911 et
1111 2878 1296 2912 subidello
1313 2879 1498 2911 dimidiam
1520 2878 1654 2912 valoris
1677 2878 1721 2911 de
1743 2890 1814 2923 quo
1835 2889 1958 2922 supra.
