2502 3418
416 314 478 347 180
991 323 1308 345 anRTULARmM
1343 323 1532 345 malvane.
1569 323 1698 345 PARIS.
2179 310 2278 347 [1410

415 399 459 431 de
481 410 521 431 ce
543 404 606 431 ont
625 401 701 431 este
727 404 762 430 et
782 404 866 430 sont
885 397 1074 442 chargees,
1102 404 1137 430 et
1157 409 1227 442 que
1250 398 1309 430 feu
1333 403 1458 430 nostre
1486 403 1560 430 tres
1589 397 1675 430 cher
1703 398 1877 443 seigneur
1905 404 1940 430 et
1966 400 2052 442 pere
2077 398 2160 443 (que
2186 397 2275 430 Dieu

414 465 583 508 absoille)
603 477 666 510 par
687 477 754 497 son
779 471 971 497 testament
996 471 1031 497 et
1057 464 1290 497 ordonnance
1312 464 1356 496 de
1378 464 1532 496 derrene
1553 464 1713 505 volonte‚
1737 471 1772 497 et
1793 465 1891 497 aussi
1913 476 1981 497 nos
2004 471 2125 497 autres
2146 464 2278 509 prede—

415 544 584 565 cesseurs
606 544 689 577 roys
710 532 754 564 de
777 533 910 564 France
937 531 1034 564 aient
1059 531 1169 564 voulu
1195 538 1230 564 et
1250 531 1414 563 ordonne
1436 530 1535 563 leurs
1557 530 1685 564 debtes
1707 538 1803 564 estre
1825 535 1956 576 payees
2048 531 2278 564 neantmoins

414 599 543 632 lesdits
564 598 738 643 conteges,
762 597 925 631 obstantz
945 597 1120 630 aulcunes
1141 604 1247 642 grant
1271 597 1424 642 charges
1450 597 1512 642 qui
1540 604 1603 630 ont
1625 601 1702 630 este
1728 597 1761 630 le
1785 604 1902 642 temps
1931 601 2036 642 passe
2064 609 2127 631 sur
2153 604 2277 631 nostre

415 666 467 698 dit
497 672 614 698 tresor
633 668 651 697 a
672 665 703 697 la
730 665 948 697 diminution
970 664 1136 708 d'iceluy,
1160 664 1260 696 n'ont
1280 675 1349 708 peu
1371 670 1468 696 estre
1490 664 1661 696 satisfaitz
1687 676 1732 696 ne
1759 670 1926 697 contentz
1952 664 2115 697 desdites
2141 671 2277 706 rentes,

415 739 450 765 et
469 732 549 765 leur
565 744 609 765 en
631 738 714 764 sont
734 731 849 764 deubz
870 731 923 764 les
947 742 1137 775 arrerages
1159 730 1202 763 de
1224 730 1409 775 plusieurs
1431 736 1565 763 termes
1586 737 1621 763 et
1641 734 1777 764 annees
1798 737 1962 764 montant
1985 733 2003 764 a
2024 738 2098 764 tres
2119 731 2278 776 grandes

415 811 573 832 sommes
594 799 638 831 de
660 799 820 839 deniers,
837 798 925 831 dont
945 798 969 830 il
991 804 1047 830 est
1066 809 1232 830 convenu
1253 809 1323 842 que
1343 797 1398 830 les
1419 797 1580 830 services
1601 797 1721 831 divins
1743 798 1928 830 ordonnez
1945 804 2041 831 estre
2061 798 2143 831 saitz
2164 798 2278 831 esditz

414 866 575 911 colleges
597 866 716 898 soient
735 877 859 898 cessez
888 877 932 897 ou
964 865 1204 909 grandement
1231 863 1427 905 diminuez,
1455 870 1490 897 et
1519 864 1705 908 plusieurs
1736 864 1801 897 des
1831 865 1998 898 maistres
2027 871 2062 898 et
2088 864 2278 898 escolliers

414 932 553 965 desditz
580 932 742 977 colleg-es
773 932 882 976 partiz
910 931 1049 964 desditz
1070 930 1245 976 colleges⁷
1273 937 1309 963 et
1328 930 1506 963 delaissez
1528 931 1573 963 de
1599 937 1677 964 tout
1700 931 1734 964 le
1761 931 1845 964 saict
1871 938 1907 964 et
1933 932 2096 965 exercice
2124 932 2169 964 de
2199 931 2278 964 leur

414 999 598 1032 estude....

501 1067 601 1099 Vous
618 1065 808 1106 mandons,
827 1064 1087 1097 commandons
1104 1071 1140 1097 et
1155 1064 1375 1110 enjoignons
1393 1068 1667 1110 expressement
1689 1077 1751 1110 par
1771 1077 1831 1098 ces
1853 1072 2044 1110 presentes
2061 1077 2130 1110 que
2152 1065 2278 1098 incon-

412 1133 527 1165 tinent
558 1144 618 1165 ces
645 1132 770 1164 lettres
796 1143 907 1164 veues
1012 1143 1103 1164 vous
1131 1143 1194 1176 par
1221 1131 1254 1164 le
1282 1131 1468 1177 changeur
1498 1131 1542 1164 de
1575 1138 1699 1164 nostre
1727 1131 1780 1165 dit
1808 1138 1940 1173 tresor,
1970 1144 2016 1165 ou
2044 1138 2166 1165 autres
2191 1131 2278 1177 qu'il

411 1199 676 1243 appartiendra,
698 1199 802 1231 saites
830 1210 950 1243 payer,
981 1197 1110 1231 bailler
1136 1205 1171 1231 et
1200 1198 1359 1231 delivrer
1379 1198 1582 1231 reaulment
1608 1205 1643 1231 et
1668 1198 1712 1231 de
1741 1199 1805 1231 fait
1832 1199 1897 1232 des
1918 1199 2066 1232 deniers
2087 1199 2132 1232 de
2152 1205 2278 1232 nostre

411 1266 463 1298 dit
492 1273 610 1298 tresor
639 1278 707 1298 aux
736 1266 904 1298 maistres
935 1272 970 1298 et
995 1265 1186 1298 escolliers
1212 1265 1351 1299 desditz
1379 1265 1541 1311 colleges
1571 1277 1618 1298 ou
1648 1268 1667 1298 a
1695 1265 1775 1298 leur
1799 1266 1936 1299 certain
1963 1265 2278 1299 commandement

411 1339 487 1365 tout
515 1345 555 1365 ce
581 1345 650 1377 que
672 1344 735 1377 par
755 1332 904 1365 cedules
935 1332 979 1365 de
1007 1332 1188 1365 nostredit
1212 1339 1331 1365 tresor
1356 1344 1402 1365 ou
1430 1339 1530 1366 autre
1554 1332 1650 1378 loyal
1678 1332 1959 1378 enseignement
1984 1344 2076 1366 vous
2103 1344 2277 1378 apperera

411 1406 506 1432 estre
528 1400 598 1432 deu
615 1400 753 1432 ausditz
770 1399 932 1444 colleges
947 1399 995 1432 du
1011 1406 1128 1444 temps
1149 1403 1268 1444 passe,
1287 1412 1332 1432 en
1348 1399 1428 1432 leur
1444 1406 1573 1445 payant
1589 1406 1624 1432 et
1639 1400 1852 1433 continuant
1924 1400 2190 1434 doresenavant
2204 1399 2277 1432 les-

410 1466 504 1499 dites
525 1473 648 1499 rentes
668 1466 807 1499 ausditz
828 1473 962 1499 termes

499 1534 626 1566 Donne
652 1536 671 1566 a
691 1533 790 1566 Paris
818 1532 851 1565 le
879 1533 1063 1566 treizieme
1086 1534 1172 1578 jour
1193 1533 1237 1566 de
1266 1545 1345 1578 may
1364 1533 1434 1566 l'an
1462 1533 1506 1566 de
1534 1534 1641 1579 grace
1668 1533 1730 1566 mil
1757 1541 1883 1578 quatre
1904 1540 2006 1567 cents
2027 1540 2063 1566 et
2082 1533 2156 1575 dix,
2177 1539 2213 1566 et
2232 1533 2277 1566 de

408 1606 533 1633 nostre
554 1603 666 1645 regne
688 1600 721 1633 le
747 1600 970 1633 trentiesme.
995 1600 1101 1632 Ainsi
1125 1600 1230 1645 signe
1256 1611 1262 1632 :
1286 1601 1353 1633 Par
1377 1600 1411 1633 le
1436 1612 1513 1645 roy⁷
1540 1603 1558 1633 a
1578 1600 1611 1633 la
1635 1600 1788 1634 relation
1813 1601 1860 1633 du
1882 1600 1998 1646 grand
2019 1599 2170 1634 Conseil
2190 1606 2276 1633 tenu

409 1679 471 1712 par
496 1668 685 1700 Monsieur
706 1667 750 1700 de
771 1668 962 1712 Guyenne,
989 1667 1035 1699 ou
1057 1666 1090 1699 le
1112 1668 1188 1712 Roy
1209 1667 1253 1700 de
1269 1669 1439 1709 Navarre,
1462 1668 1663 1701 messieurs
1683 1667 1738 1701 les
1760 1668 1850 1701 ducs
1871 1668 1915 1700 de
1937 1669 2159 1713 Bourgogne
2177 1673 2212 1700 et
2232 1667 2277 1700 de

410 1733 580 1775 Erebum,
601 1734 634 1767 le
655 1741 771 1767 comte
792 1734 836 1767 de
858 1735 905 1766 La
927 1733 1084 1775 Marone,
1107 1746 1212 1776 vous,
1234 1734 1288 1767 les
1315 1746 1495 1780 evesques
1517 1735 1561 1767 de
1581 1736 1762 1780 Tournay,
1785 1735 1829 1767 de
1856 1736 2050 1780 Lymoges,
2071 1734 2116 1767 de
2137 1735 2276 1776 Luxon,

409 1802 452 1834 dc
483 1803 626 1846 Bayeux
654 1808 689 1834 et
718 1801 930 1843 d’Auxerre,
959 1801 1135 1834 Messires
1155 1801 1268 1834 Jehan
1292 1801 1335 1834 de
1361 1801 1499 1835 Nielles
1524 1809 1559 1835 et
1577 1801 1690 1835 Jehan
1712 1802 1756 1834 de
1779 1801 1886 1835 Saulx
1909 1808 1945 1835 et
1963 1808 2085 1835 autres
2107 1801 2275 1834 estoient.

502 1926 579 1950 Arch.
596 1930 660 1956 nat.,
677 1926 709 1950 K.
725 1926 780 1956 180,
796 1926 876 1949 liasse
892 1926 915 1955 1,
936 1930 964 1949 n⁰
979 1928 1006 1954 3;
1023 1926 1092 1949 Bibl.
1110 1929 1163 1949 nat.
1179 1926 1274 1955 Paris„
1292 1935 1342 1951 ms.
1357 1927 1404 1950 lat.
1422 1927 1508 1956 14:372,
1524 1926 1557 1950 ad
1580 1926 1641 1950 Maii
1664 1927 1702 1956 14,
1727 1927 1772 1950 fol.
1795 1926 1862 1949 38511.
1888 1939 1916 1943 —
1931 1926 2087 1957 Quanquam
2109 1933 2154 1949 eae
2174 1925 2278 1948 litterae

408 1971 496 2002 potius
510 1972 542 1994 ad
558 1971 692 1994 volumina
705 1974 796 1994 nostra
811 1972 842 1994 de
857 1971 983 2002 Collegiis
996 1971 1154 2002 rejiciendae
1169 1975 1254 2001 erant,
1267 1975 1354 1995 tamen
1368 1971 1482 1994 edendas
1498 1980 1566 1994 nunc
1579 1971 1757 2003 judicavimus
1773 1974 1802 1994 ut
1817 1971 1946 2002 quaedam
1960 1971 2116 1994 documenta
2131 1970 2275 2002 sequentia,

408 2016 539 2048 imprimis
556 2017 587 2039 de
607 2016 718 2047 collegio
734 2017 760 2039 S.
775 2016 897 2044 Victoris
914 2016 1027 2047 intelligi
1050 2019 1167 2047 possent.
1184 2017 1281 2039 Eodem
1297 2025 1375 2045 anno,
1389 2024 1478 2039 mense
1492 2016 1572 2045 Julio,
1589 2016 1699 2039 Carolus
1718 2024 1767 2047 per
1782 2015 1910 2039 secundas
1930 2015 2033 2039 litteras
2056 2015 2189 2039 ordinavit
2203 2023 2276 2038 sum—

409 2070 479 2084 mam
493 2062 582 2085 decem
596 2064 620 2084 et
633 2064 690 2084 octo
703 2061 816 2084 millium
827 2061 957 2084 librarum
970 2069 1027 2092 par.
1042 2061 1164 2084 omnibus
1178 2061 1298 2092 collegiis
1308 2061 1392 2085 Paris.
1402 2064 1528 2091 tanquam
1541 2060 1678 2092 arreragia
1691 2061 1780 2084 debita
1794 2060 1920 2091 persolvi,
1935 2060 1961 2083 in
1974 2060 2071 2092 quibus
2084 2063 2171 2083 tamen
2181 2059 2277 2083 litteris

409 2114 456 2137 per
469 2106 687 2129 inadvertentiam
701 2106 842 2137 collegium
855 2105 1002 2129 &Victoris
1019 2105 1147 2128 omissum
1162 2109 1201 2129 est
1217 2108 1275 2135 (ms.
1290 2106 1374 2134 14372,
1391 2106 1436 2129 fol.
1448 2105 1525 2135 393b).
1537 2106 1583 2129 An.
1598 2106 1664 2134 1411,
1675 2106 1751 2129 Mart.
1764 2105 1803 2135 11,
1817 2105 1927 2129 Carolus
1943 2105 2108 2136 parlamento
2122 2104 2230 2128 mandat
2246 2111 2278 2127 ne

410 2151 530 2174 remissio
546 2151 618 2174 mille
633 2151 695 2174 libr.
711 2152 788 2179 facta,
805 2159 847 2174 an.
868 2150 936 2179 1410,
954 2151 1027 2181 Sept.
1042 2151 1065 2178 9,
1081 2150 1195 2173 Johanni
1211 2150 1241 2173 de
1256 2151 1282 2173 la
1298 2151 1393 2174 Cloche
1406 2150 1433 2173 in
1448 2150 1634 2174 detrimentum
1653 2150 1827 2181 collegiorum
1842 2150 1996 2181 accipiatur,
2015 2150 2060 2173 sed
2080 2149 2125 2173 ille
2147 2157 2277 2173 summam

410 2196 522 2219 duarum
544 2195 658 2219 millium
675 2195 737 2218 libr.
753 2195 872 2226 collegiis
892 2195 1053 2226 promissam
1077 2195 1165 2226 reipsa
1188 2195 1275 2218 solvat
1296 2195 1435 2226 (originale
1455 2195 1577 2218 mutilum
1599 2195 1626 2218 in
1645 2195 1723 2218 Arch.
1745 2198 1798 2218 nat.
1820 2195 1914 2223 Paris.,
1933 2195 1957 2218 M
1972 2194 2025 2223 66¹²,
2041 2199 2070 2217 n⁰
2084 2195 2134 2224 30).
2150 2194 2276 2222 Tandem,

411 2241 570 2264 reclamante
594 2240 706 2271 collegio
725 2241 750 2264 S.
766 2240 888 2267 Victoris,
904 2243 929 2264 et
950 2240 1110 2271 quibusdam
1128 2240 1273 2263 executioni
1295 2249 1322 2263 se
1344 2239 1550 2271 opponentibus,
1566 2239 1676 2263 Carolus
1692 2239 1783 2263 tertias
1803 2239 1907 2263 litteras
1920 2239 2095 2263 thesaurariis
2114 2239 2169 2262 suis
2183 2238 2279 2262 direxit

411 2294 454 2309 an.
468 2286 536 2314 1411,
552 2285 616 2309 Julii
629 2286 668 2314 21,
684 2289 713 2309 ut
727 2285 867 2316 collegium
882 2286 908 2308 S.
922 2285 1033 2308 Victoris
1049 2293 1166 2308 summas
1182 2285 1206 2308 ei
1221 2285 1323 2308 debitas
1339 2285 1468 2316 reciperet
1481 2284 1559 2314 (Bibl.
1575 2287 1629 2308 nat.
1642 2284 1736 2313 Paris„
1754 2293 1803 2310 ms.
1820 2285 1866 2308 lat.
1881 2285 1966 2313 14372,
1983 2285 2028 2308 sol.
2043 2284 2120 2313 394b).

416 2472 554 2509 1884.
578 2480 713 2515 Magistri
726 2480 869 2506 ,Iohannes
887 2481 1000 2514 Gerson,
1018 2481 1120 2506 Petrus
1136 2479 1171 2505 de
1189 2480 1334 2515 Dyerreio,
1358 2480 1502 2506 Jordanus
1522 2480 1636 2514 Morini,
1660 2480 1805 2506 lohannes
1827 2479 1969 2514 d’Aclieri,
1991 2481 2029 2514 fr.
2054 2478 2220 2505 Guillelmus
2240 2477 2276 2504 de

499 2529 636 2564 Bavium,
656 2529 821 2555 Guillelmus
837 2528 872 2554 de
885 2529 998 2563 Xantis,
1019 2530 1121 2554 Petrus
1143 2529 1260 2554 Waardi
1268 2529 1288 2563 ἓ,
1306 2531 1344 2563 fr.
1362 2529 1524 2565 Stephanus
1533 2529 1553 2563 3,
1574 2530 1675 2555 Petrus
1692 2529 1727 2555 de
1743 2530 1878 2564 Nogento,
1897 2530 2000 2555 Petrus
2015 2527 2163 2563 d’Arech⁴‚
2180 2527 2276 2553 Domi-

500 2579 579 2604 nicus
594 2579 688 2613 Parvi,
710 2578 862 2604 Mathaeus
882 2577 1019 2607 Roeder5,
1036 2587 1131 2604 omnes
1148 2578 1279 2612 magistri
1295 2578 1324 2604 in
1340 2578 1493 2613 theologia,
1512 2578 1683 2613 deliberant,
1702 2588 1740 2604 an
1756 2578 1805 2604 ille
1821 2578 1902 2604 miles
1914 2577 2076 2604 saecularis
2091 2578 2271 2612 conjugatus,

501 2629 551 2663 qui
570 2637 636 2654 aere
656 2627 751 2653 alieno
769 2631 906 2662 gravatus
927 2627 1011 2652 vitam
1029 2627 1217 2653 monasticam
1237 2627 1388 2663 amplexus
1407 2632 1457 2663 est,
1485 2632 1512 2653 et
1528 2628 1709 2664 professione
1732 2632 1863 2664 peracta,
1888 2631 1919 2653 ut
1942 2627 2041 2653 debita
2061 2626 2189 2661 solveret,
2210 2629 2276 2661 post

499 2677 675 2713 septennium
695 2676 823 2702 habitum
846 2676 956 2701 dimisit
971 2680 998 2702 et
1016 2676 1056 2701 ad
1070 2676 1217 2702 saeculum
1234 2676 1329 2711 rediit,
1351 2677 1402 2702 hoc
1422 2677 1500 2703 licite
1516 2681 1542 2703 et
1559 2677 1628 2703 bene
1649 2677 1760 2711 fecerit.
1781 2677 1916 2711 Magistri
1937 2675 2081 2710 decidunt,
2105 2675 2184 2701 illum
2201 2674 2275 2700 male

501 2727 602 2760 egisse.
622 2726 729 2751 Cedula
745 2726 945 2760 magistrorum
963 2725 998 2751 de
1017 2725 1068 2751 lzoc
1084 2727 1214 2760 confecta
1229 2726 1354 2752 ,Iohanni
1371 2726 1405 2752 de
1423 2726 1605 2762 Bellomonte,
1622 2726 1725 2752 rectori
1753 2726 1958 2760 Universitatis,
1978 2734 1996 2751 a
2012 2724 2186 2751 cancellario
2207 2723 2275 2750 Uni-

502 2775 643 2801 rersilalis
657 2775 719 2801 Joh.
737 2776 857 2800 Gersone
871 2775 944 2800 Maii
960 2776 993 2801 28
1007 2774 1106 2800 oblata
1123 2779 1175 2801 est.

1736 2813 1805 2842 1410,
1818 2812 1878 2838 Maii
1889 2812 1929 2841 21,
1945 2811 1989 2837 28,

506 2888 570 2917 Ορῃ.
589 2887 714 2915 Gerstm„
735 2886 775 2910 cd.
794 2886 940 2910 Coloniens.
958 2894 999 2910 an.
1016 2886 1086 2916 1483,
1102 2890 1120 2910 t.
1138 2887 1182 2915 111,
1200 2887 1245 2911 sol.
1262 2887 1335 2916 316b;
1354 2887 1394 2911 ed.
1411 2887 1506 2916 Durm,
1524 2888 1557 2917 11,
1579 2888 1631 2911 736.
1647 2888 1724 2917 Bou,
1740 2888 1769 2916 V,
1786 2888 1840 2911 205.
1861 2887 2008 2914 Jouananx',
2030 2889 2060 2908 n⁰
2081 2885 2150 2913 1012,
2172 2884 2273 2907 instru-
