2502 3418
261 329 358 366 1436]
610 343 657 364 AB
688 343 793 365 ΑΝΝο
828 342 1117 365 MCCCLxxxxw
1151 344 1282 373 USQUE
1316 345 1363 367 AD
1398 346 1536 368 ANNUM
1571 347 1775 371 mccccmi.
2063 343 2126 376 593

259 457 404 495 2492.
428 468 563 503 Magistri
578 471 708 503 regentes
723 469 751 494 in
766 467 910 502 facultate
926 467 1098 503 theologiae.

1476 522 1551 552 7436,
1569 523 1706 555 septemb..
1723 525 1837 551 Par-Istis.

348 606 499 639 Nomina
547 607 804 652 magistrorum
855 613 1063 640 nostrorum
1113 608 1174 653 qui
1216 608 1434 653 inceperunt
1487 610 1612 655 legere
1660 611 1697 644 in
1745 624 1869 646 mense
1919 614 2123 659 Septembri

258 672 535 706 CCCCXXXVI
555 684 562 706 :

346 772 419 805 Mag.
437 772 562 798 Thomas
574 772 718 798 Monachi.
1295 775 1368 808 Mag.
1385 776 1532 802 Johannes
1547 777 1582 802 de
1595 777 1695 804 Ponte.

364 836 398 839 —
436 820 584 846 Johannes
607 820 643 846 de
665 820 758 846 Trecis
783 819 845 855 [etc.
868 822 895 847 ut
914 828 960 846 an.
989 821 1055 851 1435
1079 829 1164 855 usque

471 869 647 895 Gausridum
671 869 821 899 Coclearis‚
849 871 962 903 excepto
986 870 1164 904 Hieronymo

470 917 506 944 de
523 916 671 952 Viterbio].

436 966 601 1000 Stephanus
614 966 723 992 Bureti.

435 1015 566 1042 Nicolaus
581 1015 734 1042 Constant.

435 1064 555 1097 Egidius
567 1065 720 1090 Remondi.
1384 1068 1561 1094 Bertrandus
1576 1068 1611 1094 de
1624 1069 1707 1098 Alua.

435 1111 597 1147 Ro[bertus]
613 1112 649 1139 de
663 1113 757 1139 Porta.
1384 1115 1576 1152 Ra[du1phus]
1589 1117 1625 1144 de
1638 1118 1733 1147 Porta,
1745 1118 1829 1144 rediit
1843 1118 1933 1152 xxiiij·
1944 1118 2123 1145 Novembris.

435 1161 611 1194 Reginaldus
622 1160 711 1188 Pelde.
1889 1165 1943 1201 [27]

434 1210 536 1236 Petrus
547 1210 582 1236 de
598 1210 696 1236 Laleu.

1313 839 1346 843 Ι

1384 825 1526 851 Robertus
1541 825 1680 859 Dyonisii.

1384 873 1532 900 Johannes
1547 874 1665 901 Floridi.

1385 922 1531 948 Johannes
1544 922 1649 949 Vineti.

1385 971 1565 997 Guillermus
1580 972 1684 998 Heuze.

1384 1020 1516 1046 Donatus
1526 1020 1561 1046 de
1577 1021 1677 1047 Puteo.

1312 888 1348 1135 ΙΙΙΙΙΙ

363 981 399 1228 ΙΙΙΙΙΙ

350 1298 418 1322 Bibl.
435 1301 489 1322 nat.
504 1298 599 1327 Puris„
613 1306 662 1322 ms.
676 1298 722 1321 lat.
736 1299 805 1326 5494,
822 1306 849 1329 p.
866 1298 920 1321 183.

256 1463 401 1500 2493.
425 1473 560 1508 Magistri
574 1477 704 1508 regentes
720 1474 748 1499 in
763 1473 908 1507 facultate
923 1473 1083 1500 medicinae
1099 1483 1147 1501 an.
1165 1475 1292 1502 1436-37.

1353 1540 1426 1569 1436,
1442 1540 1579 1567 uorembre
1597 1540 1706 1569 ineunte,
1723 1541 1838 1567 Parisiis.

347 1610 558 1654 Sequuntur
578 1615 750 1654 regentes
771 1610 954 1654 presentis
976 1610 1172 1643 decanatus
1197 1622 1203 1643 ε

344 1708 418 1741 Mag.
436 1708 538 1734 Petrus
550 1707 726 1733 Cardonnel.
1297 1709 1370 1741 Mag.
1387 1709 1559 1735 Roulandus
1573 1709 1734 1743 Scriptoris.

362 1771 396 1775 -
436 1755 578 1782 Henricus
593 1755 732 1782 Thibout.
1315 1772 1347 1777 —
1385 1758 1603 1790 Inguen-andus
1618 1757 1654 1784 de
1669 1758 1794 1784 Parenti.

361 1819 396 1822 —-
433 1803 581 1829 Johannes
597 1803 808 1837 Lengrenoys⁴.
1313 1821 1346 1826 --
1385 1807 1486 1832 Petrus
1496 1806 1662 1833 Coulombi.

361 1867 396 1871 —
433 1852 576 1878 Robertus
592 1852 731 1878 Poitevin.
1312 1870 1346 1874 —
1384 1855 1560 1881 Guillelmus
1574 1855 1610 1881 (18
1625 1855 1774 1888 Longolio.

362 1916 396 1920 —-
435 1901 584 1927 Benardus
597 1900 720 1927 Nivert2.
1313 1917 1344 1920 —-
1384 1901 1558 1928 Guillelmus
1573 1903 1608 1928 (18
1621 1902 1768 1928 Camera³.

362 1965 397 1969 —
435 1950 537 1976 Petrus
552 1950 588 1976 (18
603 1950 753 1976 Chaciaco.
1311 1965 1346 1968 —
1383 1950 1558 1977 Guillelmus
1568 1951 1603 1977 de
1618 1951 1729 1985 Algia⁴.
1894 1951 1946 1987 [12]

349 2038 495 2061 Comment.
511 2039 561 2061 sac.
578 2038 658 2069 med.⁷
673 2039 706 2068 11,
721 2047 748 2069 p.
765 2040 788 2062 8.
805 2052 833 2057 —-
846 2039 912 2062 Nov.
929 2040 942 2062 3
958 2039 1072 2062 decanus
1085 2039 1183 2063 electus
1201 2042 1241 2062 est
1256 2039 1333 2064 Guill.
1350 2040 1381 2063 de
1394 2039 1529 2071 Longolio.

348 2122 372 2147 1.
388 2123 417 2145 ln
433 2131 517 2153 marg.
539 2123 600 2146 add.
616 2131 627 2146 <‹
643 2123 732 2146 Vacat.
754 2123 810 2146 Non
830 2123 994 2146 continuavit
1009 2123 1155 2154 regentium
1168 2132 1190 2147 »-
1204 2137 1233 2140 —
1247 2123 1271 2148 2.
1287 2124 1314 2147 In
1328 2133 1413 2155 marg.
1435 2133 1446 2147 «
1469 2125 1560 2148 Vacat.
1581 2125 1635 2148 Non
1659 2125 1822 2148 continuavit
1837 2133 1859 2148 ».
1876 2139 1903 2142 —
1918 2125 1942 2149 3.
1964 2125 2021 2149 Vid.
2043 2133 2124 2156 supra

255 2167 342 2198 (Mart.
355 2168 404 2197 10).
419 2168 492 2190 Hunc
504 2175 534 2190 ne
548 2168 694 2190 confundus
708 2176 766 2190 cum
781 2168 850 2191 Guil.
865 2168 896 2191 de
908 2168 1028 2194 Camere,
1044 2176 1114 2199 mng.
1127 2172 1233 2199 regente
1246 2177 1288 2192 an.
1304 2170 1451 2192 1398-1426.
1465 2183 1495 2186 —
1505 2168 1531 2193 4.
1542 2170 1591 2193 Με.
1605 2178 1610 2192 ·.
1624 2178 1636 2192 «
1650 2170 1736 2201 Aligin
1747 2178 1758 2192 ))
1770 2169 1827 2192 Vid.
1840 2178 1921 2201 supra
1934 2170 1966 2192 nd
1978 2170 2046 2198 1430,
2059 2170 2125 2194 Nov.

257 2333 403 2370 2494.
432 2342 606 2368 Πηίνενεῐίαε
624 2343 719 2369 Paris.
742 2343 796 2369 sub
819 2343 957 2378 magistro
976 2343 1103 2369 Gerar-do
1125 2344 1205 2377 Gehe,
1224 2348 1331 2369 rectore
1353 2344 1562 2378 [fnium-sitatis,
1581 2343 1661 2379 apud
1681 2345 1709 2370 S.
1727 2344 1903 2369 ltlaturinum
1919 2345 2031 2379 statuit,
2049 2345 2127 2380 quod

346 2391 449 2417 amodo
466 2392 494 2417 in
509 2391 742 2418 solemnitatibus
758 2396 786 2418 et
797 2393 882 2426 festis
898 2394 947 2419 SS.
968 2394 1086 2418 Cosmae
1101 2397 1128 2419 et
1140 2393 1291 2419 Damiani⁴
1309 2397 1335 2419 et
1353 2395 1380 2419 S.
1401 2393 1535 2418 Germani
1552 2392 1669 2419 veteris2
1684 2402 1738 2418 non
1757 2393 1871 2427 legatur
1889 2393 1917 2419 in
1938 2394 2126 2420 [Jniwersitate

346 2444 397 2466 aut
412 2440 514 2476 aliqua
529 2441 682 2475 facultate.
701 2451 714 2466 «
728 2441 771 2468 Ad
786 2444 959 2476 perpetuam
972 2442 1012 2468 rei
1028 2443 1213 2471 memoriam,
1228 2450 1306 2469 anno
1322 2450 1382 2476 quo
1396 2450 1483 2476 supra
1497 2453 1522 2468 ».

1421 2532 1495 2561 7436,
1510 2530 1654 2557 Novembris
1667 2531 1710 2560 29.
1725 2531 1838 2557 Parisiis.

351 2565 426 2593 Bul..y
443 2566 472 2592 V,
489 2573 516 2596 p.
532 2566 588 2594 439,
601 2573 614 2588 e
630 2565 708 2589 Libro
724 2569 777 2589 nat.
794 2565 888 2589 Gallie.

351 2648 375 2673 1.
393 2649 526 2680 Septemb.
548 2650 586 2673 27.
605 2650 632 2672 ln
654 2650 820 2679 Kalendario,
837 2658 862 2673 v.
878 2659 903 2681 g.
921 2650 991 2673 Bibl.
1008 2653 1062 2673 nat.
1086 2659 1164 2674 nouv.
1188 2659 1245 2682 aeq.
1261 2651 1315 2679 535,
1336 2653 1428 2681 postea
1448 2649 1601 2680 adjunctum
1621 2653 1661 2672 est
1678 2657 1682 2672 z
1700 2659 1713 2670 «
1734 2657 1785 2672 non
1810 2649 1907 2680 legitur
1928 2658 1939 2672 »
1959 2650 2013 2679 (sol.
2035 2650 2083 2680 11).
2096 2663 2127 2667 —

256 2692 280 2718 2.
293 2693 354 2717 Maii
370 2694 408 2717 28.
426 2694 454 2716 In
471 2694 604 2725 aliquibus
620 2694 800 2724 Kalendariis,
814 2703 839 2718 v.
857 2703 883 2726 g.
897 2695 1010 2718 nationis
1026 2695 1186 2726 Anglicanae
1203 2695 1265 2725 (vid.
1282 2697 1411 2724 Auctar.,
1433 2694 1452 2723 I,
1472 2703 1499 2725 p.
1519 2696 1551 2723 5),
1573 2694 1652 2717 etiam
1671 2702 1764 2717 nomen
1780 2694 1865 2717 sancti
1885 2694 1977 2723 defuit,
1997 2698 2022 2718 et
2041 2695 2128 2718 solum

255 2741 348 2769 postea
363 2738 516 2770 adjunctum
528 2742 568 2762 est
578 2738 657 2761 simul
670 2747 729 2761 cum
743 2749 755 2760 «
772 2747 822 2762 non
838 2739 935 2770 legitur¹
949 2749 962 2761 »
979 2741 1037 2771 (ms.
1052 2740 1098 2763 cit.
1112 2741 1165 2767 535,
1182 2740 1226 2763 fol.
1242 2741 1276 2769 9).

383 2938 448 2955 *Η*
467 2936 563 2960 Chart.
586 2934 664 2959 Univ.
684 2935 777 2959 Paris.
799 2936 843 2959 lv.
1979 2935 2008 2958 75
