<?xml version="1.0" encoding="UTF-8"?>
<!DOCTYPE html PUBLIC "-//W3C//DTD XHTML 1.0 Transitional//EN"
    "http://www.w3.org/TR/xhtml1/DTD/xhtml1-transitional.dtd">
<html xmlns="http://www.w3.org/1999/xhtml" xml:lang="en" lang="en">
 <head>
  <title>
</title>
<meta http-equiv="Content-Type" content="text/html;charset=utf-8" />
  <meta name='ocr-system' content='tesseract 3.04.00' />
  <meta name='ocr-capabilities' content='ocr_page ocr_carea ocr_par ocr_line ocrx_word'/>
</head>
<body>
  <div class='ocr_page' id='page_1' title='image "./chartulariumuniv04univuoft_0668.png"; bbox 0 0 2502 3418; ppageno 0'>
   <div class='ocr_carea' id='block_1_1' title="bbox 379 324 2248 372">
    <p class='ocr_par' dir='ltr' id='par_1_1' title="bbox 379 324 2248 372">
     <span class='ocr_line' id='line_1_1' title="bbox 379 324 2248 372; baseline -0.006 -1"><span class='ocrx_word' id='word_1_1' title='bbox 379 339 443 372; x_wconf 81' lang='lat'>624</span> <span class='ocrx_word' id='word_1_2' title='bbox 958 343 1276 366; x_wconf 73' lang='lat' dir='ltr'>CHARTULARIUM</span> <span class='ocrx_word' id='word_1_3' title='bbox 1310 343 1503 365; x_wconf 70' lang='lat' dir='ltr'>umvaas.</span> <span class='ocrx_word' id='word_1_4' title='bbox 1539 342 1669 364; x_wconf 69' lang='lat' dir='ltr'>rmus.</span> <span class='ocrx_word' id='word_1_5' title='bbox 2149 324 2248 361; x_wconf 78' lang='lat'><strong>[1442</strong></span> 
     </span>
    </p>
   </div>
   <div class='ocr_carea' id='block_1_2' title="bbox 380 412 2255 866">
    <p class='ocr_par' dir='ltr' id='par_1_2' title="bbox 380 412 2255 866">
     <span class='ocr_line' id='line_1_2' title="bbox 380 412 2251 465; baseline -0.006 -10"><span class='ocrx_word' id='word_1_6' title='bbox 380 422 570 463; x_wconf 83' lang='lat' dir='ltr'>habentes,</span> <span class='ocrx_word' id='word_1_7' title='bbox 589 421 791 454; x_wconf 86' lang='lat' dir='ltr'>eorundem</span> <span class='ocrx_word' id='word_1_8' title='bbox 810 419 1067 465; x_wconf 83' lang='lat' dir='ltr'>exponentium</span> <span class='ocrx_word' id='word_1_9' title='bbox 1092 419 1128 451; x_wconf 93' lang='lat' dir='ltr'>in</span> <span class='ocrx_word' id='word_1_10' title='bbox 1145 418 1210 451; x_wconf 88' lang='lat' dir='ltr'>hac</span> <span class='ocrx_word' id='word_1_11' title='bbox 1232 425 1332 463; x_wconf 87' lang='lat' dir='ltr'>parte</span> <span class='ocrx_word' id='word_1_12' title='bbox 1359 417 1688 463; x_wconf 80' lang='lat' dir='ltr'>supplicationibus</span> <span class='ocrx_word' id='word_1_13' title='bbox 1710 414 1873 448; x_wconf 87' lang='lat' dir='ltr'>inclinati</span> <span class='ocrx_word' id='word_1_14' title='bbox 1893 412 2107 446; x_wconf 75' lang='lat' dir='ltr'>fraternitati</span> <span class='ocrx_word' id='word_1_15' title='bbox 2128 419 2251 446; x_wconf 85' lang='lat' dir='ltr'>vestre</span> 
     </span>
     <span class='ocr_line' id='line_1_3' title="bbox 383 480 2252 535; baseline -0.006 -13"><span class='ocrx_word' id='word_1_16' title='bbox 383 502 448 535; x_wconf 88' lang='lat' dir='ltr'>per</span> <span class='ocrx_word' id='word_1_17' title='bbox 475 488 674 534; x_wconf 84' lang='lat' dir='ltr'>apostolica</span> <span class='ocrx_word' id='word_1_18' title='bbox 696 488 828 532; x_wconf 86' lang='lat' dir='ltr'>scripta</span> <span class='ocrx_word' id='word_1_19' title='bbox 856 486 1081 527; x_wconf 74' lang='lat' dir='ltr'>mandamus,</span> <span class='ocrx_word' id='word_1_20' title='bbox 1116 485 1286 531; x_wconf 83' lang='lat' dir='ltr'>quatinus</span> <span class='ocrx_word' id='word_1_21' title='bbox 1316 496 1428 530; x_wconf 88' lang='lat' dir='ltr'>super</span> <span class='ocrx_word' id='word_1_22' title='bbox 1456 484 1632 529; x_wconf 85' lang='lat' dir='ltr'>expositis</span> <span class='ocrx_word' id='word_1_23' title='bbox 1659 481 1870 528; x_wconf 87' lang='lat' dir='ltr'>hujusmodi</span> <span class='ocrx_word' id='word_1_24' title='bbox 1891 480 2102 514; x_wconf 84' lang='lat' dir='ltr'>auctoritate</span> <span class='ocrx_word' id='word_1_25' title='bbox 2128 485 2252 512; x_wconf 86' lang='lat' dir='ltr'>nostra</span> 
     </span>
     <span class='ocr_line' id='line_1_4' title="bbox 384 547 2251 598; baseline -0.007 -7"><span class='ocrx_word' id='word_1_26' title='bbox 384 563 451 591; x_wconf 86' lang='lat' dir='ltr'>nos</span> <span class='ocrx_word' id='word_1_27' title='bbox 473 556 669 590; x_wconf 83' lang='lat' dir='ltr'>informare</span> <span class='ocrx_word' id='word_1_28' title='bbox 691 555 839 595; x_wconf 80' lang='lat' dir='ltr'>curetis,</span> <span class='ocrx_word' id='word_1_29' title='bbox 863 561 898 587; x_wconf 82' lang='lat' dir='ltr'>et</span> <span class='ocrx_word' id='word_1_30' title='bbox 918 554 949 587; x_wconf 88' lang='lat' dir='ltr'>si</span> <span class='ocrx_word' id='word_1_31' title='bbox 970 565 1035 598; x_wconf 91' lang='lat' dir='ltr'>per</span> <span class='ocrx_word' id='word_1_32' title='bbox 1056 552 1346 585; x_wconf 76' lang='lat' dir='ltr'>informationem</span> <span class='ocrx_word' id='word_1_33' title='bbox 1370 551 1581 596; x_wconf 88' lang='lat' dir='ltr'>hujusmodi</span> <span class='ocrx_word' id='word_1_34' title='bbox 1602 551 1648 583; x_wconf 90' lang='lat' dir='ltr'>ita</span> <span class='ocrx_word' id='word_1_35' title='bbox 1670 562 1752 583; x_wconf 90' lang='lat' dir='ltr'>esse</span> <span class='ocrx_word' id='word_1_36' title='bbox 1775 547 2027 594; x_wconf 84' lang='lat' dir='ltr'>reppereritis‚</span> <span class='ocrx_word' id='word_1_37' title='bbox 2049 558 2160 592; x_wconf 86' lang='lat' dir='ltr'>super</span> <span class='ocrx_word' id='word_1_38' title='bbox 2180 557 2251 591; x_wconf 91' lang='lat' dir='ltr'>quo</span> 
     </span>
     <span class='ocr_line' id='line_1_5' title="bbox 384 613 2252 664; baseline -0.006 -7"><span class='ocrx_word' id='word_1_39' title='bbox 384 631 526 657; x_wconf 79' lang='lat' dir='ltr'>vestras</span> <span class='ocrx_word' id='word_1_40' title='bbox 547 622 793 656; x_wconf 80' lang='lat' dir='ltr'>conscientias</span> <span class='ocrx_word' id='word_1_41' title='bbox 815 633 1022 662; x_wconf 80' lang='lat' dir='ltr'>oneramus,</span> <span class='ocrx_word' id='word_1_42' title='bbox 1043 632 1123 661; x_wconf 81' lang='lat' dir='ltr'>vos,</span> <span class='ocrx_word' id='word_1_43' title='bbox 1145 620 1243 664; x_wconf 87' lang='lat' dir='ltr'>quod</span> <span class='ocrx_word' id='word_1_44' title='bbox 1264 619 1393 652; x_wconf 87' lang='lat' dir='ltr'>amodo</span> <span class='ocrx_word' id='word_1_45' title='bbox 1411 619 1677 664; x_wconf 80' lang='lat' dir='ltr'>imperpetuum</span> <span class='ocrx_word' id='word_1_46' title='bbox 1695 617 1773 662; x_wconf 86' lang='lat' dir='ltr'>ipsa</span> <span class='ocrx_word' id='word_1_47' title='bbox 1793 615 2007 650; x_wconf 86' lang='lat' dir='ltr'>cancellaria</span> <span class='ocrx_word' id='word_1_48' title='bbox 2023 613 2126 647; x_wconf 86' lang='lat' dir='ltr'>alteri</span> <span class='ocrx_word' id='word_1_49' title='bbox 2147 625 2252 658; x_wconf 87' lang='lat' dir='ltr'>quam</span> 
     </span>
     <span class='ocr_line' id='line_1_6' title="bbox 385 681 2252 735; baseline -0.006 -11"><span class='ocrx_word' id='word_1_50' title='bbox 385 692 421 724; x_wconf 89' lang='lat' dir='ltr'>in</span> <span class='ocrx_word' id='word_1_51' title='bbox 444 690 630 735; x_wconf 84' lang='lat' dir='ltr'>theologia</span> <span class='ocrx_word' id='word_1_52' title='bbox 647 689 809 722; x_wconf 84' lang='lat' dir='ltr'>Parisius</span> <span class='ocrx_word' id='word_1_53' title='bbox 830 688 1005 733; x_wconf 82' lang='lat' dir='ltr'>magistro</span> <span class='ocrx_word' id='word_1_54' title='bbox 1022 687 1194 728; x_wconf 85' lang='lat' dir='ltr'>conferri,</span> <span class='ocrx_word' id='word_1_55' title='bbox 1218 693 1277 720; x_wconf 88' lang='lat' dir='ltr'>aut</span> <span class='ocrx_word' id='word_1_56' title='bbox 1298 698 1362 731; x_wconf 91' lang='lat' dir='ltr'>per</span> <span class='ocrx_word' id='word_1_57' title='bbox 1378 685 1485 719; x_wconf 88' lang='lat' dir='ltr'>alium</span> <span class='ocrx_word' id='word_1_58' title='bbox 1509 685 1666 718; x_wconf 83' lang='lat' dir='ltr'>obtineri</span> <span class='ocrx_word' id='word_1_59' title='bbox 1685 684 1762 729; x_wconf 85' lang='lat' dir='ltr'>regi</span> <span class='ocrx_word' id='word_1_60' title='bbox 1779 683 1836 717; x_wconf 87' lang='lat' dir='ltr'>vel</span> <span class='ocrx_word' id='word_1_61' title='bbox 1854 682 2015 716; x_wconf 84' lang='lat' dir='ltr'>exerceri</span> <span class='ocrx_word' id='word_1_62' title='bbox 2032 693 2106 714; x_wconf 83' lang='lat' dir='ltr'>non</span> <span class='ocrx_word' id='word_1_63' title='bbox 2122 681 2252 726; x_wconf 75' lang='lat' dir='ltr'>possit,</span> 
     </span>
     <span class='ocr_line' id='line_1_7' title="bbox 386 748 2255 797; baseline -0.006 -6"><span class='ocrx_word' id='word_1_64' title='bbox 386 758 511 791; x_wconf 87' lang='lat' dir='ltr'>eadem</span> <span class='ocrx_word' id='word_1_65' title='bbox 540 757 753 790; x_wconf 84' lang='lat' dir='ltr'>auctoritate</span> <span class='ocrx_word' id='word_1_66' title='bbox 784 755 950 788; x_wconf 84' lang='lat' dir='ltr'>statuatis</span> <span class='ocrx_word' id='word_1_67' title='bbox 981 761 1015 787; x_wconf 88' lang='lat' dir='ltr'>et</span> <span class='ocrx_word' id='word_1_68' title='bbox 1045 754 1237 795; x_wconf 75' lang='lat' dir='ltr'>ordinetis,</span> <span class='ocrx_word' id='word_1_69' title='bbox 1269 753 1444 786; x_wconf 83' lang='lat' dir='ltr'>facientes</span> <span class='ocrx_word' id='word_1_70' title='bbox 1479 752 1576 797; x_wconf 92' lang='lat' dir='ltr'>quod</span> <span class='ocrx_word' id='word_1_71' title='bbox 1607 750 1806 784; x_wconf 90' lang='lat' dir='ltr'>statueritis</span> <span class='ocrx_word' id='word_1_72' title='bbox 1837 757 1872 783; x_wconf 85' lang='lat' dir='ltr'>et</span> <span class='ocrx_word' id='word_1_73' title='bbox 1902 748 2159 782; x_wconf 83' lang='lat' dir='ltr'>ordinaveritis</span> <span class='ocrx_word' id='word_1_74' title='bbox 2191 759 2255 792; x_wconf 90' lang='lat' dir='ltr'>per</span> 
     </span>
     <span class='ocr_line' id='line_1_8' title="bbox 386 815 2254 866; baseline -0.005 -8"><span class='ocrx_word' id='word_1_75' title='bbox 386 837 577 858; x_wconf 85' lang='lat' dir='ltr'>censuram</span> <span class='ocrx_word' id='word_1_76' title='bbox 604 823 887 857; x_wconf 82' lang='lat' dir='ltr'>ecclesiasticam</span> <span class='ocrx_word' id='word_1_77' title='bbox 916 829 951 854; x_wconf 86' lang='lat' dir='ltr'>et</span> <span class='ocrx_word' id='word_1_78' title='bbox 971 822 1038 854; x_wconf 91' lang='lat' dir='ltr'>alia</span> <span class='ocrx_word' id='word_1_79' title='bbox 1061 821 1157 866; x_wconf 87' lang='lat' dir='ltr'>juris</span> <span class='ocrx_word' id='word_1_80' title='bbox 1184 820 1343 853; x_wconf 87' lang='lat' dir='ltr'>remedia</span> <span class='ocrx_word' id='word_1_81' title='bbox 1373 820 1525 853; x_wconf 85' lang='lat' dir='ltr'>firmiter</span> <span class='ocrx_word' id='word_1_82' title='bbox 1550 818 1737 852; x_wconf 84' lang='lat' dir='ltr'>observari</span> <span class='ocrx_word' id='word_1_83' title='bbox 1745 844 1809 851; x_wconf 91' lang='grc'><em>.....</em></span> <span class='ocrx_word' id='word_1_84' title='bbox 1838 819 1916 851; x_wconf 87' lang='lat' dir='ltr'>Dat.</span> <span class='ocrx_word' id='word_1_85' title='bbox 1946 815 2129 850; x_wconf 85' lang='lat' dir='ltr'>Florentie</span> <span class='ocrx_word' id='word_1_86' title='bbox 2160 827 2254 848; x_wconf 85' lang='lat' dir='ltr'>anno</span> 
     </span>
    </p>
   </div>
   <div class='ocr_carea' id='block_1_3' title="bbox 388 882 2254 939">
    <p class='ocr_par' dir='ltr' id='par_1_3' title="bbox 388 882 2254 939">
     <span class='ocr_line' id='line_1_9' title="bbox 388 882 2254 939; baseline -0.006 -14"><span class='ocrx_word' id='word_1_87' title='bbox 388 890 652 939; x_wconf 67' lang='lat' dir='ltr'>incarnationis</span> <span class='ocrx_word' id='word_1_88' title='bbox 674 890 855 923; x_wconf 91' lang='lat' dir='ltr'>dominice</span> <span class='ocrx_word' id='word_1_89' title='bbox 876 888 1331 934; x_wconf 29' lang='lat' dir='ltr'>milles..quadringentes.</span> <span class='ocrx_word' id='word_1_90' title='bbox 1355 887 1634 933; x_wconf 86' lang='lat' dir='ltr'>quadragesimo</span> <span class='ocrx_word' id='word_1_91' title='bbox 1657 885 1786 931; x_wconf 72' lang='lat' dir='ltr'>primo,</span> <span class='ocrx_word' id='word_1_92' title='bbox 1809 885 1963 930; x_wconf 79' lang='lat' dir='ltr'>septimo</span> <span class='ocrx_word' id='word_1_93' title='bbox 1985 884 2034 917; x_wconf 90' lang='lat' dir='ltr'>id.</span> <span class='ocrx_word' id='word_1_94' title='bbox 2054 882 2254 924; x_wconf 83' lang='lat' dir='ltr'>Februarii,</span> 
     </span>
    </p>
   </div>
   <div class='ocr_carea' id='block_1_4' title="bbox 388 958 708 993">
    <p class='ocr_par' dir='ltr' id='par_1_4' title="bbox 388 958 708 993">
     <span class='ocr_line' id='line_1_10' title="bbox 388 958 708 993; baseline -0.013 0"><span class='ocrx_word' id='word_1_95' title='bbox 388 972 483 993; x_wconf 88' lang='lat' dir='ltr'>anno</span> <span class='ocrx_word' id='word_1_96' title='bbox 501 958 708 992; x_wconf 82' lang='lat' dir='ltr'>undecimo.</span> 
     </span>
    </p>
   </div>
   <div class='ocr_carea' id='block_1_5' title="bbox 388 1049 2259 1178">
    <p class='ocr_par' dir='ltr' id='par_1_5' title="bbox 388 1049 2259 1178">
     <span class='ocr_line' id='line_1_11' title="bbox 481 1049 2259 1090; baseline -0.006 -8"><span class='ocrx_word' id='word_1_97' title='bbox 481 1060 544 1090; x_wconf 85' lang='lat' dir='ltr'>ch.</span> <span class='ocrx_word' id='word_1_98' title='bbox 563 1058 619 1082; x_wconf 88' lang='lat' dir='ltr'>Lat.</span> <span class='ocrx_word' id='word_1_99' title='bbox 636 1057 736 1088; x_wconf 84' lang='lat' dir='ltr'>Eugen.</span> <span class='ocrx_word' id='word_1_100' title='bbox 760 1056 802 1085; x_wconf 75' lang='lat' dir='ltr'>IVy</span> <span class='ocrx_word' id='word_1_101' title='bbox 826 1060 854 1078; x_wconf 85' lang='lat' dir='ltr'>n⁰</span> <span class='ocrx_word' id='word_1_102' title='bbox 875 1056 930 1085; x_wconf 74' lang='lat'>382,</span> <span class='ocrx_word' id='word_1_103' title='bbox 957 1055 1002 1078; x_wconf 84' lang='lat' dir='ltr'>sol.</span> <span class='ocrx_word' id='word_1_104' title='bbox 1019 1055 1073 1079; x_wconf 79' lang='lat'>122.</span> <span class='ocrx_word' id='word_1_105' title='bbox 1094 1069 1123 1072; x_wconf 97' lang='lat'><strong>—</strong></span> <span class='ocrx_word' id='word_1_106' title='bbox 1144 1055 1268 1078; x_wconf 89' lang='lat' dir='ltr'>Summus</span> <span class='ocrx_word' id='word_1_107' title='bbox 1294 1053 1412 1085; x_wconf 75' lang='lat' dir='ltr'>pontifex</span> <span class='ocrx_word' id='word_1_108' title='bbox 1436 1053 1532 1077; x_wconf 82' lang='lat' dir='ltr'>certior</span> <span class='ocrx_word' id='word_1_109' title='bbox 1556 1054 1643 1076; x_wconf 82' lang='lat' dir='ltr'>suctus</span> <span class='ocrx_word' id='word_1_110' title='bbox 1663 1055 1703 1076; x_wconf 83' lang='lat' dir='ltr'>est</span> <span class='ocrx_word' id='word_1_111' title='bbox 1719 1060 1767 1083; x_wconf 81' lang='lat' dir='ltr'>per</span> <span class='ocrx_word' id='word_1_112' title='bbox 1781 1051 1936 1083; x_wconf 81' lang='lat' dir='ltr'>episcopum</span> <span class='ocrx_word' id='word_1_113' title='bbox 1952 1050 2078 1074; x_wconf 78' lang='lat' dir='ltr'>Meldens.</span> <span class='ocrx_word' id='word_1_114' title='bbox 2094 1049 2210 1079; x_wconf 87' lang='lat' dir='ltr'>(Petrum</span> <span class='ocrx_word' id='word_1_115' title='bbox 2227 1049 2259 1072; x_wconf 79' lang='lat' dir='ltr'>de</span> 
     </span>
     <span class='ocr_line' id='line_1_12' title="bbox 388 1094 2259 1133; baseline -0.005 -7"><span class='ocrx_word' id='word_1_116' title='bbox 388 1103 524 1133; x_wconf 78' lang='lat' dir='ltr'>Ver-saliis)</span> <span class='ocrx_word' id='word_1_117' title='bbox 546 1106 571 1126; x_wconf 80' lang='lat' dir='ltr'>et</span> <span class='ocrx_word' id='word_1_118' title='bbox 592 1110 639 1133; x_wconf 85' lang='lat' dir='ltr'>per</span> <span class='ocrx_word' id='word_1_119' title='bbox 655 1102 797 1125; x_wconf 85' lang='lat' dir='ltr'>Robertum</span> <span class='ocrx_word' id='word_1_120' title='bbox 813 1101 844 1124; x_wconf 89' lang='lat' dir='ltr'>de</span> <span class='ocrx_word' id='word_1_121' title='bbox 858 1100 977 1129; x_wconf 73' lang='lat' dir='ltr'>Cssmule,</span> <span class='ocrx_word' id='word_1_122' title='bbox 994 1099 1037 1131; x_wconf 90' lang='lat' dir='ltr'>qui</span> <span class='ocrx_word' id='word_1_123' title='bbox 1054 1103 1115 1123; x_wconf 91' lang='lat' dir='ltr'>tunc</span> <span class='ocrx_word' id='word_1_124' title='bbox 1133 1099 1158 1122; x_wconf 91' lang='lat' dir='ltr'>in</span> <span class='ocrx_word' id='word_1_125' title='bbox 1174 1099 1248 1122; x_wconf 78' lang='lat' dir='ltr'>curia</span> <span class='ocrx_word' id='word_1_126' title='bbox 1262 1100 1335 1123; x_wconf 89' lang='lat' dir='ltr'>Rom.</span> <span class='ocrx_word' id='word_1_127' title='bbox 1351 1107 1399 1130; x_wconf 87' lang='lat' dir='ltr'>pro</span> <span class='ocrx_word' id='word_1_128' title='bbox 1419 1101 1496 1130; x_wconf 84' lang='lat' dir='ltr'>parte</span> <span class='ocrx_word' id='word_1_129' title='bbox 1512 1097 1582 1129; x_wconf 79' lang='lat' dir='ltr'>regis</span> <span class='ocrx_word' id='word_1_130' title='bbox 1605 1097 1692 1121; x_wconf 85' lang='lat' dir='ltr'>Caroli</span> <span class='ocrx_word' id='word_1_131' title='bbox 1713 1097 1836 1128; x_wconf 81' lang='lat' dir='ltr'>agebant.</span> <span class='ocrx_word' id='word_1_132' title='bbox 1855 1096 2014 1124; x_wconf 63' lang='lat' dir='ltr'>HEMERAEO,</span> <span class='ocrx_word' id='word_1_133' title='bbox 2030 1094 2056 1117; x_wconf 93' lang='lat' dir='ltr'>in</span> <span class='ocrx_word' id='word_1_134' title='bbox 2073 1102 2120 1118; x_wconf 72' lang='lat' dir='ltr'>suo</span> <span class='ocrx_word' id='word_1_135' title='bbox 2135 1094 2204 1117; x_wconf 88' lang='lat' dir='ltr'>libro</span> <span class='ocrx_word' id='word_1_136' title='bbox 2219 1094 2259 1118; x_wconf 82' lang='lat' dir='ltr'>De</span> 
     </span>
     <span class='ocr_line' id='line_1_13' title="bbox 389 1142 1626 1178; baseline -0.006 -5"><span class='ocrx_word' id='word_1_137' title='bbox 389 1149 534 1173; x_wconf 80' lang='lat' dir='ltr'>academia</span> <span class='ocrx_word' id='word_1_138' title='bbox 549 1147 653 1176; x_wconf 77' lang='lat' dir='ltr'>Paris.y</span> <span class='ocrx_word' id='word_1_139' title='bbox 669 1155 696 1178; x_wconf 88' lang='lat' dir='ltr'>p.</span> <span class='ocrx_word' id='word_1_140' title='bbox 711 1147 749 1175; x_wconf 82' lang='lat'>87,</span> <span class='ocrx_word' id='word_1_141' title='bbox 766 1148 827 1169; x_wconf 75' lang='lat' dir='ltr'>nota</span> <span class='ocrx_word' id='word_1_142' title='bbox 842 1149 899 1169; x_wconf 81' lang='lat' dir='ltr'>erat</span> <span class='ocrx_word' id='word_1_143' title='bbox 913 1145 996 1176; x_wconf 81' lang='lat' dir='ltr'>bulla,</span> <span class='ocrx_word' id='word_1_144' title='bbox 1012 1153 1090 1176; x_wconf 81' lang='lat' dir='ltr'>quam</span> <span class='ocrx_word' id='word_1_145' title='bbox 1104 1152 1245 1176; x_wconf 80' lang='lat' dir='ltr'>perperam</span> <span class='ocrx_word' id='word_1_146' title='bbox 1260 1144 1293 1167; x_wconf 82' lang='lat' dir='ltr'>ud</span> <span class='ocrx_word' id='word_1_147' title='bbox 1309 1152 1351 1167; x_wconf 82' lang='lat' dir='ltr'>an.</span> <span class='ocrx_word' id='word_1_148' title='bbox 1368 1144 1397 1166; x_wconf 91' lang='grc'>10</span> <span class='ocrx_word' id='word_1_149' title='bbox 1412 1142 1523 1174; x_wconf 86' lang='lat' dir='ltr'>Eugenii</span> <span class='ocrx_word' id='word_1_150' title='bbox 1537 1144 1626 1166; x_wconf 74' lang='lat' dir='ltr'>refert.</span> 
     </span>
    </p>
   </div>
   <div class='ocr_carea' id='block_1_6' title="bbox 391 1316 1975 1392">
    <p class='ocr_par' dir='ltr' id='par_1_6' title="bbox 391 1316 1975 1392">
     <span class='ocr_line' id='line_1_14' title="bbox 391 1316 1106 1357; baseline -0.007 -4"><span class='ocrx_word' id='word_1_151' title='bbox 391 1316 536 1352; x_wconf 81' lang='lat'>2558.</span> <span class='ocrx_word' id='word_1_152' title='bbox 560 1323 715 1349; x_wconf 77' lang='lat' dir='ltr'>Licentiati</span> <span class='ocrx_word' id='word_1_153' title='bbox 731 1323 759 1348; x_wconf 83' lang='lat' dir='ltr'>in</span> <span class='ocrx_word' id='word_1_154' title='bbox 774 1322 920 1357; x_wconf 76' lang='lat' dir='ltr'>facultate</span> <span class='ocrx_word' id='word_1_155' title='bbox 935 1321 1106 1357; x_wconf 78' lang='lat' dir='ltr'>theologiae.</span> 
     </span>
     <span class='ocr_line' id='line_1_15' title="bbox 1566 1362 1975 1392; baseline -0.002 -4"><span class='ocrx_word' id='word_1_156' title='bbox 1566 1363 1642 1392; x_wconf 78' lang='lat'><strong>7442,</strong></span> <span class='ocrx_word' id='word_1_157' title='bbox 1659 1362 1794 1389; x_wconf 68' lang='lat' dir='ltr'>Febr-uari}</span> <span class='ocrx_word' id='word_1_158' title='bbox 1802 1362 1844 1390; x_wconf 75' lang='lat'>22,</span> <span class='ocrx_word' id='word_1_159' title='bbox 1860 1362 1975 1387; x_wconf 77' lang='lat' dir='ltr'>Parisiis.</span> 
     </span>
    </p>
   </div>
   <div class='ocr_carea' id='block_1_7' title="bbox 399 1450 2196 1835">
    <p class='ocr_par' dir='ltr' id='par_1_7' title="bbox 481 1450 2039 1588">
     <span class='ocr_line' id='line_1_16' title="bbox 481 1450 2039 1490; baseline -0.004 -8"><span class='ocrx_word' id='word_1_160' title='bbox 481 1457 552 1490; x_wconf 83' lang='lat' dir='ltr'>Mag.</span> <span class='ocrx_word' id='word_1_161' title='bbox 572 1456 673 1482; x_wconf 86' lang='lat' dir='ltr'>Petrus</span> <span class='ocrx_word' id='word_1_162' title='bbox 687 1455 723 1481; x_wconf 91' lang='lat' dir='ltr'>de</span> <span class='ocrx_word' id='word_1_163' title='bbox 738 1454 902 1485; x_wconf 77' lang='lat' dir='ltr'>Vaucello⁴‚</span> <span class='ocrx_word' id='word_1_164' title='bbox 919 1455 1022 1482; x_wconf 85' lang='lat' dir='ltr'>Navar.</span> <span class='ocrx_word' id='word_1_165' title='bbox 1435 1454 1510 1479; x_wconf 84' lang='lat' dir='ltr'>Frat.</span> <span class='ocrx_word' id='word_1_166' title='bbox 1526 1452 1703 1478; x_wconf 89' lang='lat' dir='ltr'>Guillelmus</span> <span class='ocrx_word' id='word_1_167' title='bbox 1717 1451 1753 1477; x_wconf 90' lang='lat' dir='ltr'>de</span> <span class='ocrx_word' id='word_1_168' title='bbox 1767 1451 1925 1480; x_wconf 83' lang='lat' dir='ltr'>Torculari,</span> <span class='ocrx_word' id='word_1_169' title='bbox 1942 1450 2039 1476; x_wconf 90' lang='lat' dir='ltr'>Carm.</span> 
     </span>
     <span class='ocr_line' id='line_1_17' title="bbox 500 1501 2009 1536; baseline -0.003 -5"><span class='ocrx_word' id='word_1_170' title='bbox 500 1521 535 1524; x_wconf 81' lang='lat'>—</span> <span class='ocrx_word' id='word_1_171' title='bbox 572 1505 721 1531; x_wconf 87' lang='lat' dir='ltr'>Johannes</span> <span class='ocrx_word' id='word_1_172' title='bbox 736 1505 771 1531; x_wconf 88' lang='lat' dir='ltr'>de</span> <span class='ocrx_word' id='word_1_173' title='bbox 786 1505 867 1531; x_wconf 87' lang='lat' dir='ltr'>Oliva</span> <span class='ocrx_word' id='word_1_174' title='bbox 875 1504 895 1531; x_wconf 74' lang='lat'>2.</span> <span class='ocrx_word' id='word_1_175' title='bbox 1435 1504 1508 1536; x_wconf 85' lang='lat' dir='ltr'>Mag.</span> <span class='ocrx_word' id='word_1_176' title='bbox 1526 1502 1702 1529; x_wconf 91' lang='lat' dir='ltr'>Guillelmus</span> <span class='ocrx_word' id='word_1_177' title='bbox 1718 1501 1893 1531; x_wconf 78' lang='lat' dir='ltr'>Pommier⁸‚</span> <span class='ocrx_word' id='word_1_178' title='bbox 1910 1501 2009 1527; x_wconf 90' lang='lat' dir='ltr'>Navar.</span> 
     </span>
     <span class='ocr_line' id='line_1_18' title="bbox 501 1549 1985 1588; baseline -0.004 -7"><span class='ocrx_word' id='word_1_179' title='bbox 501 1570 535 1573; x_wconf 31' lang='lat' dir='ltr'>—e</span> <span class='ocrx_word' id='word_1_180' title='bbox 573 1555 751 1581; x_wconf 90' lang='lat' dir='ltr'>Guillelmus</span> <span class='ocrx_word' id='word_1_181' title='bbox 766 1554 881 1588; x_wconf 79' lang='lat' dir='ltr'>Aubery</span> <span class='ocrx_word' id='word_1_182' title='bbox 891 1553 912 1580; x_wconf 78' lang='lat'>³.</span> <span class='ocrx_word' id='word_1_183' title='bbox 1437 1552 1512 1577; x_wconf 86' lang='lat' dir='ltr'>Frat.</span> <span class='ocrx_word' id='word_1_184' title='bbox 1527 1551 1657 1577; x_wconf 88' lang='lat' dir='ltr'>Nicolaus</span> <span class='ocrx_word' id='word_1_185' title='bbox 1671 1550 1864 1583; x_wconf 82' lang='lat' dir='ltr'>Quadrigarii,</span> <span class='ocrx_word' id='word_1_186' title='bbox 1881 1549 1985 1582; x_wconf 81' lang='lat' dir='ltr'>Aug.⁰.</span> 
     </span>
    </p>

    <p class='ocr_par' dir='ltr' id='par_1_8' title="bbox 500 1599 1908 1634">
     <span class='ocr_line' id='line_1_19' title="bbox 500 1599 1908 1634; baseline -0.004 -4"><span class='ocrx_word' id='word_1_187' title='bbox 500 1620 535 1622; x_wconf 97' lang='lat'><strong>—</strong></span> <span class='ocrx_word' id='word_1_188' title='bbox 573 1605 675 1630; x_wconf 86' lang='lat' dir='ltr'>Petrus</span> <span class='ocrx_word' id='word_1_189' title='bbox 687 1603 842 1630; x_wconf 79' lang='lat' dir='ltr'>Richerii‘.</span> <span class='ocrx_word' id='word_1_190' title='bbox 1436 1601 1509 1634; x_wconf 83' lang='lat' dir='ltr'>Mag.</span> <span class='ocrx_word' id='word_1_191' title='bbox 1526 1600 1672 1626; x_wconf 84' lang='lat' dir='ltr'>Mattheus</span> <span class='ocrx_word' id='word_1_192' title='bbox 1684 1599 1809 1628; x_wconf 82' lang='lat' dir='ltr'>Andree.</span> <span class='ocrx_word' id='word_1_193' title='bbox 1827 1599 1908 1625; x_wconf 89' lang='lat' dir='ltr'>Sorb.</span> 
     </span>
    </p>

    <p class='ocr_par' dir='ltr' id='par_1_9' title="bbox 487 1648 2041 1783">
     <span class='ocr_line' id='line_1_20' title="bbox 487 1648 1886 1682; baseline -0.004 -3"><span class='ocrx_word' id='word_1_194' title='bbox 487 1654 562 1679; x_wconf 86' lang='lat' dir='ltr'>Frat.</span> <span class='ocrx_word' id='word_1_195' title='bbox 577 1653 753 1679; x_wconf 87' lang='lat' dir='ltr'>Guillelmus</span> <span class='ocrx_word' id='word_1_196' title='bbox 769 1651 874 1682; x_wconf 85' lang='lat' dir='ltr'>Valle&#39;e,</span> <span class='ocrx_word' id='word_1_197' title='bbox 891 1652 1003 1679; x_wconf 73' lang='lat' dir='ltr'>Pred.⁵.</span> <span class='ocrx_word' id='word_1_198' title='bbox 1437 1650 1512 1675; x_wconf 87' lang='lat' dir='ltr'>Frat.</span> <span class='ocrx_word' id='word_1_199' title='bbox 1529 1649 1677 1675; x_wconf 85' lang='lat' dir='ltr'>Johannes</span> <span class='ocrx_word' id='word_1_200' title='bbox 1691 1648 1795 1679; x_wconf 82' lang='lat' dir='ltr'>Boerii.</span> <span class='ocrx_word' id='word_1_201' title='bbox 1811 1648 1886 1681; x_wconf 82' lang='lat' dir='ltr'>Aug.</span> 
     </span>
     <span class='ocr_line' id='line_1_21' title="bbox 504 1697 2041 1729; baseline -0.003 -2"><span class='ocrx_word' id='word_1_202' title='bbox 504 1718 539 1720; x_wconf 82' lang='lat'><strong>—</strong></span> <span class='ocrx_word' id='word_1_203' title='bbox 576 1702 744 1728; x_wconf 82' lang='lat' dir='ltr'>Anthonius</span> <span class='ocrx_word' id='word_1_204' title='bbox 758 1701 794 1728; x_wconf 89' lang='lat' dir='ltr'>de</span> <span class='ocrx_word' id='word_1_205' title='bbox 808 1702 902 1729; x_wconf 79' lang='lat' dir='ltr'>Rubo.</span> <span class='ocrx_word' id='word_1_206' title='bbox 919 1701 1046 1727; x_wconf 73' lang='lat' dir='ltr'>Carm.s·.</span> <span class='ocrx_word' id='word_1_207' title='bbox 1455 1714 1488 1717; x_wconf 97' lang='lat'><strong>—</strong></span> <span class='ocrx_word' id='word_1_208' title='bbox 1526 1698 1675 1724; x_wconf 87' lang='lat' dir='ltr'>Johannes</span> <span class='ocrx_word' id='word_1_209' title='bbox 1689 1698 1725 1724; x_wconf 89' lang='lat' dir='ltr'>de</span> <span class='ocrx_word' id='word_1_210' title='bbox 1739 1698 1914 1728; x_wconf 89' lang='lat' dir='ltr'>Camhrone‚</span> <span class='ocrx_word' id='word_1_211' title='bbox 1930 1698 1999 1724; x_wconf 92' lang='lat' dir='ltr'>Cist.</span> <span class='ocrx_word' id='word_1_212' title='bbox 2010 1697 2041 1724; x_wconf 82' lang='lat'>¹⁰.</span> 
     </span>
     <span class='ocr_line' id='line_1_22' title="bbox 504 1747 1960 1783; baseline -0.002 -7"><span class='ocrx_word' id='word_1_213' title='bbox 504 1766 539 1769; x_wconf 87' lang='lat'>—</span> <span class='ocrx_word' id='word_1_214' title='bbox 576 1750 724 1776; x_wconf 86' lang='lat' dir='ltr'>Johannes</span> <span class='ocrx_word' id='word_1_215' title='bbox 751 1749 820 1775; x_wconf 88' lang='lat' dir='ltr'>Pain</span> <span class='ocrx_word' id='word_1_216' title='bbox 842 1751 871 1775; x_wconf 87' lang='lat' dir='ltr'>et</span> <span class='ocrx_word' id='word_1_217' title='bbox 892 1749 987 1783; x_wconf 74' lang='lat' dir='ltr'>Chair,</span> <span class='ocrx_word' id='word_1_218' title='bbox 1015 1750 1141 1778; x_wconf 76' lang='lat' dir='ltr'>vocatus.</span> <span class='ocrx_word' id='word_1_219' title='bbox 1166 1747 1223 1783; x_wconf 89' lang='lat' dir='ltr'>[sed</span> <span class='ocrx_word' id='word_1_220' title='bbox 1245 1755 1306 1774; x_wconf 91' lang='lat' dir='ltr'>non</span> <span class='ocrx_word' id='word_1_221' title='bbox 1456 1763 1489 1767; x_wconf 92' lang='lat'>—</span> <span class='ocrx_word' id='word_1_222' title='bbox 1527 1747 1658 1774; x_wconf 79' lang='lat' dir='ltr'>Nicotaus</span> <span class='ocrx_word' id='word_1_223' title='bbox 1672 1747 1829 1781; x_wconf 79' lang='lat' dir='ltr'>Anberg¹¹‚</span> <span class='ocrx_word' id='word_1_224' title='bbox 1846 1747 1960 1774; x_wconf 88' lang='lat' dir='ltr'>Cisterc.</span> 
     </span>
    </p>

    <p class='ocr_par' dir='ltr' id='par_1_10' title="bbox 399 1794 2196 1835">
     <span class='ocr_line' id='line_1_23' title="bbox 399 1794 2196 1835; baseline -0.002 -10"><span class='ocrx_word' id='word_1_225' title='bbox 399 1799 598 1835; x_wconf 80' lang='lat' dir='ltr'>licentiatus]⁷.</span> <span class='ocrx_word' id='word_1_226' title='bbox 1438 1798 1511 1831; x_wconf 83' lang='lat' dir='ltr'>Mag.</span> <span class='ocrx_word' id='word_1_227' title='bbox 1529 1797 1660 1823; x_wconf 81' lang='lat' dir='ltr'>Nicotaus</span> <span class='ocrx_word' id='word_1_228' title='bbox 1674 1797 1710 1823; x_wconf 87' lang='lat' dir='ltr'>de</span> <span class='ocrx_word' id='word_1_229' title='bbox 1725 1797 1858 1826; x_wconf 84' lang='lat' dir='ltr'>Parisius,</span> <span class='ocrx_word' id='word_1_230' title='bbox 1874 1797 1955 1823; x_wconf 90' lang='lat' dir='ltr'>Sorb.</span> <span class='ocrx_word' id='word_1_231' title='bbox 2142 1794 2196 1830; x_wconf 86' lang='lat'>[15]</span> 
     </span>
    </p>
   </div>
   <div class='ocr_carea' id='block_1_8' title="bbox 399 1882 2270 1963">
    <p class='ocr_par' dir='ltr' id='par_1_11' title="bbox 399 1882 2270 1963">
     <span class='ocr_line' id='line_1_24' title="bbox 493 1882 2270 1916; baseline -0.003 -4"><span class='ocrx_word' id='word_1_232' title='bbox 493 1889 561 1912; x_wconf 86' lang='lat' dir='ltr'>Bibl.</span> <span class='ocrx_word' id='word_1_233' title='bbox 578 1891 632 1912; x_wconf 85' lang='lat' dir='ltr'>nat.</span> <span class='ocrx_word' id='word_1_234' title='bbox 649 1888 743 1916; x_wconf 65' lang='lat' dir='ltr'>Paris„</span> <span class='ocrx_word' id='word_1_235' title='bbox 764 1896 813 1911; x_wconf 87' lang='lat' dir='ltr'>ms.</span> <span class='ocrx_word' id='word_1_236' title='bbox 836 1888 882 1911; x_wconf 80' lang='lat' dir='ltr'>lat.</span> <span class='ocrx_word' id='word_1_237' title='bbox 903 1888 984 1916; x_wconf 67' lang='lat'>565722,</span> <span class='ocrx_word' id='word_1_238' title='bbox 1001 1887 1046 1911; x_wconf 80' lang='lat' dir='ltr'>sol.</span> <span class='ocrx_word' id='word_1_239' title='bbox 1067 1888 1106 1911; x_wconf 81' lang='lat'>20.</span> <span class='ocrx_word' id='word_1_240' title='bbox 1122 1900 1152 1904; x_wconf 93' lang='lat'>——</span> <span class='ocrx_word' id='word_1_241' title='bbox 1167 1887 1301 1911; x_wconf 80' lang='lat' dir='ltr'>Gerardus</span> <span class='ocrx_word' id='word_1_242' title='bbox 1318 1886 1429 1910; x_wconf 82' lang='lat' dir='ltr'>Macheti</span> <span class='ocrx_word' id='word_1_243' title='bbox 1448 1895 1458 1909; x_wconf 91' lang='grc'>11</span> <span class='ocrx_word' id='word_1_244' title='bbox 1476 1886 1587 1909; x_wconf 77' lang='lat' dir='ltr'>miratus</span> <span class='ocrx_word' id='word_1_245' title='bbox 1603 1889 1643 1909; x_wconf 80' lang='lat' dir='ltr'>est</span> <span class='ocrx_word' id='word_1_246' title='bbox 1657 1885 1778 1909; x_wconf 85' lang='lat' dir='ltr'>ordinem</span> <span class='ocrx_word' id='word_1_247' title='bbox 1793 1885 1870 1908; x_wconf 90' lang='lat' dir='ltr'>illum</span> <span class='ocrx_word' id='word_1_248' title='bbox 1885 1885 1977 1908; x_wconf 85' lang='lat' dir='ltr'>datum</span> <span class='ocrx_word' id='word_1_249' title='bbox 1993 1884 2019 1907; x_wconf 89' lang='lat' dir='ltr'>in</span> <span class='ocrx_word' id='word_1_250' title='bbox 2034 1883 2143 1908; x_wconf 84' lang='lat' dir='ltr'>licentia</span> <span class='ocrx_word' id='word_1_251' title='bbox 2156 1891 2179 1907; x_wconf 81' lang='grc'>»-</span> <span class='ocrx_word' id='word_1_252' title='bbox 2199 1882 2270 1913; x_wconf 78' lang='lat' dir='ltr'>Idem</span> 
     </span>
     <span class='ocr_line' id='line_1_25' title="bbox 399 1931 1289 1963; baseline -0.002 -6"><span class='ocrx_word' id='word_1_253' title='bbox 399 1936 425 1957; x_wconf 86' lang='lat' dir='ltr'>et</span> <span class='ocrx_word' id='word_1_254' title='bbox 440 1933 569 1957; x_wconf 82' lang='lat' dir='ltr'>Robertus</span> <span class='ocrx_word' id='word_1_255' title='bbox 585 1933 616 1956; x_wconf 83' lang='lat' dir='ltr'>dc</span> <span class='ocrx_word' id='word_1_256' title='bbox 632 1933 752 1956; x_wconf 87' lang='lat' dir='ltr'>Ciboule.</span> <span class='ocrx_word' id='word_1_257' title='bbox 770 1932 892 1956; x_wconf 86' lang='lat' dir='ltr'>Remedio</span> <span class='ocrx_word' id='word_1_258' title='bbox 908 1940 974 1963; x_wconf 88' lang='lat' dir='ltr'>opus</span> <span class='ocrx_word' id='word_1_259' title='bbox 990 1940 1048 1955; x_wconf 85' lang='lat' dir='ltr'>esse</span> <span class='ocrx_word' id='word_1_260' title='bbox 1065 1933 1152 1963; x_wconf 85' lang='lat' dir='ltr'>(Epp.‚</span> <span class='ocrx_word' id='word_1_261' title='bbox 1170 1932 1215 1955; x_wconf 81' lang='lat' dir='ltr'>sol.</span> <span class='ocrx_word' id='word_1_262' title='bbox 1229 1931 1289 1963; x_wconf 77' lang='lat'>40¹²).</span> 
     </span>
    </p>
   </div>
   <div class='ocr_carea' id='block_1_9' title="bbox 399 2013 2275 2362">
    <p class='ocr_par' dir='ltr' id='par_1_12' title="bbox 399 2013 2275 2362">
     <span class='ocr_line' id='line_1_26' title="bbox 495 2013 2270 2048; baseline -0.002 -7"><span class='ocrx_word' id='word_1_263' title='bbox 495 2017 520 2042; x_wconf 96' lang='grc'>1.</span> <span class='ocrx_word' id='word_1_264' title='bbox 536 2017 720 2048; x_wconf 74' lang='lat' dir='ltr'>Vesperisatus</span> <span class='ocrx_word' id='word_1_265' title='bbox 737 2016 821 2048; x_wconf 76' lang='lat' dir='ltr'>April.</span> <span class='ocrx_word' id='word_1_266' title='bbox 837 2018 861 2046; x_wconf 84' lang='lat'>9,</span> <span class='ocrx_word' id='word_1_267' title='bbox 878 2017 1005 2048; x_wconf 81' lang='lat' dir='ltr'>magister</span> <span class='ocrx_word' id='word_1_268' title='bbox 1024 2017 1104 2040; x_wconf 84' lang='lat' dir='ltr'>theol.</span> <span class='ocrx_word' id='word_1_269' title='bbox 1123 2016 1207 2048; x_wconf 81' lang='lat' dir='ltr'>April.</span> <span class='ocrx_word' id='word_1_270' title='bbox 1228 2018 1257 2040; x_wconf 78' lang='lat'>23</span> <span class='ocrx_word' id='word_1_271' title='bbox 1280 2016 1376 2048; x_wconf 82' lang='lat' dir='ltr'>(ibid.),</span> <span class='ocrx_word' id='word_1_272' title='bbox 1397 2016 1428 2040; x_wconf 86' lang='lat' dir='ltr'>de</span> <span class='ocrx_word' id='word_1_273' title='bbox 1448 2019 1499 2048; x_wconf 82' lang='lat' dir='ltr'>quo</span> <span class='ocrx_word' id='word_1_274' title='bbox 1514 2016 1594 2040; x_wconf 85' lang='lat' dir='ltr'>etiam</span> <span class='ocrx_word' id='word_1_275' title='bbox 1610 2015 1704 2039; x_wconf 76' lang='lat' dir='ltr'>scribit</span> <span class='ocrx_word' id='word_1_276' title='bbox 1719 2015 1852 2040; x_wconf 79' lang='lat' dir='ltr'>Gemrdus</span> <span class='ocrx_word' id='word_1_277' title='bbox 1872 2014 1984 2038; x_wconf 77' lang='lat' dir='ltr'>Macheti</span> <span class='ocrx_word' id='word_1_278' title='bbox 1998 2022 2088 2038; x_wconf 81' lang='lat' dir='ltr'>mense</span> <span class='ocrx_word' id='word_1_279' title='bbox 2106 2013 2168 2038; x_wconf 81' lang='lat' dir='ltr'>Maii</span> <span class='ocrx_word' id='word_1_280' title='bbox 2183 2014 2270 2045; x_wconf 69' lang='lat' dir='ltr'>ffipp„</span> 
     </span>
     <span class='ocr_line' id='line_1_27' title="bbox 403 2058 2272 2093; baseline -0.002 -8"><span class='ocrx_word' id='word_1_281' title='bbox 403 2063 448 2085; x_wconf 83' lang='lat' dir='ltr'>sol.</span> <span class='ocrx_word' id='word_1_282' title='bbox 465 2064 513 2092; x_wconf 77' lang='lat'>39).</span> <span class='ocrx_word' id='word_1_283' title='bbox 529 2063 600 2085; x_wconf 77' lang='lat' dir='ltr'>Anno</span> <span class='ocrx_word' id='word_1_284' title='bbox 618 2061 738 2093; x_wconf 82' lang='lat' dir='ltr'>sequenti</span> <span class='ocrx_word' id='word_1_285' title='bbox 754 2062 882 2093; x_wconf 79' lang='lat' dir='ltr'>magister</span> <span class='ocrx_word' id='word_1_286' title='bbox 896 2062 1081 2093; x_wconf 79' lang='lat' dir='ltr'>theologorum</span> <span class='ocrx_word' id='word_1_287' title='bbox 1097 2061 1122 2084; x_wconf 90' lang='lat' dir='ltr'>in</span> <span class='ocrx_word' id='word_1_288' title='bbox 1141 2062 1258 2093; x_wconf 83' lang='lat' dir='ltr'>Collegio</span> <span class='ocrx_word' id='word_1_289' title='bbox 1274 2062 1408 2085; x_wconf 79' lang='lat' dir='ltr'>Navarrae</span> <span class='ocrx_word' id='word_1_290' title='bbox 1425 2069 1440 2084; x_wconf 86' lang='grc'>11</span> <span class='ocrx_word' id='word_1_291' title='bbox 1458 2069 1519 2091; x_wconf 76' lang='lat' dir='ltr'>rege</span> <span class='ocrx_word' id='word_1_292' title='bbox 1535 2062 1619 2084; x_wconf 74' lang='lat' dir='ltr'>factus</span> <span class='ocrx_word' id='word_1_293' title='bbox 1635 2064 1684 2084; x_wconf 81' lang='lat' dir='ltr'>est.</span> <span class='ocrx_word' id='word_1_294' title='bbox 1698 2061 1763 2084; x_wconf 85' lang='lat' dir='ltr'>Eum</span> <span class='ocrx_word' id='word_1_295' title='bbox 1780 2060 1914 2084; x_wconf 66' lang='lat' dir='ltr'>Gon-ardus</span> <span class='ocrx_word' id='word_1_296' title='bbox 1930 2059 2051 2089; x_wconf 77' lang='lat' dir='ltr'>Macheti,</span> <span class='ocrx_word' id='word_1_297' title='bbox 2066 2059 2141 2090; x_wconf 74' lang='lat' dir='ltr'>cujus</span> <span class='ocrx_word' id='word_1_298' title='bbox 2157 2058 2272 2082; x_wconf 73' lang='lat' dir='ltr'>vicarius</span> 
     </span>
     <span class='ocr_line' id='line_1_28' title="bbox 403 2103 2274 2138; baseline -0.002 -8"><span class='ocrx_word' id='word_1_299' title='bbox 403 2107 533 2138; x_wconf 81' lang='lat' dir='ltr'>generalis</span> <span class='ocrx_word' id='word_1_300' title='bbox 555 2106 603 2130; x_wconf 80' lang='lat' dir='ltr'>suit</span> <span class='ocrx_word' id='word_1_301' title='bbox 617 2107 672 2136; x_wconf 81' lang='lat' dir='ltr'>(sol.</span> <span class='ocrx_word' id='word_1_302' title='bbox 692 2106 754 2137; x_wconf 68' lang='lat'><strong>411²),</strong></span> <span class='ocrx_word' id='word_1_303' title='bbox 775 2110 912 2138; x_wconf 75' lang='lat' dir='ltr'>tantopere</span> <span class='ocrx_word' id='word_1_304' title='bbox 927 2110 952 2130; x_wconf 87' lang='lat' dir='ltr'>et</span> <span class='ocrx_word' id='word_1_305' title='bbox 967 2114 1046 2138; x_wconf 77' lang='lat' dir='ltr'>saepe</span> <span class='ocrx_word' id='word_1_306' title='bbox 1066 2107 1243 2130; x_wconf 83' lang='lat' dir='ltr'>commendat.</span> <span class='ocrx_word' id='word_1_307' title='bbox 1264 2119 1295 2124; x_wconf 87' lang='lat'>-·</span> <span class='ocrx_word' id='word_1_308' title='bbox 1313 2106 1338 2131; x_wconf 87' lang='grc'>2.</span> <span class='ocrx_word' id='word_1_309' title='bbox 1357 2105 1542 2137; x_wconf 81' lang='lat' dir='ltr'>Vesperisutus</span> <span class='ocrx_word' id='word_1_310' title='bbox 1562 2105 1648 2136; x_wconf 81' lang='lat' dir='ltr'>April.</span> <span class='ocrx_word' id='word_1_311' title='bbox 1671 2105 1709 2135; x_wconf 81' lang='lat'>16,</span> <span class='ocrx_word' id='word_1_312' title='bbox 1728 2104 1856 2136; x_wconf 81' lang='lat' dir='ltr'>magister</span> <span class='ocrx_word' id='word_1_313' title='bbox 1876 2104 1938 2127; x_wconf 79' lang='lat' dir='ltr'>Maii</span> <span class='ocrx_word' id='word_1_314' title='bbox 1958 2105 1996 2127; x_wconf 90' lang='lat'><strong>14.</strong></span> <span class='ocrx_word' id='word_1_315' title='bbox 2020 2103 2058 2127; x_wconf 77' lang='lat' dir='ltr'>Ab</span> <span class='ocrx_word' id='word_1_316' title='bbox 2078 2111 2121 2127; x_wconf 87' lang='grc'><strong>1111.</strong></span> <span class='ocrx_word' id='word_1_317' title='bbox 2138 2104 2198 2127; x_wconf 87' lang='grc'><strong>1458</strong></span> <span class='ocrx_word' id='word_1_318' title='bbox 2213 2111 2274 2126; x_wconf 85' lang='grc'><strong>01111-</strong></span> 
     </span>
     <span class='ocr_line' id='line_1_29' title="bbox 404 2147 2273 2182; baseline -0.002 -8"><span class='ocrx_word' id='word_1_319' title='bbox 404 2151 526 2174; x_wconf 84' lang='lat' dir='ltr'>cellarius</span> <span class='ocrx_word' id='word_1_320' title='bbox 540 2151 683 2175; x_wconf 81' lang='lat' dir='ltr'>Purisiens.</span> <span class='ocrx_word' id='word_1_321' title='bbox 697 2165 728 2169; x_wconf 96' lang='lat'><strong>—</strong></span> <span class='ocrx_word' id='word_1_322' title='bbox 744 2150 770 2176; x_wconf 82' lang='lat'>3.</span> <span class='ocrx_word' id='word_1_323' title='bbox 786 2151 912 2182; x_wconf 81' lang='lat' dir='ltr'>Magister</span> <span class='ocrx_word' id='word_1_324' title='bbox 927 2151 989 2174; x_wconf 84' lang='lat' dir='ltr'>Maii</span> <span class='ocrx_word' id='word_1_325' title='bbox 1005 2152 1044 2174; x_wconf 75' lang='lat'>19.</span> <span class='ocrx_word' id='word_1_326' title='bbox 1058 2165 1090 2168; x_wconf 97' lang='lat'><strong>—</strong></span> <span class='ocrx_word' id='word_1_327' title='bbox 1101 2151 1125 2176; x_wconf 73' lang='grc'>4.</span> <span class='ocrx_word' id='word_1_328' title='bbox 1140 2152 1207 2182; x_wconf 85' lang='lat' dir='ltr'>Mag.</span> <span class='ocrx_word' id='word_1_329' title='bbox 1227 2159 1269 2174; x_wconf 73' lang='lat' dir='ltr'>an.</span> <span class='ocrx_word' id='word_1_330' title='bbox 1286 2151 1356 2179; x_wconf 88' lang='lat'><strong>1451,</strong></span> <span class='ocrx_word' id='word_1_331' title='bbox 1370 2150 1497 2174; x_wconf 76' lang='lat' dir='ltr'>Novemb.</span> <span class='ocrx_word' id='word_1_332' title='bbox 1515 2151 1553 2174; x_wconf 75' lang='lat'>22.</span> <span class='ocrx_word' id='word_1_333' title='bbox 1569 2163 1597 2167; x_wconf 91' lang='lat'>—</span> <span class='ocrx_word' id='word_1_334' title='bbox 1612 2149 1637 2175; x_wconf 81' lang='grc'>5.</span> <span class='ocrx_word' id='word_1_335' title='bbox 1652 2149 1778 2181; x_wconf 78' lang='lat' dir='ltr'>Magister</span> <span class='ocrx_word' id='word_1_336' title='bbox 1798 2157 1840 2173; x_wconf 83' lang='lat' dir='ltr'>nn.</span> <span class='ocrx_word' id='word_1_337' title='bbox 1859 2149 1928 2177; x_wconf 83' lang='lat'><strong>1444,</strong></span> <span class='ocrx_word' id='word_1_338' title='bbox 1947 2149 2058 2172; x_wconf 80' lang='lat' dir='ltr'>Januar.</span> <span class='ocrx_word' id='word_1_339' title='bbox 2075 2149 2113 2172; x_wconf 78' lang='lat'>14.</span> <span class='ocrx_word' id='word_1_340' title='bbox 2132 2161 2163 2165; x_wconf 92' lang='lat'>—</span> <span class='ocrx_word' id='word_1_341' title='bbox 2178 2147 2203 2173; x_wconf 81' lang='grc'>6.</span> <span class='ocrx_word' id='word_1_342' title='bbox 2221 2148 2273 2171; x_wconf 84' lang='lat' dir='ltr'>Ma-</span> 
     </span>
     <span class='ocr_line' id='line_1_30' title="bbox 404 2193 2273 2227; baseline -0.002 -8"><span class='ocrx_word' id='word_1_343' title='bbox 404 2197 487 2227; x_wconf 82' lang='lat' dir='ltr'>gister</span> <span class='ocrx_word' id='word_1_344' title='bbox 511 2205 552 2219; x_wconf 82' lang='lat' dir='ltr'>an.</span> <span class='ocrx_word' id='word_1_345' title='bbox 580 2197 648 2224; x_wconf 76' lang='grc'><strong>1442,</strong></span> <span class='ocrx_word' id='word_1_346' title='bbox 671 2196 792 2220; x_wconf 88' lang='lat' dir='ltr'>Decemb.</span> <span class='ocrx_word' id='word_1_347' title='bbox 819 2197 858 2219; x_wconf 86' lang='grc'>13.</span> <span class='ocrx_word' id='word_1_348' title='bbox 877 2209 907 2213; x_wconf 92' lang='grc'>-</span> <span class='ocrx_word' id='word_1_349' title='bbox 923 2196 947 2221; x_wconf 90' lang='grc' dir='ltr'>Ί.</span> <span class='ocrx_word' id='word_1_350' title='bbox 967 2197 1039 2219; x_wconf 91' lang='lat' dir='ltr'>Tunc</span> <span class='ocrx_word' id='word_1_351' title='bbox 1060 2196 1086 2219; x_wconf 91' lang='lat' dir='ltr'>in</span> <span class='ocrx_word' id='word_1_352' title='bbox 1106 2196 1270 2219; x_wconf 82' lang='lat' dir='ltr'>ambassiata</span> <span class='ocrx_word' id='word_1_353' title='bbox 1295 2195 1351 2224; x_wconf 81' lang='lat' dir='ltr'>suit,</span> <span class='ocrx_word' id='word_1_354' title='bbox 1373 2199 1399 2219; x_wconf 89' lang='lat' dir='ltr'>et</span> <span class='ocrx_word' id='word_1_355' title='bbox 1416 2195 1502 2218; x_wconf 88' lang='lat' dir='ltr'>solum</span> <span class='ocrx_word' id='word_1_356' title='bbox 1521 2195 1604 2226; x_wconf 78' lang='lat' dir='ltr'>April.</span> <span class='ocrx_word' id='word_1_357' title='bbox 1623 2196 1636 2218; x_wconf 91' lang='lat'>7</span> <span class='ocrx_word' id='word_1_358' title='bbox 1656 2194 1790 2218; x_wconf 82' lang='lat' dir='ltr'>licentiam</span> <span class='ocrx_word' id='word_1_359' title='bbox 1807 2194 1914 2225; x_wconf 85' lang='lat' dir='ltr'>recepit,</span> <span class='ocrx_word' id='word_1_360' title='bbox 1937 2193 2120 2225; x_wconf 82' lang='lat' dir='ltr'>magisterium</span> <span class='ocrx_word' id='word_1_361' title='bbox 2143 2194 2216 2224; x_wconf 85' lang='lat' dir='ltr'>Sept.</span> <span class='ocrx_word' id='word_1_362' title='bbox 2234 2193 2273 2217; x_wconf 84' lang='lat'><strong>24.</strong></span> 
     </span>
     <span class='ocr_line' id='line_1_31' title="bbox 399 2237 2273 2272; baseline -0.002 -9"><span class='ocrx_word' id='word_1_363' title='bbox 399 2242 444 2265; x_wconf 72' lang='lat' dir='ltr'>Cf.</span> <span class='ocrx_word' id='word_1_364' title='bbox 457 2241 487 2264; x_wconf 88' lang='lat' dir='ltr'>de</span> <span class='ocrx_word' id='word_1_365' title='bbox 503 2241 551 2264; x_wconf 91' lang='lat' dir='ltr'>hoc</span> <span class='ocrx_word' id='word_1_366' title='bbox 567 2241 646 2264; x_wconf 84' lang='lat' dir='ltr'>etium</span> <span class='ocrx_word' id='word_1_367' title='bbox 661 2242 789 2269; x_wconf 67' lang='lat' dir='ltr'>Auctar„</span> <span class='ocrx_word' id='word_1_368' title='bbox 806 2242 838 2269; x_wconf 87' lang='lat'>11,</span> <span class='ocrx_word' id='word_1_369' title='bbox 854 2249 880 2272; x_wconf 90' lang='lat' dir='ltr'>p.</span> <span class='ocrx_word' id='word_1_370' title='bbox 898 2242 951 2268; x_wconf 81' lang='lat'><strong>529,</strong></span> <span class='ocrx_word' id='word_1_371' title='bbox 964 2244 1017 2264; x_wconf 90' lang='lat' dir='ltr'>not.</span> <span class='ocrx_word' id='word_1_372' title='bbox 1032 2242 1055 2264; x_wconf 88' lang='lat'>3.</span> <span class='ocrx_word' id='word_1_373' title='bbox 1066 2241 1130 2266; x_wconf 88' lang='lat'>—8.</span> <span class='ocrx_word' id='word_1_374' title='bbox 1146 2241 1216 2272; x_wconf 75' lang='lat' dir='ltr'>Mag.</span> <span class='ocrx_word' id='word_1_375' title='bbox 1228 2241 1309 2265; x_wconf 87' lang='lat' dir='ltr'>theol.</span> <span class='ocrx_word' id='word_1_376' title='bbox 1323 2241 1393 2270; x_wconf 84' lang='lat'><strong>1446,</strong></span> <span class='ocrx_word' id='word_1_377' title='bbox 1405 2241 1478 2271; x_wconf 84' lang='lat' dir='ltr'>Sept.</span> <span class='ocrx_word' id='word_1_378' title='bbox 1495 2241 1534 2263; x_wconf 77' lang='lat'>22.</span> <span class='ocrx_word' id='word_1_379' title='bbox 1548 2240 1587 2263; x_wconf 81' lang='lat' dir='ltr'>Cf.</span> <span class='ocrx_word' id='word_1_380' title='bbox 1601 2240 1633 2263; x_wconf 87' lang='lat' dir='ltr'>de</span> <span class='ocrx_word' id='word_1_381' title='bbox 1651 2248 1680 2262; x_wconf 88' lang='lat' dir='ltr'>co</span> <span class='ocrx_word' id='word_1_382' title='bbox 1696 2242 1826 2268; x_wconf 80' lang='lat' dir='ltr'>Auctar.,</span> <span class='ocrx_word' id='word_1_383' title='bbox 1842 2239 1876 2268; x_wconf 81' lang='lat'>11,</span> <span class='ocrx_word' id='word_1_384' title='bbox 1889 2247 1917 2270; x_wconf 86' lang='lat' dir='ltr'>p.</span> <span class='ocrx_word' id='word_1_385' title='bbox 1929 2238 1983 2268; x_wconf 86' lang='lat'><strong>510,</strong></span> <span class='ocrx_word' id='word_1_386' title='bbox 2000 2241 2053 2261; x_wconf 86' lang='lat' dir='ltr'>not.</span> <span class='ocrx_word' id='word_1_387' title='bbox 2065 2239 2088 2261; x_wconf 84' lang='lat'>5.</span> <span class='ocrx_word' id='word_1_388' title='bbox 2103 2238 2151 2269; x_wconf 77' lang='lat' dir='ltr'>Ap.</span> <span class='ocrx_word' id='word_1_389' title='bbox 2163 2237 2273 2261; x_wconf 74' lang='lat' dir='ltr'>Germ-d.</span> 
     </span>
     <span class='ocr_line' id='line_1_32' title="bbox 406 2282 2275 2317; baseline -0.002 -9"><span class='ocrx_word' id='word_1_390' title='bbox 406 2286 518 2309; x_wconf 83' lang='lat' dir='ltr'>Macheti</span> <span class='ocrx_word' id='word_1_391' title='bbox 534 2286 620 2317; x_wconf 82' lang='lat' dir='ltr'>(Epp.,</span> <span class='ocrx_word' id='word_1_392' title='bbox 640 2286 685 2309; x_wconf 79' lang='lat' dir='ltr'>sol.</span> <span class='ocrx_word' id='word_1_393' title='bbox 700 2287 739 2314; x_wconf 82' lang='lat'><strong>40,</strong></span> <span class='ocrx_word' id='word_1_394' title='bbox 759 2286 798 2315; x_wconf 80' lang='lat'>61,</span> <span class='ocrx_word' id='word_1_395' title='bbox 819 2286 870 2315; x_wconf 65' lang='lat' dir='ltr'>90b)</span> <span class='ocrx_word' id='word_1_396' title='bbox 891 2289 1000 2309; x_wconf 79' lang='lat' dir='ltr'>vocatur</span> <span class='ocrx_word' id='word_1_397' title='bbox 1020 2294 1032 2308; x_wconf 91' lang='lat'>«</span> <span class='ocrx_word' id='word_1_398' title='bbox 1049 2286 1207 2310; x_wconf 84' lang='lat' dir='ltr'>Guillelmus</span> <span class='ocrx_word' id='word_1_399' title='bbox 1228 2285 1300 2309; x_wconf 84' lang='lat' dir='ltr'>Pomi</span> <span class='ocrx_word' id='word_1_400' title='bbox 1321 2294 1343 2309; x_wconf 80' lang='lat'>».</span> <span class='ocrx_word' id='word_1_401' title='bbox 1363 2298 1394 2303; x_wconf 89' lang='lat'>—</span> <span class='ocrx_word' id='word_1_402' title='bbox 1413 2284 1437 2310; x_wconf 73' lang='lat'>⁹.</span> <span class='ocrx_word' id='word_1_403' title='bbox 1458 2285 1527 2316; x_wconf 76' lang='lat' dir='ltr'>Mag.</span> <span class='ocrx_word' id='word_1_404' title='bbox 1550 2284 1631 2309; x_wconf 81' lang='lat' dir='ltr'>theol.</span> <span class='ocrx_word' id='word_1_405' title='bbox 1647 2284 1717 2312; x_wconf 82' lang='lat'><strong>1443,</strong></span> <span class='ocrx_word' id='word_1_406' title='bbox 1735 2284 1794 2308; x_wconf 83' lang='lat' dir='ltr'>Jan.</span> <span class='ocrx_word' id='word_1_407' title='bbox 1811 2285 1835 2308; x_wconf 89' lang='lat'>8.</span> <span class='ocrx_word' id='word_1_408' title='bbox 1854 2297 1885 2301; x_wconf 96' lang='lat'><strong>—</strong></span> <span class='ocrx_word' id='word_1_409' title='bbox 1901 2282 1943 2308; x_wconf 88' lang='grc'>10.</span> <span class='ocrx_word' id='word_1_410' title='bbox 1959 2283 2028 2314; x_wconf 79' lang='lat' dir='ltr'>Mag.</span> <span class='ocrx_word' id='word_1_411' title='bbox 2044 2283 2124 2307; x_wconf 87' lang='lat' dir='ltr'>theol.</span> <span class='ocrx_word' id='word_1_412' title='bbox 2141 2290 2183 2307; x_wconf 85' lang='lat' dir='ltr'>nn.</span> <span class='ocrx_word' id='word_1_413' title='bbox 2204 2282 2275 2314; x_wconf 81' lang='lat'><strong>1442,</strong></span> 
     </span>
     <span class='ocr_line' id='line_1_33' title="bbox 408 2329 2026 2362; baseline -0.002 -8"><span class='ocrx_word' id='word_1_414' title='bbox 408 2331 499 2354; x_wconf 87' lang='lat' dir='ltr'>Octob.</span> <span class='ocrx_word' id='word_1_415' title='bbox 516 2331 553 2354; x_wconf 78' lang='lat'>22.</span> <span class='ocrx_word' id='word_1_416' title='bbox 569 2344 601 2348; x_wconf 90' lang='lat'>—</span> <span class='ocrx_word' id='word_1_417' title='bbox 612 2330 654 2355; x_wconf 88' lang='grc'>11.</span> <span class='ocrx_word' id='word_1_418' title='bbox 666 2331 734 2362; x_wconf 86' lang='lat' dir='ltr'>Mug.</span> <span class='ocrx_word' id='word_1_419' title='bbox 751 2331 832 2354; x_wconf 86' lang='lat' dir='ltr'>theol.</span> <span class='ocrx_word' id='word_1_420' title='bbox 848 2339 891 2354; x_wconf 86' lang='grc'><strong>1111.</strong></span> <span class='ocrx_word' id='word_1_421' title='bbox 905 2331 974 2359; x_wconf 85' lang='grc'><strong>1443,</strong></span> <span class='ocrx_word' id='word_1_422' title='bbox 991 2330 1068 2354; x_wconf 87' lang='lat' dir='ltr'>Febr.</span> <span class='ocrx_word' id='word_1_423' title='bbox 1085 2331 1124 2354; x_wconf 89' lang='lat'>18.</span> <span class='ocrx_word' id='word_1_424' title='bbox 1139 2331 1175 2354; x_wconf 86' lang='lat' dir='ltr'>De</span> <span class='ocrx_word' id='word_1_425' title='bbox 1190 2339 1228 2361; x_wconf 85' lang='lat' dir='ltr'>co¹</span> <span class='ocrx_word' id='word_1_426' title='bbox 1246 2333 1308 2353; x_wconf 85' lang='lat' dir='ltr'>tunc</span> <span class='ocrx_word' id='word_1_427' title='bbox 1321 2330 1407 2354; x_wconf 82' lang='lat' dir='ltr'>solum</span> <span class='ocrx_word' id='word_1_428' title='bbox 1420 2338 1536 2359; x_wconf 79' lang='lat' dir='ltr'>cursore,</span> <span class='ocrx_word' id='word_1_429' title='bbox 1553 2329 1607 2353; x_wconf 87' lang='lat' dir='ltr'>vid.</span> <span class='ocrx_word' id='word_1_430' title='bbox 1623 2337 1705 2360; x_wconf 81' lang='lat' dir='ltr'>supra</span> <span class='ocrx_word' id='word_1_431' title='bbox 1720 2329 1753 2352; x_wconf 81' lang='lat' dir='ltr'>ad</span> <span class='ocrx_word' id='word_1_432' title='bbox 1767 2337 1810 2353; x_wconf 76' lang='lat' dir='ltr'>an.</span> <span class='ocrx_word' id='word_1_433' title='bbox 1826 2329 1896 2358; x_wconf 81' lang='lat'><strong>1438,</strong></span> <span class='ocrx_word' id='word_1_434' title='bbox 1913 2332 1942 2351; x_wconf 87' lang='lat' dir='ltr'>n⁰</span> <span class='ocrx_word' id='word_1_435' title='bbox 1956 2329 2026 2351; x_wconf 72' lang='lat'>2524.</span> 
     </span>
    </p>
   </div>
   <div class='ocr_carea' id='block_1_10' title="bbox 413 2497 2278 2584">
    <p class='ocr_par' dir='ltr' id='par_1_13' title="bbox 413 2497 2278 2584">
     <span class='ocr_line' id='line_1_34' title="bbox 413 2497 2278 2542; baseline -0.002 -10"><span class='ocrx_word' id='word_1_436' title='bbox 413 2497 556 2534; x_wconf 83' lang='grc'><strong>2559.</strong></span> <span class='ocrx_word' id='word_1_437' title='bbox 583 2506 727 2532; x_wconf 80' lang='lat' dir='ltr'>Gerar-das</span> <span class='ocrx_word' id='word_1_438' title='bbox 741 2506 869 2533; x_wconf 84' lang='lat' dir='ltr'>Macheti</span> <span class='ocrx_word' id='word_1_439' title='bbox 885 2507 1009 2533; x_wconf 76' lang='lat' dir='ltr'>Iohanni</span> <span class='ocrx_word' id='word_1_440' title='bbox 1029 2507 1167 2542; x_wconf 56' lang='lat' dir='ltr'>Chuffarss</span> <span class='ocrx_word' id='word_1_441' title='bbox 1188 2506 1363 2533; x_wconf 79' lang='lat' dir='ltr'>cancellario</span> <span class='ocrx_word' id='word_1_442' title='bbox 1381 2507 1487 2541; x_wconf 83' lang='lat' dir='ltr'>Paris.,</span> <span class='ocrx_word' id='word_1_443' title='bbox 1505 2506 1604 2532; x_wconf 79' lang='lat' dir='ltr'>scribit</span> <span class='ocrx_word' id='word_1_444' title='bbox 1619 2505 1654 2532; x_wconf 89' lang='lat' dir='ltr'>de</span> <span class='ocrx_word' id='word_1_445' title='bbox 1670 2506 1862 2532; x_wconf 78' lang='lat' dir='ltr'>controversia</span> <span class='ocrx_word' id='word_1_446' title='bbox 1877 2508 1953 2531; x_wconf 76' lang='lat' dir='ltr'>mota</span> <span class='ocrx_word' id='word_1_447' title='bbox 1969 2505 2043 2531; x_wconf 80' lang='lat' dir='ltr'>inter·</span> <span class='ocrx_word' id='word_1_448' title='bbox 2063 2503 2278 2530; x_wconf 78' lang='lat' dir='ltr'>Universitatem</span> 
     </span>
     <span class='ocr_line' id='line_1_35' title="bbox 501 2556 752 2584; baseline 0 -3"><span class='ocrx_word' id='word_1_449' title='bbox 501 2560 528 2581; x_wconf 80' lang='lat' dir='ltr'>ce</span> <span class='ocrx_word' id='word_1_450' title='bbox 543 2556 752 2584; x_wconf 83' lang='lat' dir='ltr'>Mendicanles.</span> 
     </span>
    </p>
   </div>
   <div class='ocr_carea' id='block_1_11' title="bbox 724 2590 1990 2711">
    <p class='ocr_par' dir='ltr' id='par_1_14' title="bbox 724 2590 1990 2711">
     <span class='ocr_line' id='line_1_36' title="bbox 1638 2590 1990 2623; baseline -0.003 -6"><span class='ocrx_word' id='word_1_451' title='bbox 1638 2591 1712 2621; x_wconf 76' lang='lat'><strong>7442,</strong></span> <span class='ocrx_word' id='word_1_452' title='bbox 1729 2591 1827 2620; x_wconf 76' lang='lat' dir='ltr'>Martio.</span> <span class='ocrx_word' id='word_1_453' title='bbox 1843 2590 1990 2623; x_wconf 71' lang='lat' dir='ltr'>Lesiyniaci.</span> 
     </span>
     <span class='ocr_line' id='line_1_37' title="bbox 724 2680 1971 2711; baseline -0.001 -4"><span class='ocrx_word' id='word_1_454' title='bbox 724 2681 901 2708; x_wconf 85' lang='lat' dir='ltr'>Honorando</span> <span class='ocrx_word' id='word_1_455' title='bbox 916 2682 1038 2708; x_wconf 87' lang='lat' dir='ltr'>domino</span> <span class='ocrx_word' id='word_1_456' title='bbox 1053 2683 1082 2708; x_wconf 84' lang='lat' dir='ltr'>et</span> <span class='ocrx_word' id='word_1_457' title='bbox 1096 2682 1177 2708; x_wconf 82' lang='lat' dir='ltr'>fratri</span> <span class='ocrx_word' id='word_1_458' title='bbox 1190 2682 1312 2709; x_wconf 89' lang='lat' dir='ltr'>domino</span> <span class='ocrx_word' id='word_1_459' title='bbox 1324 2682 1452 2709; x_wconf 90' lang='lat' dir='ltr'>Johanni</span> <span class='ocrx_word' id='word_1_460' title='bbox 1467 2682 1610 2711; x_wconf 79' lang='lat' dir='ltr'>Chuss&#39;art‚</span> <span class='ocrx_word' id='word_1_461' title='bbox 1627 2681 1797 2708; x_wconf 87' lang='lat' dir='ltr'>cancellario</span> <span class='ocrx_word' id='word_1_462' title='bbox 1813 2680 1971 2707; x_wconf 87' lang='lat' dir='ltr'>Parisiensi.</span> 
     </span>
    </p>
   </div>
   <div class='ocr_carea' id='block_1_12' title="bbox 419 2757 2321 2874">
    <p class='ocr_par' dir='ltr' id='par_1_15' title="bbox 419 2757 2321 2874">
     <span class='ocr_line' id='line_1_38' title="bbox 506 2757 2321 2807; baseline 0.001 -16"><span class='ocrx_word' id='word_1_463' title='bbox 506 2761 724 2793; x_wconf 85' lang='lat' dir='ltr'>Honorande</span> <span class='ocrx_word' id='word_1_464' title='bbox 746 2761 907 2804; x_wconf 71' lang='lat' dir='ltr'>domine,</span> <span class='ocrx_word' id='word_1_465' title='bbox 925 2762 1101 2807; x_wconf 85' lang='lat' dir='ltr'>prelibata</span> <span class='ocrx_word' id='word_1_466' title='bbox 1122 2762 1438 2796; x_wconf 86' lang='lat' dir='ltr'>recommissione.</span> <span class='ocrx_word' id='word_1_467' title='bbox 1463 2761 1616 2806; x_wconf 90' lang='lat' dir='ltr'>Suscepi</span> <span class='ocrx_word' id='word_1_468' title='bbox 1637 2767 1737 2806; x_wconf 85' lang='lat' dir='ltr'>grata</span> <span class='ocrx_word' id='word_1_469' title='bbox 1761 2761 1894 2806; x_wconf 86' lang='lat' dir='ltr'>scripta</span> <span class='ocrx_word' id='word_1_470' title='bbox 1914 2766 2035 2794; x_wconf 88' lang='lat' dir='ltr'>vestra</span> <span class='ocrx_word' id='word_1_471' title='bbox 2056 2771 2100 2792; x_wconf 88' lang='lat' dir='ltr'>ex</span> <span class='ocrx_word' id='word_1_472' title='bbox 2119 2757 2280 2791; x_wconf 86' lang='lat' dir='ltr'>Parisius</span> <span class='ocrx_word' id='word_1_473' title='bbox 2317 2788 2321 2792; x_wconf 93' lang='lat'>.</span> 
     </span>
     <span class='ocr_line' id='line_1_39' title="bbox 419 2825 2321 2874; baseline 0.001 -18"><span class='ocrx_word' id='word_1_474' title='bbox 419 2826 493 2868; x_wconf 29' lang='lat' dir='ltr'>xiilj‘·</span> <span class='ocrx_word' id='word_1_475' title='bbox 514 2827 684 2868; x_wconf 74' lang='lat' dir='ltr'>Januarii,</span> <span class='ocrx_word' id='word_1_476' title='bbox 712 2828 845 2872; x_wconf 88' lang='lat' dir='ltr'>quibus</span> <span class='ocrx_word' id='word_1_477' title='bbox 873 2829 986 2862; x_wconf 90' lang='lat' dir='ltr'>semel</span> <span class='ocrx_word' id='word_1_478' title='bbox 1014 2836 1049 2862; x_wconf 85' lang='lat' dir='ltr'>et</span> <span class='ocrx_word' id='word_1_479' title='bbox 1072 2830 1202 2862; x_wconf 87' lang='lat' dir='ltr'>iterum</span> <span class='ocrx_word' id='word_1_480' title='bbox 1231 2829 1416 2874; x_wconf 80' lang='lat' dir='ltr'>perlectis,</span> <span class='ocrx_word' id='word_1_481' title='bbox 1443 2840 1517 2862; x_wconf 93' lang='lat' dir='ltr'>non</span> <span class='ocrx_word' id='word_1_482' title='bbox 1543 2840 1668 2873; x_wconf 87' lang='lat' dir='ltr'>parum</span> <span class='ocrx_word' id='word_1_483' title='bbox 1696 2827 1829 2861; x_wconf 85' lang='lat' dir='ltr'>dubius</span> <span class='ocrx_word' id='word_1_484' title='bbox 1850 2827 1947 2860; x_wconf 88' lang='lat' dir='ltr'>hesit</span> <span class='ocrx_word' id='word_1_485' title='bbox 1971 2826 2125 2867; x_wconf 74' lang='lat' dir='ltr'>animus,</span> <span class='ocrx_word' id='word_1_486' title='bbox 2152 2825 2283 2858; x_wconf 89' lang='lat' dir='ltr'>videns</span> <span class='ocrx_word' id='word_1_487' title='bbox 2317 2843 2321 2847; x_wconf 84' lang='lat'>-</span> 
     </span>
    </p>
   </div>
   <div class='ocr_carea' id='block_1_13' title="bbox 422 2891 2283 2941">
    <p class='ocr_par' dir='ltr' id='par_1_16' title="bbox 422 2891 2283 2941">
     <span class='ocr_line' id='line_1_40' title="bbox 422 2891 2283 2941; baseline 0.001 -18"><span class='ocrx_word' id='word_1_488' title='bbox 422 2893 702 2926; x_wconf 83' lang='lat' dir='ltr'>controversiam</span> <span class='ocrx_word' id='word_1_489' title='bbox 739 2895 997 2939; x_wconf 86' lang='lat' dir='ltr'>magistrorum</span> <span class='ocrx_word' id='word_1_490' title='bbox 1028 2903 1250 2929; x_wconf 88' lang='lat' dir='ltr'>nostrorum.</span> <span class='ocrx_word' id='word_1_491' title='bbox 1281 2897 1461 2941; x_wconf 89' lang='lat' dir='ltr'>Utrinque</span> <span class='ocrx_word' id='word_1_492' title='bbox 1492 2895 1651 2928; x_wconf 87' lang='lat' dir='ltr'>rationes</span> <span class='ocrx_word' id='word_1_493' title='bbox 1677 2895 1825 2928; x_wconf 82' lang='lat' dir='ltr'>fundate</span> <span class='ocrx_word' id='word_1_494' title='bbox 1851 2900 1946 2927; x_wconf 85' lang='lat' dir='ltr'>sunt.</span> <span class='ocrx_word' id='word_1_495' title='bbox 1981 2894 2060 2936; x_wconf 83' lang='lat' dir='ltr'>Quo</span> <span class='ocrx_word' id='word_1_496' title='bbox 2090 2898 2208 2925; x_wconf 89' lang='lat' dir='ltr'>autem</span> <span class='ocrx_word' id='word_1_497' title='bbox 2238 2891 2283 2924; x_wconf 88' lang='lat' dir='ltr'>ad</span> 
     </span>
    </p>
   </div>
  </div>
 </body>
</html>
