2502 3418
392 340 458 373 468
968 350 1286 372 CHARTULAMUM
1321 349 1511 372 UNIVEnS.
1547 350 1676 372 PAnis.
2158 336 2256 373 [1427

482 426 555 459 Mag.
573 427 719 452 Johannes
734 427 828 456 Fabri,
844 427 1000 460 Augustin.
1429 426 1501 459 Mag.
1520 425 1691 452 Lambertus
1705 425 1740 451 de
1756 425 1876 459 Campo,
1894 425 2066 451 Predicator.

500 491 535 494 —
573 476 704 502 Matheus
719 477 756 502 Le
769 476 915 502 Souchon.
1449 490 1480 493 ›—
1517 475 1640 501 Jacohus
1655 475 1787 501 Tcstoris.

499 541 535 543 —
572 525 717 551 Gerardus
732 525 878 551 Gourron.
1446 540 1481 541 j
1517 524 1664 550 Johannes
1678 524 1714 550 dc
1726 524 1870 549 Vernone.

499 590 534 593 —
571 574 719 600 Johannes
734 574 899 603 Gaucherii,
913 574 1029 600 Cisterc.
1444 588 1479 592 —
1517 573 1694 606 Purgcncius
1710 573 1816 606 Burga,
1834 572 2007 598 Predicator.
2095 572 2150 608 [34]

486 663 555 687 Bibl.
571 666 625 687 nat.
642 663 737 692 Paris„
754 671 803 687 ms.
817 664 864 687 let.
879 664 948 690 5494,
964 671 992 694 p.
1007 664 1047 686 60.

484 749 509 774 1.
528 749 656 772 Ultimum
672 748 714 771 hic
728 748 889 771 nominatur.
904 748 952 771 An.
967 748 1036 777 1428,
1051 747 1135 779 April.
1151 748 1188 775 10,
1206 750 1234 770 ut
1248 747 1387 770 defunctus
1401 746 1510 770 affertur
1526 747 1629 779 (Suppl.
1643 748 1719 771 Mart.
1737 748 1765 776 V,
1778 751 1807 770 n0
1823 747 1877 776 223,
1893 747 1937 770 sol.
1955 747 2019 777 105).

391 943 535 981 2297.
559 952 694 986 Magistri
711 955 840 986 regentes
854 951 883 977 in
897 951 1042 986 facultate
1058 951 1220 977 medicinae
1238 960 1286 977 an.
1303 952 1467 978 1427-1428.
1482 951 1581 985 [Iidem
1597 952 1646 987 qui
1661 961 1709 978 an.
1727 953 1805 987 1426,
1824 952 1951 988 exceptis
1967 952 2056 979 Guill.
2074 952 2110 978 de
2125 952 2256 981 (lamera.

478 1003 507 1028 P.
524 1002 559 1028 de
574 1002 723 1032 ChaciacQ
740 1002 813 1027 Phil.
832 1001 976 1031 Furnerii,
990 1002 1081 1027 Andr.
1097 1002 1228 1035 Dcspars.
1244 1001 1371 1027 Additur
1383 1002 1449 1027 Joh.
1467 1002 1636 1035 Cotterelli.]
1775 1001 1829 1037 [14]

1516 1091 1587 1120 1427,
1602 1090 1716 1117 Νονθιηό.
1731 1091 1841 1120 ineunte,
1858 1091 1973 1117 Parisiis.

482 1181 627 1204 Comment.
642 1182 691 1204 sac.
706 1180 786 1209 med„
797 1180 816 1209 1,
829 1188 854 1211 p.
867 1180 922 1203 289.
933 1193 963 1197 —
973 1180 1038 1203 Nov.
1050 1180 1071 1207 3,
1088 1179 1232 1203 Rollundus
1247 1179 1389 1211 Scriptoris
1405 1180 1520 1203 decanus
1533 1180 1631 1203 electus
1645 1183 1697 1210 est;
1714 1180 1783 1203 idem
1799 1179 1966 1203 continuatus
1981 1180 2051 1207 1428,
2065 1179 2130 1203 Nov.
2146 1180 2160 1202 6
2171 1179 2257 1210 (ibid.,

391 1235 417 1257 p.
435 1226 499 1257 298),
512 1226 660 1256 regentium
677 1225 782 1248 nomina
800 1233 851 1247 non
867 1224 1015 1255 inscripsit.

388 1398 532 1435 2298.
557 1408 633 1441 Mag.
652 1406 819 1432 Bernardus
842 1407 951 1440 Nivart,
976 1407 1116 1441 magister·
1137 1415 1238 1441 regens
1263 1407 1291 1432 in
1312 1407 1457 1441 facultate
1477 1407 1645 1440 medicinae,
1664 1407 1862 1432 incarceratus
1884 1410 1926 1432 est
1951 1406 1980 1432 in
2004 1406 2166 1440 Castelleto,
2187 1406 2257 1442 quia

477 1456 599 1483 dederat
618 1456 744 1482 Iohanni
763 1456 801 1482 du
820 1456 940 1491 Conseil,
959 1456 1072 1482 notario
1094 1456 1250 1490 Castelleti,
1268 1465 1283 1482 ‹
1299 1466 1367 1482 unes
1390 1456 1488 1482 lettres
1500 1457 1622 1493 passees
1636 1455 1723 1482 soubs
1739 1455 1765 1482 le
1780 1456 1857 1482 sceel
1871 1455 1955 1481 dudit
1973 1455 2118 1482 Chastelot
2135 1464 2209 1492 pour·
2223 1464 2257 1482 en

474 1506 552 1540 faire
568 1515 605 1531 un
618 1506 760 1535 Vidimus.
778 1505 921 1541 esquelles
937 1507 1013 1531 avoit
1028 1515 1138 1539 rasure,
1159 1506 1209 1541 qui
1224 1506 1301 1531 auoit
1316 1506 1376 1532 este'
1396 1506 1471 1540 saite
1486 1506 1505 1531 ὰ
1520 1515 1571 1532 son
1584 1507 1702 1542 proufit‚
1720 1509 1746 1531 ct
1761 1506 1814 1531 mis
1830 1506 1958 1532 Bernard
1976 1514 2009 1531 en
2028 1505 2086 1531 lieu
2102 1505 2137 1531 de
2152 1505 2255 1532 Jehan.

477 1557 513 1581 Et
531 1555 558 1580 si
580 1556 656 1581 avait
675 1564 777 1580 rasure
793 1564 827 1581 en
843 1564 897 1581 une
912 1554 1028 1581 scedule
1051 1555 1086 1581 de
1108 1555 1220 1591 papier,
1245 1556 1352 1591 passe'e
1375 1563 1431 1591 par
1450 1555 1554 1581 devant
1576 1555 1654 1580 deux
1668 1555 1796 1580 notaires
1812 1554 1850 1580 du
1867 1563 1915 1590 roy
1928 1564 1951 1581 ».
1970 1554 2137 1581 Bernardus
2152 1553 2257 1580 deinde

476 1605 608 1640 episcopo
623 1604 735 1630 Paris.·
754 1604 794 1629 ad
809 1604 998 1630 detentionem
1015 1604 1141 1630 traditus
1155 1605 1222 1638 fuit.

1553 1650 1626 1679 1427,
1642 1649 1788 1676 Novembris
1802 1650 1840 1679 12,
1857 1650 1972 1676 Parisiis.

479 1739 555 1766 BUL.,
571 1739 601 1771 V,
612 1738 666 1762 381.
679 1752 710 1756 —-
721 1738 781 1761 Maii
796 1738 832 1765 13,
845 1738 961 1761 nondum
973 1738 1162 1767 incarceratus,
1174 1746 1263 1761 corum
1280 1738 1446 1770 purlamento
1459 1738 1508 1762 suit
1519 1738 1614 1761 citatus
1631 1746 1678 1769 per
1693 1738 1783 1762 Colnrt
1798 1738 1831 1761 Le
1846 1738 1928 1761 Fevre
1938 1741 1964 1761 et
1976 1737 2122 1761 Johannem
2133 1737 2256 1766 Quentin.

385 1784 518 1808 Johunnes
532 1783 645 1811 Quentin
661 1783 796 1806 accusavit
808 1791 897 1806 corum
912 1783 1066 1814 praeposito
1082 1783 1256 1813 Bernurdum,
1271 1792 1283 1806 «
1297 1783 1360 1814 qu'il
1376 1783 1413 1806 lui
1425 1783 1496 1806 nvoit
1509 1783 1599 1806 boillie
1615 1791 1679 1806 unes
1695 1783 1786 1806 lettres
1804 1783 1977 1814 obligatoires
1991 1783 2022 1806 de
2037 1783 2062 1806 xl
2074 1782 2136 1808 libr.
2150 1783 2182 1806 de
2195 1791 2256 1814 gros

386 1837 419 1852 ou
435 1832 509 1852 autre
531 1836 630 1851 somme
646 1836 692 1851 sur
708 1828 802 1851 Tussin
819 1828 956 1858 Couilhnrt,
973 1831 998 1851 et
1017 1836 1066 1859 que
1082 1828 1191 1851 maistre
1207 1828 1318 1851 Bernurt
1333 1828 1405 1851 avoit
1420 1836 1496 1851 reccu
1511 1828 1592 1851 ludite
1607 1836 1737 1852 somme...
1754 1831 1779 1851 et
1796 1827 1956 1851 concluoit...
1970 1827 2033 1859 qu‘il
2047 1829 2100 1851 sust
2115 1827 2258 1851 condemn&

385 1874 400 1896 1⁵1
416 1874 509 1896 rendre
524 1873 604 1896 ludite
618 1881 718 1896 somme
730 1881 764 1895 on
779 1872 945 1904 l'obligution
962 1881 984 1896 )).
1001 1873 1151 1896 Bernardus
1167 1872 1259 1896 Nivurt
1274 1873 1368 1901 noluit,
1384 1873 1548 1904 proindeque
1561 1873 1739 1896 incarceratus
1753 1876 1792 1896 est
1804 1872 1891 1902 (Arch.
1906 1876 1971 1902 nat„
1988 1873 2035 1905 X}-
2051 1873 2122 1901 4795,
2135 1872 2180 1896 sol.
2194 1872 2257 1902 9³1²).

386 1918 489 1941 Diutius
505 1918 527 1941 is
540 1926 681 1949 processus
697 1921 847 1949 protractus
864 1921 912 1941 est.
927 1918 986 1940 Jnm
999 1917 1070 1940 Junii
1082 1919 1096 1940 3
1108 1917 1273 1941 Universitus
1289 1926 1358 1946 eum,
1375 1921 1514 1949 negantem
1531 1926 1558 1941 se
1572 1918 1687 1941 Johnnni
1699 1917 1812 1945 Qucntin
1826 1917 1969 1949 quidquam
1985 1917 2089 1947 debere,
2106 1917 2258 1949 requirebat

385 1963 470 1992 (ibid.‚
486 1963 529 1986 sol.
546 1963 606 1992 107),
624 1966 649 1986 et
663 1963 758 1986 iterum
770 1963 831 1986 Jun.
846 1964 875 1985 ‘26
892 1963 948 1992 (sol.
964 1962 1041 1993 11312).
1057 1964 1105 1987 An.
1120 1963 1189 1991 1428,
1206 1963 1281 1986 Febr.
1299 1963 1336 1990 12,
1354 1963 1425 1994 apud
1437 1963 1463 1986 S.
1476 1963 1639 1986 Bernnrdum
1656 1963 1795 1986 conclusae
1809 1965 1870 1985 sunt
1884 1962 2044 1985 cessationes
2060 1961 2257 1990 Universitutis,

384 2007 446 2039 quia
457 2007 569 2031 Nivurt«
587 2009 672 2031 fuerat
686 2007 788 2038 positus
805 2007 830 2030 in
845 2007 954 2030 torturis
970 2007 996 2030 in
1012 2007 1086 2030 curia
1102 2007 1220 2038 episcopi
1235 2007 1319 2030 Puris.
1336 2015 1346 2029 n
1363 2007 1440 2036 (Bibl.
1458 2011 1512 2031 nut.
1526 2007 1619 2035 Puris..
1633 2016 1681 2030 ms.
1694 2008 1739 2031 lut.
1757 2008 1826 2037 5494.
1843 2016 1870 2038 p.
1884 2008 1933 2037 85).
1947 2007 1986 2030 Cf.
2001 2007 2080 2030 etiarn
2097 2007 2174 2030 Arch.
2191 2010 2255 2036 nat„

388 2053 433 2075 ΧΗ
450 2053 517 2079 1480,
534 2052 578 2076 sol.
593 2053 646 2079 392.
667 2052 699 2075 ad
715 2053 775 2075 Jnn.
790 2053 812 2075 2.

484 2137 508 2163 1.
530 2138 601 2161 Tunc
620 2138 718 2161 Jnoobo
739 2138 770 2161 de
790 2138 940 2161 Cnstellnno
963 2138 1005 2167 (du
1027 2138 1204 2168 chamenun),
1225 2146 1284 2161 cum
1307 2141 1377 2161 esset
1400 2138 1516 2162 thesaur.
1538 2138 1599 2161 eccl.
1623 2139 1742 2161 Reinens.
1764 2141 1789 2161 et
1810 2137 1897 2161 licent.
1921 2137 1947 2160 in
1967 2137 2048 2161 decr..
2069 2137 2102 2160 ab
2122 2145 2165 2161 nn.
2186 2137 2255 2166 1427,

386 2183 462 2207 Febr.
476 2184 513 2212 17.
525 2183 649 2214 episcopo
665 2182 750 2206 Puris.
764 2183 836 2213 (Rog.
851 2183 907 2206 Lat.
921 2183 996 2207 Murt.
1011 2183 1040 2212 V,
1057 2188 1085 2206 n⁰
1101 2184 1156 2211 267,
1173 2183 1217 2206 sol.
1234 2183 1309 2212 20‘2b).
1325 2184 1364 2206 Cf.
1380 2183 1463 2207 Μόνη.
1476 2185 1508 2207 de
1519 2183 1547 2207 la
1558 2183 1617 2207 Soc.
1629 2184 1663 2207 de
1674 2182 1755 2207 l'hist.
1770 2183 1802 2206 de
1814 2183 1908 2212 Paris,
1925 2183 1966 2211 lx,
1981 2191 2006 2214 p.
2025 2183 2069 2205 168
2083 2191 2141 2214 sqq.

387 2373 530 2410 2299.
554 2383 631 2417 Mag.
648 2382 791 2408 lohannes
808 2382 833 2408 le
852 2382 955 2417 Galoys
971 2382 1147 2412 licentiatus.
1164 2383 1233 2418 quia
1253 2391 1307 2408 non
1324 2382 1470 2419 complevit
1491 2383 1616 2419 quinque
1635 2391 1726 2408 annos
1748 2382 1822 2408 inter
1838 2382 1975 2408 lecturam
1999 2381 2212 2408 Sententiarum
2229 2385 2256 2408 et

475 2432 629 2466 licentiam,
649 2433 749 2458 iterum
764 2432 838 2468 petit
854 2435 881 2458 et
896 2432 1004 2458 obtinet
1019 2432 1165 2458 licentiam
1180 2432 1208 2458 in
1223 2432 1377 2467 theologia.

1547 2477 1620 2507 1427,
1633 2477 1780 2504 Novembris
1793 2478 1838 2507 27,
1854 2477 1968 2503 Parisiis.

476 2566 515 2596 ln
538 2565 681 2597 nomine
709 2565 867 2606 Domini,
895 2577 1011 2598 nmen.
1041 2566 1156 2610 Hujus
1185 2566 1367 2610 presentis
1393 2566 1529 2611 publici
1556 2566 1787 2599 instrumenti
1811 2572 1937 2598 tenore
1963 2565 2103 2598 cunctis
2136 2570 2253 2609 pateat

385 2632 571 2664 evidenter
593 2639 625 2664 et
648 2632 693 2665 sit
716 2639 852 2673 notum⁷
877 2633 975 2676 quod
997 2645 1091 2665 anno
1115 2634 1279 2677 ejusdem
1304 2634 1448 2665 Domini
1477 2633 1668 2666 millesimo
1690 2633 2051 2678 quadringentesimo
2078 2632 2252 2665 vicesimo

386 2699 551 2743 septimo7
575 2699 772 2731 indictione
795 2699 931 2744 quinta„
954 2700 1091 2733 mensis
1112 2712 1198 2733 vero
1220 2700 1436 2734 Novembris
1459 2700 1516 2733 die
1538 2700 1709 2733 vicesima
1731 2700 1895 2745 septima,
1918 2699 2148 2744 pontificatus
2171 2710 2253 2731 san-

385 2766 535 2797 ctissimi
562 2766 597 2797 in
619 2765 765 2798 Christo
784 2767 894 2810 putris
916 2779 954 2799 ac
981 2767 1118 2799 domini
1138 2768 1266 2809 nostri,
1292 2768 1429 2800 domini
1451 2768 1596 2800 Martini
1618 2768 1739 2801 divina
1757 2767 1983 2812 providentia
2007 2778 2096 2811 pape
2120 2766 2249 2810 quinti⁷

384 2843 476 2863 anno
506 2832 658 2872 decimo,
691 2844 808 2864 corum
835 2833 1034 2866 venerabili
1060 2841 1095 2866 et
1126 2835 1377 2880 circonspecte
1403 2847 1441 2867 ac
1470 2834 1734 2867 litteratissimo
1763 2834 1840 2867 viro
1874 2833 2046 2878 magistro
2073 2834 2178 2865 Petro
2207 2832 2252 2864 de

384 2898 557 2942 Dierreyo
574 2899 610 2930 in
627 2910 726 2931 sacra
750 2900 879 2943 pagina
901 2901 1031 2933 eximio
1055 2902 1275 2945 professore⁷
1295 2902 1431 2934 decano
1452 2901 1630 2934 facultatis
1648 2901 1831 2946 theologie
1852 2901 1888 2933 in
1905 2900 1995 2933 alma
2011 2912 2050 2932 ac
2067 2899 2253 2932 fructifera
