2502 3418
497 335 562 367 276
1077 346 1393 367 annTuLAniUM
1429 346 1616 368 UNivsns.
1655 346 1780 368 rmus.
2260 334 2360 371 [1413

584 427 662 445 anno
683 420 768 446 Domi
786 420 813 445 M
824 420 913 446 CCCC
925 421 997 449 xm,
1018 421 1065 447 die
1087 421 1191 454 quinta
1211 421 1318 447 mensis
1341 422 1482 447 Januarii.
1506 422 1614 457 tradita.
1631 423 1659 447 et
1678 422 1750 447 lecta
1769 422 1799 447 in
1821 421 1950 447 Concilio
1971 404 2038 447 fidei
2058 428 2157 447 coram
2172 422 2252 448 dom.
2272 422 2358 456 episc.

586 469 672 494 Paris.
693 470 719 494 et
737 469 859 495 domino
877 469 1047 502 inquisitore
1065 477 1115 503 per
1134 472 1354 503 procuratorem
1378 471 1503 496 nationis
1523 471 1649 496 Picardie
1664 471 1852 496 nominatum
1868 470 2033 495 Mona-elau
2047 477 2099 503 per
2112 477 2258 502 organum
2280 478 2357 504 mag.

585 518 719 551 Symonis
731 518 757 543 le
772 519 916 544 Bocheux.
934 529 947 541 «
964 518 1127 545 Reverendo
1142 520 1223 552 pater
1237 527 1344 552 vosque
1356 519 1476 545 domine
1491 519 1655 552 inquisitor.
1673 519 1746 552 Quia
1759 519 1789 544 in
1804 519 1914 545 cedula.
1933 528 1946 542 η

1700 616 1769 646 1414,
1786 617 1904 642 danuarii
1917 617 1943 646 5.
1961 616 2075 642 Parisiis.

588 713 657 736 Bibl.
670 716 724 736 nat.
735 713 829 737 Pnris..
841 721 889 735 ms.
907 713 951 736 lat.
965 713 1051 741 11851,
1066 714 1110 736 sol.
1121 713 1194 742 3¹1(‘:=
1207 715 1301 744 partc);
1316 713 1441 737 schedula
1454 714 1552 736 inserta
1563 716 1603 736 est
1617 713 1791 736 instrumento
1801 721 1843 736 an.
1856 713 1925 742 1415,
1938 713 2048 743 Augusti
2060 713 2100 737 19.
2111 726 2138 731 --
2151 713 2218 744 Opp.
2231 713 2358 738 (θεν-ψη..

496 758 525 785 V,
541 758 585 781 377
601 766 641 789 sq.

586 850 610 875 1.
627 851 711 878 Quam
729 851 835 874 inimica
851 854 912 874 tnnc
930 850 1000 874 natio
1016 851 1151 874 Picnrdica
1164 851 1320 882 praesertim
1341 851 1440 875 nationi
1462 851 1588 874 Franciae
1611 850 1697 880 suerit,
1710 851 1793 882 liquet
1811 859 1842 874 ex
1859 851 1985 874 electione
2001 851 2121 881 rectoris,
2138 851 2224 875 Martii
2244 852 2283 875 24.
2299 851 2359 876 vid.

494 898 623 925 Auctar.,
636 896 668 925 11,
681 904 707 927 p.
724 896 769 918 169
784 904 840 927 sqq.

493 1044 637 1081 2006.
660 1054 825 1080 Concilium
837 1054 1056 1088 deputatorum.
1067 1070 1101 1073 —
1113 1054 1247 1088 Magistri
1260 1054 1346 1080 theol.
1358 1054 1502 1079 Iohannes
1516 1053 1692 1088 Bmviscoxe,
1706 1055 1808 1080 Petrus
1821 1054 1856 1080 de
1868 1055 2011 1090 Dierreyo,
2031 1055 2149 1081 Ursinus
2164 1054 2356 1090 Taillevande,

579 1103 722 1128 Iohannes
738 1102 884 1138 d'Achery,
901 1103 1045 1129 Iordanus
1062 1103 1174 1135 Morini,
1192 1103 1358 1129 Matthaeus
1374 1103 1494 1137 Rooder,
1515 1104 1616 1129 Petrus
1634 1103 1670 1128 de
1686 1104 1822 1137 Nogento,
1839 1103 1983 1129 Iohannes
1998 1103 2034 1130 de
2048 1103 2258 1140 Dulcimenillo‚
2283 1103 2361 1130 Guil-

580 1151 680 1177 lelmus
690 1151 920 1188 Pulchrinepotis
931 1152 984 1185 (vel
994 1152 1138 1178 Iohannes
1151 1152 1280 1183 Mathie),
1293 1152 1437 1178 Iohannes
1450 1153 1563 1184 Broust,
1577 1152 1749 1188 Radulphus
1760 1152 1796 1178 de
1809 1153 1906 1187 Porta,
1921 1153 2066 1179 Iohannes
2081 1153 2235 1179 Michaelis
2246 1153 2359 1188 (regens

579 1200 705 1234 Praed),
730 1202 900 1226 Franciscus
924 1201 960 1226 de
984 1201 1123 1226 Ecclesiis
1146 1202 1236 1237 (prior
1257 1201 1532 1235 Bernardistarum),
1564 1201 1731 1227 Guillelmus
1757 1201 1866 1228 Cboleti
1887 1204 1996 1236 (regens
2020 1202 2162 1237 Carmel),
2187 1202 2360 1229 Benedictus

581 1250 722 1283 Gentiani,
743 1250 887 1275 Gerardus
907 1250 1041 1284 Mac-heti,
1056 1252 1122 1278 Ian,
1139 1253 1155 1277 5
1173 1250 1264 1284 electi,
1283 1259 1301 1275 a
1320 1250 1367 1276 die
1383 1251 1399 1277 8
1418 1251 1554 1276 Ianuarii
1573 1251 1602 1276 in
1619 1250 1738 1276 diversis
1753 1250 1932 1277 sessionibus
1950 1251 2070 1277 assidue
2089 1251 2301 1285 deliberabant,
2320 1260 2359 1278 an

578 1299 609 1324 11
622 1298 802 1335 exemplaria
817 1300 1044 1331 Justificationis,
1059 1300 1133 1325 inter
1148 1309 1223 1335 quac
1236 1300 1323 1326 etiam
1339 1299 1482 1334 originale
1493 1299 1635 1325 Iohannis
1647 1300 1742 1334 Parvi,
1759 1300 1833 1326 inter
1844 1309 1876 1326 se
1891 1300 2089 1334 dissentirent,
2103 1309 2141 1326 an
2156 1301 2171 1327 7
2181 1301 2359 1327 assertiones

574 1348 664 1383 probe
681 1357 695 1374 e
710 1349 922 1375 Justificatione
940 1353 1089 1375 extractae
1109 1350 1175 1383 sint,
1198 1353 1225 1375 ct
1247 1358 1284 1374 an
1305 1349 1346 1374 ibi
1365 1349 1579 1375 continerentur
1592 1349 1647 1375 alii
1664 1358 1775 1376 errores
1793 1349 1822 1375 in
1837 1349 1897 1384 fide
1912 1349 1988 1376 male
2005 1354 2152 1376 sonantes.
2169 1351 2234 1376 Ian.
2251 1350 2295 1384 19,
2313 1350 2356 1385 20,

578 1398 620 1427 94,
639 1398 681 1431 26,
697 1398 731 1423 97
747 1401 773 1423 et
787 1399 820 1424 29
838 1406 933 1423 coram
947 1398 1080 1434 episcopo
1097 1402 1123 1424 et
1139 1398 1310 1433 inquisitore
1325 1398 1396 1424 dicti
1408 1398 1543 1434 deputati
1557 1398 1770 1431 deliberabant,
1788 1402 1816 1425 et
1831 1399 2029 1435 unusquisque
2045 1399 2218 1434 suffragium
2231 1398 2356 1434 ferebat.

577 1446 767 1482 Ezemplaria
783 1447 941 1481 conformia
958 1447 1188 1481 inveniebantur;
1206 1451 1343 1483 quantum
1357 1447 1397 1473 ad
1408 1449 1423 1474 7
1433 1448 1610 1474 assertiones
1623 1456 1642 1473 α
1656 1447 1786 1474 Iohanne
1801 1449 1922 1474 Ger-sone
1937 1452 2096 1483 extractas,
2109 1449 2142 1475 11
2159 1448 2293 1484 deputati
2307 1456 2358 1475 eas

574 1495 663 1531 probe
685 1499 833 1521 extractas
849 1505 911 1522 esse
935 1496 1126 1531 affirmabant,
1145 1497 1252 1522 caeteri
1272 1497 1358 1522 etiam
1374 1497 1425 1522 hoc
1441 1496 1510 1533 plus
1525 1498 1650 1523 minusve
1665 1497 1764 1533 quoad
1774 1506 1828 1523 sex
1842 1497 1960 1523 ultimas
1975 1497 2177 1532 concedebant,
2192 1506 2249 1523 non
2263 1500 2359 1524 tamen

578 1544 690 1570 omnino
704 1545 802 1580 quoad
813 1545 948 1581 primam.
965 1547 1043 1571 Nova
1059 1550 1194 1582 excerpta
1209 1546 1349 1580 facienda
1362 1546 1581 1573 concludebant.

1707 1597 1779 1626 uu.
1794 1597 1852 1623 Ian.
1864 1597 1940 1626 5-29,
1955 1597 2070 1623 Parisiis.

583 1692 650 1715 Bibl.
666 1696 719 1716 nat.
734 1693 828 1722 Paris„
843 1701 892 1717 ms.
905 1694 951 1717 lat.
964 1694 1044 1721 lason,
1060 1695 1105 1717 sol.
1121 1695 1218 1718 95-113.
1232 1695 1299 1725 Opp.
1317 1695 1443 1724 Gerson„
1456 1695 1485 1722 V,
1499 1695 1614 1718 219-258.
1626 1694 1702 1718 Febr.
1714 1696 1729 1718 6
1744 1695 1870 1718 schedula
1883 1695 1914 1718 de
1930 1694 1978 1718 hnc
1990 1694 2160 1719 conclusione
2170 1695 2357 1727 deputatorum

484 1737 601 1760 confecta
616 1740 656 1760 est
672 1738 759 1768 (Opp.‚
773 1746 800 1769 p.
815 1739 859 1761 274
876 1740 937 1769 sq.).

487 1886 631 1923 2007·
655 1901 820 1927 Concilium
833 1900 1054 1933 deputatorum.
1070 1915 1106 1918 —
1119 1900 1255 1925 Ianuarii
1271 1900 1304 1926 31
1319 1909 1393 1934 mag.
1411 1899 1555 1926 Iohannes
1573 1899 1609 1926 de
1624 1899 1824 1926 Dulcimenillo
1837 1899 1961 1936 perlegit
1978 1901 2012 1927 37
2025 1900 2105 1926 dicta
2122 1900 2231 1926 noviter
2242 1908 2258 1926 e
2269 1900 2356 1927 Junii-

575 1951 709 1978 ficatione
731 1950 813 1975 ducis
834 1949 1022 1982 Burgundiae
1042 1953 1187 1984 excerpta,
1213 1958 1288 1984 quae
1310 1958 1416 1984 revera,
1442 1953 1472 1975 ut
1493 1950 1527 1976 15
1549 1953 1635 1975 testes
1657 1949 1849 1983 affirmabant,
1875 1949 1903 1975 in
1926 1949 2140 1986 exemplaribus
2164 1949 2354 1976 inveniuntur.

575 1999 726 2026 Februarii
742 2000 755 2025 1
771 1998 921 2034 episcopus
937 1998 1033 2024 Paris.
1049 1998 1077 2023 in
1098 1998 1221 2024 Concilio
1238 1999 1271 2025 12
1287 1998 1489 2034 deputatorum
1504 2007 1552 2024 eos
1568 1998 1786 2032 exhortabatur,
1805 2003 1835 2024 ut
1848 1998 2051 2033 deliberarent,
2069 2007 2108 2024 an
2121 1998 2225 2034 aliqua
2240 1997 2353 2025 illorum

575 2049 714 2075 dictorum
724 2047 860 2084 ponenda
876 2051 970 2072 essent
985 2047 1025 2072 ad
1037 2047 1272 2073 deliberationem
1290 2048 1319 2073 in
1334 2048 1459 2074 Concilio
1469 2047 1549 2083 fidei.
1562 2048 1700 2084 Deputati
1712 2048 1906 2084 acceptabant
1917 2047 2061 2084 quasdam
2077 2047 2261 2083 assertiones,
2279 2056 2356 2084 quae

576 2098 617 2124 ad
632 2098 801 2124 occisionem
816 2097 930 2132 tyranni
945 2101 1053 2122 tantum
1068 2096 1277 2131 reserebantur.
1296 2099 1361 2123 Cum
1376 2097 1450 2123 inter
1461 2097 1529 2123 illas
1541 2098 1612 2124 37¹m·
1622 2097 1729 2123 dictum
1743 2097 1858 2132 fuisset,
1872 2098 1900 2123 in
1915 2106 1970 2133 quo
1982 2097 2044 2123 dux
2055 2097 2242 2132 Burgundiae
2254 2101 2283 2123 et
2293 2096 2356 2124 dux

574 2147 793 2174 Aurelianensis
809 2146 1039 2181 nominabantur,
1058 2146 1208 2182 episcopus
1223 2147 1318 2172 Paris.
1334 2156 1395 2172 cum
1412 2146 1560 2183 deputatis
1574 2146 1720 2182 elegerunt
1731 2146 1888 2173 Iordanum
1901 2147 2015 2182 Morini,
2029 2146 2092 2173 Ioh.
2106 2146 2142 2173 de
2154 2145 2354 2173 Dulcimeniuo

577 2201 604 2224 et
617 2197 773 2223 Iohannem
793 2195 935 2230 d'Acheri‚
955 2196 1057 2231 quibus
1076 2195 1273 2231 adjungebant
1291 2197 1406 2222 Petrum
1426 2196 1462 2222 de
1477 2197 1613 2231 Nogento,
1636 2200 1666 2222 ut
1686 2197 1819 2223 terminos
1836 2197 2000 2231 singulares
2018 2200 2161 2222 mutarent
2175 2196 2204 2222 in
2219 2196 2354 2223 terminos

576 2255 734 2273 comumnes
749 2255 800 2272 seu
813 2245 1011 2282 appellativos>
1025 2249 1052 2271 et
1065 2245 1240 2271 assertiones
1253 2246 1295 2271 sic
1307 2246 1457 2281 mitigatas
1468 2250 1662 2282 proponerent
1675 2246 1827 2272 Februarii
1841 2247 1867 2273 3.
1882 2247 1945 2272 Hac
1957 2245 2019 2272 die⁴
2032 2245 2264 2282 praesentabant
2274 2244 2355 2272 sche-

576 2296 674 2322 dulam
693 2305 754 2322 cum
768 2297 784 2322 9
797 2294 1015 2330 assertionibus,
1033 2294 1208 2329 modificatis
1224 2295 1251 2320 in
1265 2295 1403 2322 terminis.
1418 2296 1579 2332 Episcopus
1593 2295 1721 2322 invitavit
1734 2296 1770 2322 12
1786 2295 1940 2332 deputatos
1953 2294 1994 2321 ad
2005 2296 2022 2323 6
2037 2294 2189 2322 Februarii
2203 2298 2236 2322 ut
2245 2293 2354 2322 delibo-

575 2349 673 2372 rareut
687 2354 725 2371 an
736 2344 890 2382 praedicta
904 2344 1044 2370 schedula
1057 2348 1132 2370 esset
1146 2345 1174 2370 in
1191 2345 1265 2370 bona
1277 2346 1383 2379 forma.

1577 2395 1646 2425 1414,
1661 2396 1718 2422 dun.
1731 2396 1771 2426 31,
1786 2395 1859 2422 Febr.
1875 2395 1894 2425 1,
1909 2396 1935 2426 3.
1951 2395 2066 2422 Parisiis.

580 2493 648 2516 Bibl.
662 2496 715 2516 nat.
729 2493 823 2522 Puris„
838 2501 887 2516 ms.
899 2493 945 2516 lat.
959 2493 1040 2521 14862,
1058 2493 1102 2518 sol.
1116 2493 1231 2522 113-117,
1245 2494 1274 2516 37
1285 2493 1355 2516 dicta
1368 2493 1417 2516 sub
1433 2493 1622 2525 inscriptione:
1638 2502 1649 2516 ss
1661 2494 1812 2525 Sequuntur
1826 2496 1942 2517 extracta
1957 2493 2079 2516 formalia
2091 2493 2123 2517 de
2137 2492 2272 2525 quaternis
2287 2500 2351 2525 pro-

486 2538 625 2569 positionis
642 2538 760 2569 magistri
776 2538 836 2561 Joh.
854 2538 930 2561 Parvi
946 2546 994 2568 per
1006 2538 1148 2568 magistros
1162 2538 1301 2569 deputatos
1317 2539 1349 2561 ad
1364 2539 1512 2561 faciendum
1525 2538 1691 2562 collationem
1707 2539 1739 2561 de
1754 2538 1831 2561 dictis
1845 2538 1989 2570 quaternis,
2003 2541 2052 2562 etc.
2065 2546 2092 2566 ιη
2107 2538 2225 2566 117-12o;
2239 2537 2350 2562 παι-1111.

489 2584 571 2607 1⁷18:st
589 2583 633 2606 sol.
650 2583 716 2612 25‘0'b5
728 2586 853 2614 quantum
872 2583 904 2606 ad
920 2583 995 2606 Febr.
1011 2583 1021 2605 1
1038 2586 1064 2605 et
1081 2584 1103 2605 2.
1122 2583 1188 2613 Opp.
1207 2584 1332 2611 Germa„
1350 2584 1379 2611 V,
1396 2592 1423 2615 p.
1438 2584 1554 2611 258-272;
1568 2592 1595 2615 p.
1611 2585 1666 2607 580.

579 2676 603 2700 1.
616 2677 674 2700 Hel.
691 2679 722 2700 de
735 2677 932 2707 Sami-Deum,
942 2678 971 2701 Y.
986 2677 1039 2706 272,
1055 2677 1122 2699 male
1135 2677 1198 2700 dicit
1213 2685 1218 2700 :
1239 2686 1250 2698 «
1266 2677 1385 2700 Januarii
1401 2678 1430 2700 16
1441 2681 1499 2706 »μή
1512 2677 1549 2700 sic
1560 2678 1669 2701 Τυετει·
1685 2677 1710 2700 ἰη
1723 2677 1847 2701 Journal
1858 2679 1890 2701 de
1903 2677 2014 2701 Nicolas
2026 2678 2058 2700 de
2072 2677 2159 2707 Baye,
2175 2676 2208 2705 11,
2224 2675 2280 2706 170,
2293 2679 2349 2700 not.
