2502 3418
375 338 440 371 738
957 346 1279 368 CHARTULAYUUM
1315 344 1506 367 umvnns.
1544 344 1672 365 mnis.
2150 326 2250 363 [1452

378 459 523 496 2698.
546 468 682 503 Magistri
697 472 827 502 regentes
840 466 995 503 facultatis
1012 468 1184 502 theologiae.

1604 507 1681 537 7452
1698 506 1835 539 Septemb..
1849 506 1965 532 Parisiis.

468 588 539 621 Mag.
557 588 687 620 Roget-us
700 587 736 613 de
751 587 877 616 Gaillon,
894 587 1030 613 decanus.
1415 584 1490 617 Mag.
1507 584 1638 610 Nicolaus
1651 583 1780 609 Juvenis.

486 651 519 655 —
557 636 713 670 Dionysius
727 636 763 662 de
779 635 954 662 Sabrevois·.
1508 633 1610 659 Petrus
1625 632 1712 658 Corii.

485 700 521 703 —
558 684 716 711 Gausridus
730 684 880 710 Coclearis.
1506 681 1596 708 Guill.
1612 681 1771 707 Pommier.

558 734 734 760 Guillelmus
748 733 877 759 Evrardi.
1506 730 1573 756 Joh.
1591 730 1663 756 Hue.

557 783 682 808 Thomas
696 782 732 807 de
745 781 911 807 Courcellis.
1507 778 1645 804 Salomon
1661 779 1804 812 Dagorne.

557 830 642 862 Hugo
655 829 775 855 Porreti.
1507 827 1573 853 Joh.
1591 826 1743 853 Boucart⁴.

559 879 706 904 Johannes
721 878 804 903 Fabri
819 877 900 912 [Ord.
919 877 944 903 S.
962 876 1106 912 Trinit.]'-’.
1507 876 1596 902 Guill.
1613 876 1649 902 de
1665 875 1842 902 Castrosorti.

560 927 649 953 Guill.
667 927 770 953 Heuse.
1509 925 1632 951 Ursinus
1646 924 1803 950 ThiboutS.

557 976 622 1001 Joh.
640 975 764 1001 Postelli.
1506 973 1633 1000 Thomas
1648 974 1684 999 de
1699 973 1860 999 Gersonno.

559 1025 629 1050 Rob.
647 1024 776 1057 Cybolle.
1508 1023 1609 1048 Petrus
1625 1022 1735 1048 Polleti.

559 1073 703 1099 Gerardus
719 1073 807 1098 Gehe.
1507 1071 1627 1104 Egidius
1640 1071 1676 1097 de
1692 1071 1779 1104 Roya.

558 1123 659 1148 Petrus
673 1121 709 1147 de
724 1121 869 1147 Vauccllo.
1508 1121 1609 1146 Petrus
1624 1120 1748 1146 Richier.

555 1171 621 1197 Joh.
639 1170 675 1196 de
690 1170 781 1196 Oliva.
1313 1184 1315 1198 .
1508 1170 1574 1195 Joh.
1590 1170 1719 1195 Monnet.

557 1220 645 1246 Guill.
661 1219 787 1252 Aubery.
1508 1218 1574 1244 Joh.
1592 1217 1719 1243 Luillier.

554 1269 620 1294 Joh.
639 1267 848 1294 Painetchair³.
1507 1268 1633 1293 Thomas
1647 1266 1790 1292 Troussel.

557 1317 646 1343 Guill.
662 1315 784 1342 Bouille.
1507 1316 1653 1342 Antonius
1668 1316 1749 1348 Ursy.

484 1381 519 1383 —
556 1366 622 1391 Joh.
640 1365 731 1398 Regis.
1507 1364 1727 1391 Clarambaldus
1741 1362 1895 1396 Chalopin.
2055 1360 2108 1397 [34]

486 749 521 752 ⁸

484 798 522 1335 llllllllllll

1434 697 1471 1384 ΙΙΙΙΙΙΙΙΙΙΙΙὶΙΙ

471 1436 542 1459 Hunc
556 1436 675 1459 tabulam
688 1435 886 1466 composuimus
901 1443 914 1458 e
930 1443 980 1458 ms.
995 1435 1041 1458 lat.
1059 1437 1131 1458 56570
1146 1435 1214 1459 Bibl.
1229 1439 1292 1463 nat„
1308 1436 1352 1458 ubi
1367 1436 1453 1459 solum
1467 1435 1501 1459 ab
1517 1443 1559 1458 an.
1576 1435 1637 1458 1456
1654 1433 1776 1465 magistri
1794 1436 1914 1464 regentes
1928 1440 2033 1463 semper
2046 1431 2225 1455 nominantur.

471 1507 495 1532 1.
512 1507 562 1530 Sex
574 1510 712 1538 sequentes
728 1515 770 1530 on.
786 1507 846 1529 1464
857 1507 943 1529 adhuc
958 1506 1027 1530 inter
1042 1510 1163 1538 regentes
1180 1507 1336 1535 afferuntur,
1353 1507 1478 1538 Dionysio
1493 1507 1592 1530 decano
1606 1506 1692 1536 (ibid.‚
1710 1505 1755 1529 sol.
1769 1506 1819 1534 92).
1833 1518 1862 1522 -
1874 1503 1898 1528 2.
1915 1504 2013 1527 Eodem
2026 1511 2105 1533 anno,
2120 1503 2208 1532 Junio,
2225 1502 2252 1526 in

378 1552 473 1583 Suppl.
489 1552 571 1575 Nieol.
584 1552 612 1581 V,
627 1556 656 1574 n⁰
666 1552 721 1581 452,
739 1552 784 1575 sol.
797 1552 851 1579 246,
866 1554 895 1574 ut
910 1554 970 1574 actu
983 1559 1077 1582 regens
1092 1551 1117 1574 in
1133 1552 1258 1575 facultate
1270 1552 1350 1575 theol.
1365 1551 1531 1582 designatur,
1545 1550 1725 1581 beneficiaque
1740 1549 1816 1581 petit.
1826 1563 1857 1567 —
1867 1548 1892 1573 3.
1908 1549 1981 1572 Anno
1995 1547 2124 1579 sequenti,
2138 1547 2199 1571 Maii
2213 1547 2252 1577 12,

378 1596 518 1627 proposuit
536 1596 563 1619 in
582 1596 758 1619 Parlamento.
783 1595 846 1618 Cum
868 1595 937 1618 enim
959 1596 1020 1618 Maii
1041 1597 1056 1618 9
1077 1596 1211 1619 Johannes
1234 1596 1298 1625 flue,
1320 1604 1391 1627 mag.
1412 1596 1503 1623 theol..
1525 1595 1711 1627 proposuisset
1735 1602 1824 1617 coram
1847 1593 2001 1625 praeposito
2021 1592 2118 1620 Puris„
2133 1600 2163 1615 eo
2182 1591 2252 1623 quod

377 1642 407 1664 40
422 1641 555 1664 scholares
571 1640 716 1671 mancipati
731 1643 820 1663 essent
834 1640 996 1669 carceribus,
1009 1643 1035 1663 et
1050 1640 1144 1663 deinde
1158 1648 1217 1663 eum
1234 1644 1334 1664 rectore
1348 1644 1374 1663 et
1387 1640 1494 1663 circiter
1508 1641 1554 1663 800
1564 1648 1594 1663 ex
1605 1639 1785 1663 Universitnlc
1801 1646 1844 1661 eos
1861 1637 2056 1661 associantibus
2071 1636 2253 1665 recessissent,

375 1686 482 1708 clientes
499 1686 512 1708 8
526 1685 566 1708 vel
582 1686 596 1707 9
613 1686 773 1716 fugaverunt
787 1693 878 1707 omnes
895 1684 1042 1715 scholareS,
1056 1693 1148 1713 unum,
1162 1685 1347 1716 Raymundum
1362 1685 1394 1708 de
1407 1685 1569 1716 Mnuregart,
1583 1692 1654 1715 mag.
1667 1686 1715 1706 art.
1733 1686 1759 1706 et
1773 1683 1874 1705 baccul.
1889 1682 1915 1705 in
1932 1682 2038 1710 decret„
2055 1681 2252 1710 interfecerunt,

376 1730 445 1752 circa
461 1731 490 1752 1ss
506 1729 640 1752 scholares
656 1729 873 1758 vulneraverunt,
896 1732 921 1752 et
943 1729 1050 1760 quidam
1066 1729 1223 1760 sagittarius
1240 1733 1370 1753 rectorem
1386 1729 1485 1760 sagitta
1499 1730 1637 1760 perforare
1655 1731 1765 1751 conatus
1781 1730 1821 1750 est-
1844 1727 1910 1756 (Lib.
1927 1733 2045 1756 procur.
2064 1730 2124 1750 nat.
2142 1725 2252 1755 Gallia,

378 1775 423 1798 sol.
438 1774 495 1797 167¹)
508 1782 576 1805 sqq.;
593 1774 669 1802 Bur„
684 1774 712 1802 V,
725 1782 751 1805 p.
764 1775 809 1797 578
823 1781 896 1805 sqq.;
912 1774 982 1798 Bibl.
998 1775 1030 1797 de
1047 1773 1137 1798 l'e'cole
1151 1775 1197 1798 des
1209 1775 1328 1802 chartes,
1343 1774 1371 1803 V,
1388 1775 1515 1803 479-489).
1525 1787 1557 1791 —
1568 1773 1593 1798 ⁴.
1610 1774 1646 1797 Ut
1660 1772 1801 1804 episcopus
1814 1771 1969 1795 Abi-incens.
1983 1770 2070 1793 adhuc
2085 1770 2118 1793 ab
2134 1778 2177 1793 nn.
2191 1770 2251 1793 1453

377 1819 494 1850 regebat.
511 1831 538 1836 -
559 1818 584 1843 5.
601 1819 648 1841 An.
662 1819 731 1846 1453,
743 1818 804 1841 Jun.
818 1818 857 1850 16,
872 1818 983 1841 facultas
1001 1818 1083 1842 theol.
1099 1826 1157 1841 eum
1174 1818 1292 1849 privavit
1311 1819 1343 1841 nd
1359 1818 1515 1842 decennium
1533 1826 1548 1841 u
1563 1817 1692 1849 regentia,
1711 1825 1740 1840 eo
1760 1816 1840 1848 quod,
1862 1815 2041 1839 Universitate
2056 1823 2072 1838 a
2085 1814 2251 1838 sermonibus

375 1866 504 1893 cessante,
519 1862 545 1885 in
561 1863 670 1886 Lendito
686 1862 888 1893 praedicaverat
907 1862 966 1893 (ms.
983 1863 1030 1886 lat.
1051 1864 1132 1892 56570‚
1149 1863 1192 1886 sol.
1210 1863 1257 1893 16).
1274 1863 1451 1886 Nihilominus
1465 1863 1520 1894 jum
1538 1863 1599 1886 1456
1619 1862 1715 1885 iterum
1734 1864 1762 1884 ut
1782 1860 1911 1892 magister
1926 1868 2020 1891 regens
2040 1859 2150 1882 affertur
2165 1858 2251 1889 (ibid.,

379 1908 423 1931 sol.
438 1907 500 1937 32¹²).

379 2008 523 2045 2699.
549 2018 727 2051 Congregata
748 2016 947 2048 Uniuersitaie,
964 2016 1057 2042 lectae
1072 2021 1140 2042 sunt
1155 2017 1272 2043 litterae
1287 2019 1387 2051 regiae
1403 2017 1529 2042 Parisiis
1538 2017 1602 2052 jam
1612 2015 1784 2052 publicatae
1799 2023 1887 2050 super
1901 2013 2075 2049 quibusdam
2092 2012 2253 2048 impositio-

466 2066 560 2092 nibus.
587 2065 821 2102 Appellationem
847 2074 933 2101 quam
954 2069 1127 2101 procurator·
1156 2066 1356 2092 Universitatis
1381 2075 1399 2091 a
1420 2066 1587 2100 gravamine
1607 2065 1709 2090 liar-um
1731 2063 1893 2089 litterarum
1918 2062 2030 2088 nomine
2055 2061 2253 2087 Uuiversitatis

466 2117 585 2149 fecerat,
607 2114 840 2151 prosequendam
862 2114 1070 2140 concluserunt.
1092 2115 1195 2140 Nuntii
1210 2114 1294 2141 electi
1314 2118 1381 2141 sunt
1396 2115 1445 2150 qui
1465 2114 1581 2140 litteras
1605 2113 1805 2140 Universitatis
1823 2115 1977 2148 por-tarent
1991 2109 2254 2136 ambassiatoribus

474 2164 550 2189 Univ.
568 2163 708 2198 Biturigis
725 2163 929 2189 existentibus.

1571 2199 1645 2227 7452.
1663 2197 1781 2224 Octobris
1794 2198 1837 2226 24,
1854 2196 1969 2223 Parisiis.
2015 2224 2018 2228 ,

473 2248 550 2271 Arch.
564 2247 643 2271 Univ.
659 2247 753 2276 Paris„
769 2248 832 2278 Reg.
848 2248 858 2270 1
877 2247 946 2278 (Lib.
962 2252 1108 2277 procurat.
1125 2253 1185 2272 nat.
1202 2248 1323 2278 Gallia),
1340 2248 1384 2271 sol.
1400 2248 1455 2271 156.

385 2392 529 2429 2700.
554 2401 689 2435 Magistri
703 2405 833 2436 regentes
848 2400 1003 2435 facultatis
1017 2401 1179 2427 medicinae
1194 2410 1241 2428 an.
1259 2403 1388 2429 1452-53.

1626 2457 1700 2486 1452,
1715 2455 1839 2484 Movemb„
1854 2455 1969 2481 Parisiis.

477 2491 629 2524 Nomina
651 2491 856 2535 regentium
882 2503 889 2524 z

477 2581 608 2614 Magister
621 2580 764 2607 Robertus
779 2581 918 2606 Poitevin.
1424 2581 1557 2615 Magister
1570 2581 1693 2607 Karolus
1707 2581 1742 2607 de
1757 2580 1934 2613 Mauregart.

532 2644 565 2648 —
620 2629 767 2655 Johannes
782 2629 933 2662 Tiphaine.
1476 2645 1511 2649 —
1567 2630 1629 2656 Odo
1644 2630 1681 2656 de
1694 2629 1841 2655 Credulio.

621 2678 848 2710 Enguerrandus
862 2678 898 2704 de
912 2678 1038 2704 Parenti.
1477 2694 1512 2698 —
1567 2679 1716 2705 Johannes
1731 2677 1873 2712 Episcopi,
1887 2677 2024 2703 decanus,

622 2726 796 2752 Guillelmus
811 2726 847 2752 de
861 2726 953 2760 Algia.
1480 2743 1514 2747 —-
1571 2727 1726 2762 Dyonisius
1740 2727 1776 2753 de
1792 2726 2016 2753 Soubz-le-four.

622 2774 796 2800 Guillelmus
811 2775 846 2800 de
861 2775 991 2801 Camera.
1480 2792 1515 2796 —-
1571 2778 1673 2803 Petrus
1688 2777 1724 2803 de
1740 2775 1881 2802 Hamello.
2117 2770 2172 2807 [10]

485 2845 628 2868 Comment.
644 2846 692 2867 sac.
710 2844 788 2870 med..
804 2845 836 2872 11,
851 2853 878 2875 p.
894 2845 948 2868 117.
961 2859 992 2862 —
1003 2846 1067 2869 Nov.
1079 2847 1103 2874 4,
1120 2846 1217 2869 iterum
1233 2847 1402 2870 continuatus
1417 2850 1458 2871 est
1472 2847 1588 2870 decanus
1601 2847 1660 2871 Joh.
1678 2846 1814 2878 Episcopi.
1826 2859 1854 2864 -
1864 2845 1920 2870 odo
1936 2845 1967 2868 de
1981 2842 2103 2868 Credulio
2118 2842 2258 2865 defunctus

392 2893 432 2913 est
447 2898 489 2912 an.
505 2890 573 2912 1476.
590 2889 652 2920 Ejus
668 2888 833 2919 epitaphium
849 2889 908 2912 vide
924 2898 967 2920 ap.
984 2890 1097 2919 Rsnxm',
1114 2886 1281 2921 Epitaphier
1295 2893 1335 2916 du
1351 2893 1436 2916 vieuoe
1450 2892 1546 2921 Paris,
1563 2892 1582 2920 1,
1598 2900 1626 2923 p.
1642 2893 1697 2915 353.

515 2934 554 2956 93.

2487 2474 2502 2531 -ῃ-ι·“
2494 2459 2502 2462 z
2499 2437 2502 2441 i
2491 2386 2494 2387 ¹
2499 2344 2502 2346 .

2499 3268 2502 3276 -
2490 3220 2502 3243 si.
2493 3157 2502 3206 ..ω
2478 2556 2502 3146 ,ᾕ-Μωὴῧωκὲ»ΜἈἑδνιἈὲΑ-ήφζτᾉι
