2502 3418
271 353 367 391 1426]
610 365 657 387 AB
692 365 797 387 Anno
832 362 1122 386 MCCCLxxxxw
1159 362 1288 390 USQUE
1324 362 1371 384 An
1406 361 1543 383 ANNUM
1579 361 1786 384 mccccmi.
2064 354 2129 385 455

269 479 413 516 2275.
438 487 596 513 Accordum
613 487 641 512 in
650 485 827 523 parlamenti
839 485 930 519 curia,
947 493 1001 520 quo
1016 483 1155 510 haeredes
1172 482 1268 509 Caroli
1278 483 1313 509 de
1326 483 1449 518 Savoisy,
1466 484 1618 517 arreragia
1632 484 1780 519 pensionis
1794 493 1909 510 ammae
1922 489 2032 511 centum
2044 485 2133 511 libra-

356 546 417 562 rum
431 546 449 562 a
462 536 574 562 duobus
589 536 674 562 annis
689 539 716 562 et
731 534 807 561 ultra
824 534 932 568 debita,
949 533 1111 570 capellanis
1126 533 1252 568 quinque
1267 532 1526 569 capellaniarum,
1542 533 1606 558 scil.
1622 534 1706 558 Petro
1723 533 1855 567 Morice2,
1871 534 1993 568 Aegidio
2006 535 2131 568 Ilutelol,

354 585 460 612 Iacobo
479 585 580 619 Gallet,
597 584 703 611 Jacobo
722 585 857 619 Graffart,
883 582 1004 609 Girardo
1020 583 1132 617 Pignot,
1150 582 1332 607 scholaribus
1354 582 1553 607 [salver-sitatis
1572 582 1732 617 persolvere
1755 582 1867 608 debent.
1887 584 1951 612 Dat.
1968 584 2088 610 Parisios
2104 585 2134 610 iu

355 635 540 669 parlamento
555 636 655 661 nostro
669 634 705 660 de
720 641 860 660 consensu
877 641 938 667 quo
953 640 1039 666 supra
1054 632 1100 658 dle
1114 637 1180 658 xxx³
1195 632 1264 657 Julii
1277 639 1356 657 anno
1371 631 1527 657 millesimo
1540 631 1629 657 CCCC
1644 631 1778 657 vicesimo
1794 631 1889 658 sexto-'³
1902 634 1929 658 et
1945 633 2026 666 regni
2043 634 2133 659 nostri

356 686 472 718 quarto.
490 694 504 708 «
518 685 626 710 Notum
640 683 762 710 facimus
774 692 800 712 n,
819 693 832 707 «
849 682 971 708 Comme
985 680 1002 707 ἐι
1014 682 1041 707 la
1056 682 1189 715 requeste
1205 691 1229 706 n.

1516 716 1587 746 1426,
1603 717 1666 742 dulit
1676 717 1719 746 30,
1735 717 1849 743 Parisiis.

362 809 506 834 Me'moires
522 808 584 833 hist.
600 814 652 833 sut·
666 807 703 832 les
715 806 855 839 be'ne'fices,
872 814 898 837 p.
914 807 954 830 68.
967 819 997 823 —-
1010 806 1103 829 Petrus
1119 805 1240 829 Mnuricii
1257 805 1312 836 jam
1329 805 1393 828 Julii
1411 805 1437 828 'la
1452 813 1531 836 supet·
1546 805 1595 828 hoc
1610 809 1797 837 procuratores
1814 806 1846 828 ud
1862 806 1995 837 agendum
2011 806 2135 836 instituit,

268 854 325 878 scil.
340 854 483 885 magistros
499 853 671 878 Guillelmum
686 851 864 883 Pinguisavis,
879 851 1026 874 Johunnem
1041 851 1175 880 Lambert,
1188 850 1326 881 Aegidium
1344 850 1458 879 Hutelot,
1472 850 1601 873 Jacohum
1617 850 1702 880 Galet,
1718 854 1743 874 et
1759 851 1887 874 ‘rhomam
1903 850 2034 874 Lescolier
2051 851 2135 880 (ihid.,

269 909 295 931 p.
312 899 360 931 70).

361 983 386 1008 1.
405 982 463 1006 vid.
476 990 559 1014 supra
574 982 688 1011 11¹³1805‚
703 981 855 1010 1807‚1808‚
867 981 937 1006 2090.
951 994 980 998 -
991 979 1047 1005 21.
1064 989 1086 1005 e.
1098 980 1224 1003 Mauritii.
1235 979 1296 1004 —3.
1310 979 1386 1008 BUL„
1401 987 1428 1010 p.
1440 980 1479 1008 70,
1495 982 1564 1003 recte
1580 989 1593 1001 (ι
1606 980 1666 1003 1426
1678 988 1700 1010 n,
1717 980 1762 1003 sed
1775 989 1802 1012 p.
1818 981 1847 1003 74
1862 988 2003 1012 perperam
2017 981 2100 1004 ((1427
2113 989 2134 1004 ».

268 1028 391 1052 Errorem
407 1027 526 1059 sequitur
540 1028 688 1057 Joumnm,
705 1031 734 1049 n⁰
749 1026 820 1049 1192.

270 1159 413 1196 2276.
441 1167 621 1194 Concor-data
642 1167 763 1193 Martini
781 1168 805 1194 V
821 1176 882 1192 cum
908 1166 1008 1193 Carolo
1030 1168 1086 1201 Vll,
1104 1176 1169 1202 rege
1186 1167 1334 1201 Franciae,
1354 1167 1389 1193 de
1410 1167 1597 1193 electionibus
1617 1171 1644 1193 et
1658 1167 1870 1203 provisionibus
1887 1166 2083 1202 ecclesiarum,
2102 1167 2137 1193 de

358 1217 511 1244 collatione
526 1217 728 1252 beneficiorum
741 1216 938 1243 saecularium
952 1220 979 1242 et
994 1216 1171 1251 regularium
1184 1216 1212 1242 in
1226 1226 1311 1251 regno
1326 1217 1467 1243 Franciae
1481 1221 1508 1242 et
1519 1216 1706 1252 Delphinatu,
1718 1216 1869 1251 abrogatis
1886 1217 2137 1243 constitutionibus

359 1276 406 1293 an.
421 1268 500 1302 1418,
518 1266 628 1301 Martii,
647 1270 675 1292 et
690 1275 739 1292 an.
756 1267 834 1300 1423,
853 1265 934 1292 Febr.
952 1267 976 1293 8.
995 1266 1059 1292 Dat.
1078 1266 1223 1293 Genezani
1238 1267 1399 1294 Penestrini
1411 1267 1514 1296 dioec..
1530 1267 1568 1300 xij
1585 1267 1642 1292 kal.
1660 1266 1847 1300 Septembris,
1863 1274 1942 1292 anno
1958 1275 2047 1293 nono.

1451 1356 1528 1385 1426,
1544 1356 1653 1388 Augusti
1662 1356 1701 1385 21,
1719 1356 1852 1382 Genezani.

365 1445 484 1473 Quatuor
496 1444 625 1476 epistolae
640 1443 745 1467 Martini
759 1444 779 1467 V
794 1443 912 1475 ejusdem
928 1444 1056 1475 temporis
1074 1447 1151 1468 notae
1169 1444 1200 1467 de
1218 1445 1266 1467 hoc
1287 1444 1392 1476 negotio
1407 1447 1520 1468 exstant.
1544 1445 1632 1468 Prima
1651 1448 1677 1468 et
1691 1445 1850 1476 principalis
1866 1446 1904 1469 ad
1916 1450 2087 1476 perpetuam
2101 1446 2143 1470 rei

271 1490 435 1514 memoriam
450 1497 459 1514 :
476 1498 488 1513 (ι
503 1490 542 1513 Ad
558 1497 661 1512 sueram
676 1489 746 1512 Petri
759 1489 847 1512 sedem
862 1497 873 1512 »
891 1490 964 1520 (Reg.
985 1490 1043 1512 Vnt.
1068 1490 1144 1513 Mart.
1160 1490 1187 1517 V,
1210 1494 1238 1512 n⁰
1251 1491 1304 1518 355,
1318 1489 1364 1513 sol.
1379 1489 1444 1519 295).
1458 1490 1486 1513 In
1503 1490 1622 1521 inm-gine
1637 1498 1641 1512 z
1660 1499 1671 1512 <t
1686 1490 1903 1521 Concor[datum]
1921 1490 1991 1521 regis
2007 1491 2116 1514 Francia
2131 1499 2142 1514 1)

272 1534 359 1564 (Arch.
375 1538 439 1564 nat„
453 1535 497 1558 ΧΗ
512 1535 581 1562 8604,
599 1535 644 1557 sol.
660 1534 716 1564 841’3
733 1535 857 1558 ordonn.
873 1535 919 1559 des
934 1534 1000 1563 rois,
1014 1534 1081 1561 XIII,
1100 1542 1125 1565 p.
1145 1535 1200 1562 123,
1222 1538 1275 1558 not.
1298 1535 1446 1562 Jocmmlx,
1465 1539 1493 1557 n⁰
1512 1535 1582 1562 1186,
1599 1543 1740 1566 perperam
1755 1535 1788 1557 ad
1808 1543 1850 1558 nn.
1868 1535 1938 1564 1425,
1954 1536 2020 1566 Aug.
2035 1536 2068 1565 4).
2086 1536 2143 1559 Alia

272 1580 384 1611 epistola
399 1581 437 1604 ad
449 1581 583 1610 futuram
597 1578 639 1603 rei
654 1579 821 1603 memoriam
836 1579 875 1610 (ut
896 1579 947 1602 duo
970 1581 1120 1610 sequentes)
1138 1587 1143 1602 ⁴.
1162 1588 1173 1602 «
1196 1579 1288 1602 Merita
1311 1579 1443 1602 carissimi
1468 1579 1515 1602 filii
1538 1579 1622 1603 nostri
1646 1579 1735 1603 Karoli
1748 1588 1760 1602 »
1778 1580 1850 1610 (neg.
1866 1580 1922 1603 Vnt.
1939 1580 2015 1603 Mart.
2029 1580 2057 1608 V,
2074 1581 2091 1603 l.
2108 1589 2140 1608 c.,

274 1625 318 1648 fol.
335 1624 406 1652 296b;
422 1624 500 1648 Arch.
515 1627 579 1653 nah,
595 1623 613 1647 l.
630 1632 663 1651 c.,
681 1623 725 1647 fol.
742 1624 791 1653 86).
808 1623 897 1647 Tertia
920 1631 925 1647 ε
950 1631 961 1646 (ί
982 1623 1090 1647 Romani
1113 1623 1246 1654 pontificis
1267 1623 1434 1655 providentio
1456 1632 1467 1646 n
1490 1624 1575 1654 (ibid.‚
1601 1624 1645 1648 fol.
1669 1625 1727 1652 29&
1750 1624 1828 1647 Arch.
1851 1627 1915 1652 nat„
1939 1624 1956 1647 l.
1977 1633 2010 1653 c.,
2032 1625 2077 1648 sol.
2094 1626 2143 1654 87).

273 1669 372 1697 Quarta
386 1677 391 1692 z
408 1678 419 1691 «
436 1669 556 1692 Preclnre
572 1668 719 1691 devotionis
735 1668 873 1691 sinceritas
890 1676 900 1689 u
915 1668 1000 1698 (ibid.,
1018 1668 1064 1691 sol.
1080 1668 1158 1698 298b).
1174 1668 1307 1696 Quantum
1321 1669 1353 1691 ad
1369 1672 1555 1700 argumentum
1569 1669 1622 1692 vid.
1639 1669 1812 1697 Bait-coum,
1824 1671 1843 1691 t.
1859 1669 1891 1696 11,
1906 1669 1948 1692 ⁶01
1964 1677 2022 1700 sqq.

366 1713 477 1737 Carolus
499 1713 543 1736 VII
566 1713 656 1736 eodem
680 1721 758 1741 anno,
778 1713 905 1736 Novemb.
922 1714 960 1741 24,
984 1713 1087 1736 litteras
1111 1713 1216 1736 Martini
1235 1714 1254 1736 V
1275 1713 1460 1744 comprobavit
1478 1713 1542 1744 (vid.
1566 1714 1635 1737 infru
1655 1717 1684 1736 11⁰
1700 1714 1777 1744 2286),
1800 1716 1942 1744 postquam
1958 1714 2142 1745 Reginalduni,

273 1758 503 1789 archiepiscopum
518 1758 639 1781 Remens.
655 1758 764 1782 Romam
779 1757 897 1788 miserat,
913 1757 956 1780 cui
972 1766 1110 1781 reversuro
1132 1757 1157 1780 in
1178 1758 1315 1781 Franciam
1338 1766 1408 1789 papa
1432 1758 1566 1789 Septemb.
1585 1759 1597 1781 8
1617 1758 1720 1781 salvum
1734 1758 1892 1781 conductum
1908 1758 1981 1782 dedit
1996 1760 2068 1790 (Reg.
2086 1760 2142 1783 Vnt.

275 1803 350 1826 Mart.
364 1803 394 1833 V,
410 1807 439 1825 n⁰
453 1804 508 1831 355,
526 1803 570 1826 sol.
585 1803 650 1832 299).

276 1930 421 1967 2277.
443 1939 606 1965 Abbatibus
622 1939 658 1965 de
675 1941 702 1965 S.
722 1938 858 1975 Sulpicio,
877 1939 912 1965 de
934 1939 1140 1974 Chassenniass
1169 1939 1204 1965 de
1229 1939 1358 1976 Capella,
1387 1942 1532 1965 Constant.
1558 1939 1660 1974 dioec„
1680 1939 1802 1974 injungit
1825 1940 1987 1976 Capitulum
2009 1940 2143 1974 generale

367 1989 557 2023 Cisterciens.,
576 1992 606 2014 ut
628 1988 749 2024 quilibet
771 1989 849 2023 infra
871 1991 977 2023 festum
1003 1989 1131 2014 Omnium
1158 1991 1326 2015 Sanctorum
1348 1989 1388 2014 ud
1406 1989 1533 2015 studium
1556 1990 1582 2015 S.
1603 1989 1746 2014 Bernardi
1766 1989 1860 2015 Paris.
1880 1999 1964 2015 unum
1984 1989 2143 2015 scholarem

365 2047 427 2064 cum
441 2038 593 2071 sufficienti
605 2038 768 2074 provisione
783 2038 888 2072 mittat,
908 2038 949 2064 vel
963 2047 1102 2064 summam
1122 2038 1217 2064 decem
1233 2041 1398 2073 francorum
1415 2038 1589 2065 contribuat.
1606 2038 1705 2063 Abbos
1722 2048 1782 2064 vero
1799 2039 1968 2065 monasterii
1982 2039 2017 2065 de
2034 2039 2141 2073 Laude,

369 2089 487 2114 Tornac.
505 2087 608 2118 dioec.,
623 2087 676 2113 sub
690 2096 785 2124 poena
802 2088 1106 2113 excommunicationis
1120 2089 1183 2114 sine
1198 2087 1339 2114 dilatione
1352 2088 1516 2124 Philippum
1532 2087 1567 2113 de
1584 2088 1738 2113 ὺόιιίαιιὶε2
1751 2088 1823 2113 dicti
1842 2089 2011 2114 monasterii
2028 2089 2068 2114 ad
2083 2092 2142 2114 stu-

321 2164 322 2167 *
366 2136 444 2162 dium
459 2137 587 2163 remittat
600 2145 650 2163 nec
666 2141 774 2163 revocet
789 2137 851 2163 sine
867 2137 985 2163 licentia
999 2136 1116 2163 abbatis
1135 2137 1315 2164 cisterciens.

1413 2214 1486 2244 1426,
1505 2214 1664 2246 Septembris
1681 2215 1717 2244 12,
1735 2214 1859 2240 θῐείενοὶῐ.

372 2302 482 2326 Constit.
496 2305 521 2326 et
533 2301 616 2334 Cupp.
631 2302 739 2326 Cisterc.
757 2302 784 2326 in
799 2302 876 2327 Arch.
893 2306 977 2326 status
992 2303 1111 2332 Luzern„
1128 2307 1156 2326 n⁰
1170 2303 1224 2332 544,
1240 2311 1266 2334 p.
1283 2304 1328 2326 395
1341 2311 1380 2334 sq.
1397 2316 1422 2320 --
1438 2302 1541 2326 Similia
1557 2310 1598 2325 an.
1614 2303 1673 2325 1427
1688 2302 1774 2333 Cupit.
1791 2303 1914 2334 generale
1930 2302 2044 2334 injungit
2056 2303 2147 2326 abbati

279 2347 311 2371 de
326 2347 491 2371 Altacumba.

374 2431 399 2456 1.
418 2432 468 2454 Seu
485 2440 497 2454 ((
511 2431 638 2455 Cassania
652 2440 673 2460 »,
690 2440 701 2455 «
716 2432 891 2456 Notre-Dame
904 2432 935 2456 de
950 2432 976 2456 la
992 2432 1146 2463 Chassagne
1160 2440 1181 2460 »‚
1197 2432 1279 2455 dioec.
1296 2432 1465 2463 Lugdunens.
1483 2431 1544 2456 —2.
1558 2432 1631 2460 Quod
1648 2435 1673 2454 et
1690 2433 1785 2455 sactum
1803 2435 1850 2454 est.
1866 2431 1923 2455 Vid.
1941 2436 1970 2454 n⁰
1985 2433 2045 2455 2330
2062 2440 2067 2456 :
2085 2432 2147 2455 Phi-

280 2476 370 2508 lippus
387 2477 418 2499 de
433 2476 530 2499 Laude.

282 2599 426 2636 2278.
449 2607 561 2634 Paulus
577 2608 692 2634 Nicolai
707 2608 742 2634 de
759 2608 919 2643 Sclavenia,
946 2609 1135 2635 baccalareus
1159 2612 1302 2643 formatus
1326 2609 1354 2634 in
1379 2609 1532 2643 theologia,
1558 2613 1657 2634 contra
1680 2609 1819 2634 decanum
1842 2609 2031 2641 (Dominicum
2049 2610 2148 2644 Parvi)

370 2657 581 2693 magistrosque
591 2657 744 2692 facultatis
759 2657 920 2693 theologiae
935 2658 1040 2693 litigat,
1055 2658 1130 2694 quod
1147 2668 1165 2684 a
1179 2659 1297 2684 licentia
1310 2658 1442 2694 repulsus
1455 2658 1503 2683 sit.
1520 2658 1656 2692 Sustinet,
1673 2667 1704 2684 se
1718 2662 1827 2694 tempus
1842 2658 2011 2694 requisitum
2026 2659 2053 2684 in
2070 2658 2149 2685 dicta

369 2708 428 2740 fac.
445 2707 602 2741 studuisse,
615 2706 897 2743 praedicationibus,
913 2707 1039 2741 lecturis,
1056 2707 1268 2742 collationibus,
1285 2708 1431 2744 responsis
1449 2707 1755 2742 disputationibusque
1769 2708 1912 2733 consuetis
1930 2710 2058 2742 sunctum
2075 2717 2146 2734 esse.

371 2755 508 2782 Facultas
524 2760 620 2782 autem
635 2755 758 2782 Paulum
774 2757 901 2791 graviter
918 2760 1017 2783 contra
1032 2760 1144 2783 statuta
1160 2766 1214 2783 sua
1227 2757 1393 2793 peccavisse
1411 2756 1565 2783 contendit.
1584 2758 1685 2791 Itaque
1701 2756 1810 2782 Paulus
1826 2766 1921 2782 coram
1939 2757 2058 2783 consilio
2074 2758 2149 2792 regis

370 2805 509 2841 petitione
522 2805 666 2839 dejicitur.

1434 2842 1507 2872 1426,
1523 2842 1682 2874 Septembris
1698 2842 1734 2872 17,
1750 2843 1864 2868 Parisiis.

379 2930 455 2959 BUL„
469 2930 498 2960 V,
515 2930 630 2959 377-381,
646 2938 706 2953 cum
721 2929 798 2953 titulo
813 2938 818 2953 ι
837 2938 847 2953 α
861 2930 970 2954 Charles
983 2939 1033 2962 par
1048 2931 1074 2953 ln
1086 2938 1164 2962 grace-
1177 2930 1208 2954 de
1220 2930 1284 2954 Dieu
1300 2939 1346 2962 roy
1357 2931 1388 2954 de
1399 2931 1498 2953 Fronce
1512 2938 1534 2960 1),
1552 2933 1576 2953 et
1591 2930 1641 2953 sine
1655 2938 1660 2953 :
1677 2938 1687 2953 α
1703 2930 1792 2954 Βοηηό
1807 2932 1821 2954 ὰ
1837 2931 1911 2954 Paris
1927 2932 1951 2955 Ie
1967 2931 1994 2955 17
2011 2932 2083 2963 Sept.
2098 2932 2149 2954 l'nn
