2502 3418
432 306 472 338 72
864 326 867 328 ,
1011 313 1330 335 CHARTULARIUM
1367 312 1558 334 univsfls.
1597 312 1724 333 rmus.
2198 296 2297 332 [1403

432 389 554 422 cordie
576 400 640 421 sue
663 388 917 433 proprietatem
936 394 969 420 et
990 387 1115 419 merita
1137 386 1339 431 supplicum
1359 386 1499 418 excedit
1520 393 1555 419 et
1571 392 1663 425 vota,
1681 385 1815 429 quippe
1832 385 1893 429 qui
1911 384 1967 417 dat
1986 383 2182 428 unicuique
2198 384 2298 428 juxta

432 456 523 489 viam
545 468 644 488 suam
667 462 701 488 et
716 456 815 500 juxta
836 455 990 487 fructum
1013 454 1314 486 adinvencionum
1338 464 1541 486 suarum....

523 524 565 555 Et
587 523 702 567 primo
730 522 901 567 dignetur
932 523 969 553 E.
1002 521 1036 553 S.
1062 521 1106 553 V.
1129 520 1263 552 (lictum
1296 519 1452 552 rotulum
1486 526 1519 552 et
1547 525 1715 551 contenta
1746 518 1782 550 in
1811 518 1938 550 eodem
1968 517 2076 550 solito
2106 517 2299 550 clementie

434 589 598 634 ejusdem
633 590 667 622 S.
697 601 798 621 more
825 588 985 633 benigne
1016 587 1192 631 recipere,
1218 593 1253 619 et
1277 586 1453 619 deffectus
1482 592 1549 618 tam
1577 586 1672 630 juris
1699 597 1803 629 quam
1835 584 1972 617 erroris
1999 591 2060 617 aut
2088 584 2299 629 ignorancie

434 656 721 689 misericorditer
742 655 926 700 supplere.

523 725 611 756 Item
630 723 800 767 dignetur
818 723 855 754 E.
875 722 908 754 S.
924 723 966 755 V.
985 720 1118 766 gratias
1139 719 1292 752 inferius
1313 719 1538 764 subscriptas
1560 718 1627 751 sub
1645 718 1724 751 data
1746 718 1851 763 primi
1872 719 1956 751 anni
1973 725 2008 751 et
2028 718 2165 751 mensis
2180 724 2301 751 vestre

435 790 635 822 creacionis
656 802 694 822 ac
716 788 947 834 pontificatus
968 787 1147 832 solitaque
1168 786 1366 819 clemencia
1387 797 1610 819 summorum
1634 785 1843 830 pontificum
1865 797 1946 818 cum
1973 785 2199 831 prerogativa
2222 785 2302 818 date

435 863 515 890 ante
538 856 625 889 alias
650 856 912 889 Universitates
933 855 1184 899 cujuscunque
1206 853 1329 894 studii,
1353 853 1424 885 nisi
1450 859 1569 886 tamen
1589 852 1723 885 ibidem
1746 852 1882 885 suerint
1910 852 2031 897 legum
2060 859 2120 885 aut
2139 853 2303 885 decreto-

436 935 512 956 rum
536 923 704 956 doctores
727 922 784 955 vel
813 922 974 967 magistri
1001 921 1076 954 sive
1097 920 1270 953 licentiati
1292 920 1328 952 in
1350 931 1450 952 sacra
1471 919 1612 964 pagina,
1637 919 1782 964 signare
1804 925 1839 952 et
1859 919 2022 964 expediri
2044 919 2213 952 mandare
2235 919 2303 952 sub

436 990 514 1023 data
535 997 569 1022 et
589 989 669 1022 aliis
691 989 931 1034 prerogativis
953 988 1009 1020 hic
1037 999 1110 1020 non
1132 987 1316 1032 expressis
1345 987 1417 1019 filie
1439 993 1559 1020 vestre
1590 998 1628 1019 ac
1660 987 1762 1019 matri
1792 993 1916 1019 nostre
1944 986 2177 1020 Universitati
2207 986 2304 1019 Pari-

436 1057 550 1090 siensi
570 1056 757 1089 concessis
778 1055 835 1088 vel
855 1054 1159 1087 concedendis...

524 1125 611 1155 Item
628 1122 725 1167 quod
746 1122 860 1167 gratie
878 1122 1039 1167 predicte
1057 1121 1087 1154 si
1104 1128 1138 1154 et
1158 1127 1329 1166 quantum
1349 1120 1577 1165 reperiantur
1593 1120 1742 1153 inutiles
1761 1121 1949 1153 reformari
1965 1119 2107 1153 valeant
2125 1120 2163 1153 in
2179 1120 2303 1153 eadem

437 1190 529 1229 (lata,
557 1196 591 1222 et
617 1189 714 1234 quod
741 1188 883 1222 valeant
910 1188 995 1221 dicti
1018 1188 1183 1233 religiosi
1211 1188 1382 1233 quamdiu
1404 1187 1540 1220 suerint
1562 1187 1638 1220 veri
1667 1187 1858 1220 studentes
1886 1187 1922 1219 in
1943 1187 2037 1220 dicta
2064 1187 2307 1220 Universitate

436 1256 605 1290 carnibus
634 1256 697 1297 uti,
729 1262 764 1288 et
790 1256 887 1300 quod
919 1256 956 1288 in
985 1256 1142 1288 favorem
1173 1255 1324 1288 scientie
1353 1255 1389 1287 in
1420 1267 1488 1299 qua
1517 1254 1725 1287 studuerint
1752 1261 1786 1286 et
1812 1254 1961 1287 student
1986 1254 2306 1293 concedantureis

435 1323 548 1368 gratie
578 1323 800 1368 expectative
831 1322 937 1355 etiam
969 1334 1084 1367 usque
1111 1322 1154 1354 ad
1176 1321 1351 1354 beneficia
1379 1321 1632 1354 conventualia
1654 1321 1846 1354 inclusive.
1870 1322 2016 1354 Attento
2045 1321 2141 1366 quod
2170 1327 2306 1354 tantum

438 1396 523 1423 sunt
542 1396 681 1434 septem
703 1389 775 1433 (sic)
798 1389 860 1434 qui
881 1389 1143 1434 supplicant....

526 1516 599 1542 Item
615 1514 774 1549 specialiter
793 1514 936 1548 supplicat
952 1515 978 1541 S.
994 1514 1025 1540 V.
1042 1515 1164 1541 devotus
1180 1516 1271 1541 vester
1290 1515 1378 1540 frater
1397 1515 1545 1541 Johannes
1565 1515 1694 1541 Manselli
1716 1515 1866 1548 religiosus
1888 1515 2058 1541 monasterii
2073 1514 2188 1548 Majoris
2207 1514 2308 1541 Mona-

438 1565 516 1592 stcrii
531 1566 691 1591 Turonens.
706 1564 792 1594 dioc..
809 1564 938 1590 sacerdos
953 1572 1082 1598 expresse
1094 1564 1248 1598 professus.
1266 1564 1327 1590 bac.
1342 1564 1486 1590 formatus
1501 1564 1532 1590 iu
1548 1564 1637 1590 theol.
1654 1566 1682 1590 ct
1697 1564 1728 1590 in
1744 1564 1838 1590 forma
1853 1564 1971 1590 licencie
1983 1564 2116 1590 existens.

526 1615 599 1640 Item
615 1614 679 1639 frat.
694 1613 841 1640 Johannes
855 1613 891 1639 de
906 1612 1078 1646 Bovesgue¹‚
1093 1613 1187 1646 presb.
1205 1613 1256 1639 rel.
1274 1621 1404 1646 expresse
1419 1614 1563 1647 professus
1578 1613 1748 1639 monasterii
1764 1613 1790 1639 S.
1808 1613 1955 1639 Trinitatis
1970 1613 2184 1646 Fiscampnens.
2199 1613 2236 1639 ad
2251 1613 2309 1639 Ro-

440 1671 558 1689 manam
572 1663 684 1689 curiam
700 1663 782 1688 nullo
795 1662 892 1688 medio
906 1662 1079 1695 pertinentis
1094 1662 1126 1688 O.
1143 1662 1169 1688 S.
1188 1663 1230 1691 B..
1247 1662 1308 1688 hac.
1326 1662 1357 1687 in
1372 1663 1462 1688 theol.
1479 1663 1510 1688 in
1525 1663 1620 1689 forma
1635 1662 1753 1689 licencie
1767 1663 1899 1689 existens.

527 1713 602 1738 Frat.
618 1712 790 1745 Radulphus
805 1711 987 1741 Marescalli2‚
1002 1719 1065 1737 cau.
1081 1711 1220 1744 regularis
1234 1713 1263 1737 et
1278 1713 1380 1737 cantor
1396 1712 1422 1737 S.
1440 1712 1583 1738 Genovese
1603 1712 1690 1737 PariS.
1708 1712 1777 1738 Ord.
1799 1712 1825 1738 S.
1840 1712 1927 1744 Aug..
1944 1712 2038 1746 presb.
2055 1719 2184 1745 expresse
2198 1694 2310 1746 profes.-

439 1770 497 1791 sus,
514 1761 576 1787 bac.
593 1762 736 1787 formatus
751 1761 781 1786 in
798 1761 888 1786 theol.

529 1811 627 1836 Frater
642 1810 818 1836 Guillelmus
833 1810 868 1836 de
884 1810 972 1835 Hotot
980 1809 1002 1839 ³,
1019 1810 1148 1836 sacerdos
1162 1810 1312 1843 religiosus
1327 1818 1456 1844 expresse
1470 1810 1615 1844 professus
1631 1811 1657 1836 S.
1675 1810 1888 1843 Wandregisilii
1902 1810 2128 1844 Rothomagens.
2145 1810 2231 1840 dioc..
2248 1809 2310 1836 bae.

441 1860 584 1885 formatus
598 1859 629 1884 in
645 1859 734 1885 theol.

531 1909 629 1934 Frater
644 1908 775 1934 Matlieus
789 1908 825 1934 de
840 1907 949 1937 Curis⁴,
966 1915 1047 1933 mon.
1064 1916 1192 1941 expresse
1212 1909 1357 1942 professus
1376 1909 1545 1935 monasterii
1569 1909 1683 1942 Majoris
1705 1909 1869 1935 Monasterii
1890 1910 2050 1935 Turonens.
2067 1908 2141 1935 dioc.
2165 1908 2198 1935 O.
2220 1908 2246 1935 S.
2266 1908 2310 1936 Β..

441 1958 548 1991 presb.‚
564 1957 624 1983 hac.
642 1957 673 1983 in
688 1964 765 1983 sacra
781 1957 886 1990 pagina
903 1957 1002 1986 Paris..
1016 1959 1045 1983 et
1058 1957 1097 1982 ibi
1107 1958 1169 1991 jam
1185 1958 1254 1991 legit
1269 1958 1402 1991 primum
1418 1966 1538 1984 cursum
1546 1957 1556 1975 ²⁵
1571 1960 1599 1984 et
1614 1960 1656 1984 est
1671 1958 1707 1984 de
1724 1958 1851 1992 presenti
1870 1958 1901 1984 in
1916 1958 2041 1991 septimo
2058 1966 2137 1984 anno
2156 1966 2207 1985 sue
2224 1957 2310 1984 audi-

442 2014 541 2032 eionls.

532 2055 672 2089 Georgius
688 2056 801 2084 ltubau.
818 2055 884 2081 cler.
902 2055 975 2082 dioc.
989 2056 1120 2082 Valencie
1136 2056 1165 2081 in
1189 2064 1280 2089 regno
1299 2056 1453 2090 Aragonie,
1471 2057 1531 2082 bac.
1550 2056 1580 2082 in
1596 2064 1617 2083 s.
1635 2057 1740 2090 pagina
1762 2057 1847 2083 Paris.
1868 2059 1897 2084 et
1912 2057 2020 2083 ibidem
2035 2058 2103 2083 actu
2117 2056 2195 2082 stud.
2211 2056 2242 2082 in
2257 2056 2310 2082 sac.

443 2105 532 2131 theol.
2133 2105 2167 2141 [6]

535 2219 610 2251 Fiat
630 2230 693 2263 pro
716 2218 898 2252 omnibus.
922 2220 959 2251 L.
976 2239 1021 2243 —
1037 2220 1114 2252 Dat.
1139 2219 1283 2252 Sallone
1300 2219 1526 2253 Arelatensis
1548 2221 1720 2262 diocesis,
1740 2231 1805 2266 pro
1826 2221 2030 2254 bacallariis
2051 2219 2213 2254 formatis
2233 2209 2311 2266 xiij⁰

446 2293 479 2319 et
500 2298 564 2331 pro
586 2285 825 2319 bacallaribus
846 2286 1058 2319 cursoribus
1079 2287 1142 2331 xij⁰
1163 2287 1231 2319 kal.
1254 2287 1481 2329 Novembris,
1505 2300 1598 2321 anno
1620 2288 1772 2321 decimo.

540 2403 602 2432 Reg.
618 2402 712 2433 Suppl.
730 2402 825 2425 Bened.
841 2402 909 2434 XIIl,
925 2406 954 2424 n⁰
967 2403 1005 2430 93,
1026 2402 1070 2425 rol.
1087 2403 1125 2425 88.
1143 2402 1356 2433 Supplicationes
1378 2403 1405 2426 in
1420 2402 1551 2435 principio
1576 2404 1654 2427 rotuli
1678 2413 1774 2435 magna
1794 2413 1825 2428 ex
1840 2408 1915 2436 parte
1934 2404 2027 2428 solitae
2043 2407 2113 2427 sunt.
2130 2404 2262 2432 Quantum
2279 2403 2313 2427 ad

447 2446 551 2469 initium
566 2455 571 2469 z
589 2455 600 2469 <‹
613 2446 783 2469 Fiducialiter
799 2455 810 2469 1)
827 2449 886 2474 οἱα,
903 2447 936 2469 cs.
951 2455 1034 2478 supra
1048 2451 1075 2469 n⁰
1092 2447 1161 2470 1783.

541 2543 564 2567 1.
577 2544 611 2567 De
622 2552 672 2575 quo
688 2544 766 2567 infra.
780 2558 806 2562 -—
818 2544 842 2569 2.
857 2545 1008 2573 Ann01407,
1023 2544 1094 2567 Junii
1108 2545 1146 2573 20,
1161 2549 1301 2576 postquam
1316 2545 1409 2569 suisset
1419 2546 1594 2569 cancellarius
1608 2548 1634 2570 S.
1647 2547 1794 2570 Genovntae
1807 2547 1901 2577 Paris..
1916 2548 2000 2570 fuctus
2016 2550 2056 2570 est
2065 2546 2148 2570 abbas
2160 2545 2313 2569 monasterii

449 2588 570 2611 Omnium
587 2589 741 2611 Sanctorum
758 2590 829 2619 (Reg.
846 2590 925 2612 Aven.
941 2589 1036 2612 Bencd.
1059 2590 1126 2619 xm,
1143 2590 1195 2612 vol.
1212 2590 1295 2618 XLIX,
1314 2590 1358 2613 sol.
1376 2590 1443 2619 127);
1462 2599 1504 2614 an.
1522 2591 1591 2621 1414,
1608 2593 1674 2622 Aug.
1692 2592 1729 2621 18,
1746 2592 1829 2615 abbas
1850 2592 1876 2615 S.
1897 2592 2044 2616 Genovet'ae
2066 2591 2150 2614 Paris.
2166 2591 2240 2622 (Reg.
2256 2591 2313 2615 Lat.

448 2633 541 2656 ι10111111.
553 2633 642 2662 xxm,
655 2641 697 2656 an.
714 2634 754 2660 ΥΟ,
771 2633 818 2656 lib.
833 2634 963 2662 XXXXIV,
980 2634 1025 2656 sol.
1042 2633 1174 2664 251).—3.
1191 2634 1249 2657 Vid.
1266 2635 1298 2657 nd
1314 2634 1508 2659 an.1l108.—!4.
1521 2636 1576 2658 Non
1593 2636 1675 2658 multo
1690 2639 1758 2667 post,
1774 2644 1831 2659 cum
1846 2640 1916 2659 esset
1926 2636 1983 2659 hac.
1998 2637 2125 2659 formatus
2141 2635 2168 2659 in
2181 2634 2314 2667 theologia

449 2680 474 2700 et
488 2677 561 2708 prior
575 2677 708 2707 prioratus
732 2678 763 2700 de
783 2679 876 2709 Reney,
895 2678 1059 2701 universitas
1084 2678 1167 2701 Paris.
1192 2679 1326 2710 supplicat
1346 2679 1435 2702 abbati
1458 2680 1721 2711 Majorismouasterii
1742 2684 1770 2703 ut
1791 2681 1902 2712 collegio
1926 2681 2045 2712 ejusdem
2066 2680 2175 2703 Parisiis
2195 2679 2314 2703 Matheus

449 2721 618 2753 praeficiatur
632 2728 638 2744 z
651 2730 662 2744 «
676 2722 739 2749 Quis
762 2722 858 2753 aptior,
880 2722 972 2754 quisve
987 2722 1094 2754 dignior
1114 2723 1181 2746 inter
1200 2727 1302 2746 vestros
1323 2727 1410 2754 potest
1430 2724 1559 2747 inveniri?
1579 2725 1655 2747 Solus
1677 2729 1724 2753 est,
1743 2729 1771 2748 ut
1789 2727 1882 2753 fertur,
1901 2725 1927 2748 in
1947 2725 2094 2756 theologiae
2113 2724 2237 2748 facultate
2251 2732 2314 2755 gra-

450 2767 555 2795 duatus,
572 2766 643 2789 novit
658 2766 786 2798 redditus,
803 2767 875 2790 novit
892 2775 987 2796 lnoreS‚
1004 2767 1127 2799 novitque
1141 2771 1239 2790 statum
1255 2768 1374 2799 collegii;
1390 2769 1414 2791 in
1431 2769 1484 2791 vitu
1498 2777 1603 2800 semper
1617 2769 1804 2800 integerrimus
1822 2770 1870 2793 suit
1884 2773 1909 2793 et
1922 2769 1948 2793 in
1963 2770 2057 2793 studiis
2071 2769 2225 2793 acerrimus.
2240 2769 2315 2797 Quod

450 2811 472 2833 si
486 2811 537 2834 ista
552 2818 597 2833 vos
613 2819 663 2833 11011
679 2815 782 2834 movent
785 2828 833 2840 .....
848 2815 969 2834 moveant
984 2812 1126 2834 scolarium
1143 2812 1247 2843 collegii
1262 2813 1500 2844 supplicationes...
1517 2822 1527 2836 >2
1545 2814 1631 2843 (Areli.
1646 2818 1698 2837 nat.
1716 2815 1809 2843 Paris„
1824 2815 1846 2837 M
1862 2816 1914 2845 65¹⁵,
1926 2819 1955 2837 n⁰
1967 2815 2006 2838 91.
2023 2813 2206 2838 Subscribitur
2222 2822 2233 2836 (1
2252 2813 2315 2837 Uni-

450 2855 563 2878 versitas
578 2855 766 2885 magistrorum
779 2859 804 2878 et
816 2856 953 2878 doctorum
967 2856 1048 2879 studii
1062 2856 1219 2879 Parisiensis
1235 2862 1268 2886 n).
1284 2871 1314 2874 ——-
1327 2857 1351 2882 5.
1369 2858 1389 2880 1.
1402 2866 1425 2881 e.
1441 2858 1472 2880 de
1487 2858 1582 2881 Bihlia.
