2502 3418
409 316 450 348 60
986 327 1304 348 CHARTULARIUM
1342 327 1531 348 univssas.
1570 327 1698 349 rmus.
2174 312 2273 348 [1403

410 400 695 445 congaudemus,
714 407 902 445 sperantes
923 401 1020 445 quod
1041 401 1119 445 ipse
1141 402 1244 445 cujus
1265 413 1371 434 causa
1392 401 1510 446 agitur
1531 401 1648 434 taliter
1668 400 1812 433 labores
1828 405 1970 432 vestros
1992 398 2219 443 promovebit
2240 405 2273 431 et

410 467 556 512 diriget,
579 467 676 512 quod
706 467 851 500 saluber
872 468 1000 500 exinde
1022 480 1061 500 ac
1089 468 1317 501 desideratus
1348 475 1522 512 sequetur
1542 468 1704 500 effectus.
1732 468 1902 500 Ceterum
1933 466 1977 498 de
2007 472 2107 510 grata
2137 465 2274 498 domini

410 534 525 566 nostri
547 534 677 566 summi
700 534 881 579 pontificis
902 535 1142 579 responsione
1161 541 1227 567 tam
1249 546 1360 579 super
1375 535 1466 567 sacto
1485 534 1796 567 desideratissime
1817 532 1965 565 unionis
1982 531 2151 572 ecclesie,
2169 544 2272 576 quam

411 601 629 645 superfacto
651 601 759 633 rotuli
781 601 896 634 nostri
918 601 1033 634 eidem
1056 601 1263 641 scribimus,
1282 602 1507 634 affectionem
1530 602 1647 646 ipsius
1669 612 1773 645 quam
1796 600 1839 632 ad
1860 611 1982 644 pacem
2004 598 2159 631 ecclesie
2180 599 2279 644 gerit>

411 667 646 712 singulariter
661 667 920 709 collaudantes,
946 674 981 700 et
1006 680 1072 700 nos
1093 674 1288 712 nostraque
1310 668 1428 700 omnia
1450 668 1486 700 in
1508 674 1576 700 tam
1599 667 1712 700 sancti
1734 666 1856 711 operis
1877 665 2134 710 prosecutione
2156 665 2273 698 eidem

410 733 596 767 humiliter
625 735 832 767 offerentes.
870 736 921 767 De
954 734 1112 779 benigna
1141 741 1259 767 vestra
1294 735 1516 779 receptione,
1548 734 1592 766 de
1623 733 1804 766 audientia
1836 732 1990 765 faciliter
2019 731 2206 776 impetrata
2241 739 2275 765 et

411 800 571 842 obtenta,
601 801 717 845 deque
748 801 937 846 premissis
966 802 1069 834 etiam
1098 801 1335 834 familiaribus
1363 801 1557 846 colloquiis
1587 799 1890 833 affectuosissime
1921 798 1992 832 sibi
2022 798 2273 844 regratiamur,

411 880 539 900 rursus
569 868 685 900 eidem
719 867 980 913 supplicantes,
1006 868 1175 913 quatinus
1196 881 1260 902 vos
1289 875 1437 913 paterno
1465 868 1586 900 favore
1616 873 1767 900 tractare
1798 866 1969 911 dignetur
1990 872 2025 898 et
2054 865 2273 910 legationem

410 941 564 968 vestram
586 935 629 967 ad
650 935 756 967 finem
779 941 935 979 optatum
959 935 1170 980 perducere.

501 1001 700 1034 Scribimus
734 1002 885 1046 insuper
915 1002 1062 1035 domino
1092 1002 1264 1035 cardinali
1300 1001 1549 1042 Salutiarum¹,
1585 1001 1765 1034 caritatem
1798 1001 1876 1045 ejus
1910 1006 2015 1045 atque
2050 999 2272 1045 singularem

410 1080 580 1109 amorem,
598 1080 702 1112 quem
726 1068 768 1101 ad
790 1068 879 1101 hanc
897 1069 1174 1102 Universitatem
1193 1069 1299 1114 gerit,
1318 1075 1638 1113 recognoscentes,
1657 1079 1858 1112 rursusque
1876 1067 1993 1099 eidem
2011 1066 2273 1112 supplicantes,

410 1135 579 1179 quatinus
598 1146 664 1167 vos
685 1135 869 1179 adjuvare,
890 1136 927 1168 in
949 1135 1100 1181 agendis
1123 1136 1282 1180 dirigere
1304 1142 1339 1168 et
1369 1147 1432 1180 pro
1453 1135 1558 1168 vobis
1588 1135 1682 1180 apud
1713 1134 1898 1167 dominum
1928 1140 2093 1167 nostrum
2116 1134 2274 1167 <interce-

409 1201 508 1242 dere,
529 1201 577 1234 uti
598 1202 744 1246 incepit,
768 1209 990 1246 perseveret,
1013 1215 1204 1247 quousque
1225 1202 1331 1235 finem
1355 1209 1512 1247 optatum
1535 1202 1676 1234 fueritis
1696 1201 1888 1234 assecuti2.

498 1269 548 1300 De
571 1268 690 1301 rotulo
711 1268 996 1301 bachalariorum
1024 1269 1060 1301 in
1086 1269 1242 1302 decretis
1271 1281 1343 1302 non
1374 1269 1452 1302 sine
1483 1275 1691 1313 contemptu
1715 1267 1971 1301 Universitatis
2000 1273 2081 1300 ante
2108 1273 2271 1303 nostrum

408 1336 650 1380 presentato³,
667 1335 872 1368 vehementi
889 1336 1125 1369 admiratione
1143 1336 1301 1381 perculsi
1323 1348 1461 1377 sumus,
1480 1336 1524 1368 ad
1545 1335 1754 1368 memoriam
1772 1326 1990 1367 reducentes
2007 1332 2271 1367 ordinationem

407 1403 598 1443 nostramss,
618 1414 721 1447 quam
744 1403 814 1447 ipsi
836 1409 995 1435 materne
1012 1403 1197 1448 gravitatis
1214 1403 1445 1435 immemores
1466 1414 1538 1435 non
1556 1402 1754 1435 timuerunt
1770 1402 1967 1445 (nescimus
1984 1413 2028 1434 an
2048 1401 2272 1446 ignorantes)

406 1469 619 1513 infringere,
649 1469 924 1502 considerantes
954 1470 1104 1515 insuper
1131 1470 1228 1514 quod
1259 1482 1301 1502 ex
1331 1469 1390 1502 tali
1422 1469 1625 1502 inordinata
1658 1468 1932 1514 presumptione
1962 1468 2056 1501 inter
2085 1479 2152 1501 nos
2185 1467 2273 1501 oriri

407 1535 532 1581 posset
552 1536 694 1569 occasio
723 1548 796 1568 non
825 1536 963 1569 modica
992 1549 1201 1582 magnarum
1224 1536 1511 1578 dissensionum,
1539 1548 1628 1581 quas
1655 1542 1823 1581 tanquam
1844 1535 1957 1580 quieti
1984 1534 2187 1568 studiorum
2208 1536 2274 1567 no'-

407 1609 562 1636 strorum
595 1603 793 1636 contrarias
825 1603 1075 1636 abhorremus.
1114 1605 1164 1636 Ne
1195 1604 1306 1649 igitur
1335 1603 1416 1636 talis
1449 1603 1835 1648 presumptuosissima
1874 1602 2058 1635 temeritas
2094 1601 2198 1635 cedat
2235 1601 2273 1634 in

407 1676 570 1702 nostrum
601 1682 639 1702 ac
673 1670 781 1702 rotuli
814 1670 928 1703 nostri
962 1671 1215 1715 prejudicium,
1244 1677 1404 1703 vestrum
1436 1670 1506 1702 erit
1534 1670 1798 1715 circumspecte
1830 1669 2035 1715 providere,
2066 1669 2272 1714 vestrisque

407 1736 598 1782 sagacibus
621 1737 905 1770 discretionibus
926 1749 991 1782 pro
1009 1750 1108 1784 *nunc
1136 1737 1382 1782 provisionem
1414 1737 1642 1778 remittimus,
1666 1744 1700 1770 et
1732 1737 1849 1770 taliter
1870 1743 2013 1782 tamque
2040 1742 2178 1769 mature
2207 1736 2272 1781 pro

406 1805 526 1836 futuro
549 1803 812 1845 ordinabimus,
830 1804 926 1849 quod
949 1804 1078 1837 modus
1099 1811 1133 1837 et
1153 1804 1208 1837 via
1230 1803 1456 1849 quibuslibet
1475 1803 1685 1848 hujusmodi
1706 1804 1856 1837 cautelis
1879 1802 2171 1849 presumptuosis
2191 1814 2273 1848 pre-

406 1870 584 1903 cludetur.

495 1939 683 1971 Postremo
714 1938 757 1971 de
784 1938 1031 1971 controversia
1058 1938 1152 1970 inter
1179 1937 1341 1970 abbatem
1371 1937 1650 1971 Cluniacensem
1673 1944 1707 1970 et
1732 1939 1811 1982 ejus
1838 1937 2035 1983 religiosos
2065 1936 2200 1979 exorta,
2227 1936 2271 1969 de

406 2017 474 2049 qua
496 2005 530 2037 in
552 2005 682 2038 vestris
705 2005 830 2050 primis
852 2005 994 2045 litteris,
1019 2017 1087 2049 que
1111 2004 1257 2037 multum
1282 2004 1381 2037 tarde
1402 2004 1446 2037 ad
1467 2011 1610 2037 nostras
1630 2017 1757 2037 manus
1779 2005 2016 2045 devenerunt,
2034 2004 2151 2037 facitis
2172 2015 2272 2036 men-

407 2072 553 2113 tionem,
578 2072 803 2116 providimus
826 2072 933 2104 modo
954 2071 990 2103 in
1011 2072 1144 2104 vestris
1165 2071 1296 2104 litteris
1318 2072 1474 2116 aperto⁵.
1497 2071 1681 2116 Denique‘i
1703 2072 2007 2104 affectuosissime
2027 2081 2212 2116 rogamus,
2235 2076 2272 2103 ut

407 2150 475 2183 que
509 2137 613 2171 vobis
647 2139 878 2184 postmodum
910 2138 1144 2183 contingeant
1174 2139 1259 2182 (sic),
1291 2138 1418 2170 sedule
1453 2139 1587 2171 curetis
1623 2138 1839 2171 rescribere.
1872 2138 2085 2171 Altissimus
2119 2138 2271 2183 gressus

406 2212 548 2238 vestros
569 2206 712 2254 dirigat,
736 2205 880 2238 labores
911 2205 1105 2238 salubriter
1132 2211 1341 2250 promoveat
1365 2205 1408 2237 ad
1440 2204 1615 2238 honorem
1644 2205 1799 2238 ecclesie
1825 2211 2068 2238 sacrosancte.
2092 2204 2271 2249 Scriptum

407 2272 442 2304 in
464 2279 585 2305 nostra
611 2272 772 2318 generali
800 2272 1084 2317 congregatione
1114 2272 1208 2317 apud
1239 2273 1405 2305 Sanctum
1428 2272 1661 2310 Maturinum,
1689 2279 1727 2305 ut
1747 2273 1859 2305 moris
1880 2279 1947 2313 est,
1970 2283 2080 2317 super
2099 2271 2168 2304 hoc
2189 2282 2272 2316 spe-

406 2339 544 2372 cialiter
564 2346 772 2379 convocata,
795 2339 870 2379 (lie,
889 2345 956 2372 etc.

1270 2384 1399 2417 Rector
1419 2389 1452 2417 et
1472 2384 1698 2417 Universitas
1716 2383 1833 2417 studii
1857 2383 2090 2417 Parisiensis.

501 2482 613 2506 Minuta
629 2482 654 2504 in
669 2482 745 2505 Arch.
767 2485 820 2504 nat.
839 2481 932 2509 Paris„
950 2481 1036 2510 MG512,
1054 2486 1081 2503 n⁰
1097 2481 1150 2508 116,
1171 2481 1226 2504 sine
1245 2481 1371 2512 temporis
1388 2484 1458 2510 nota,
1475 2482 1520 2504 sed
1536 2481 1568 2504 ad
1582 2490 1624 2504 an.
1642 2482 1711 2508 1403,
1729 2490 1811 2505 mens.
1828 2482 1920 2505 Octob.
1938 2482 1978 2504 vel
1994 2481 2130 2509 Novemb.,
2147 2480 2270 2512 pertinet,

408 2530 435 2549 ut
448 2535 460 2548 e
476 2526 604 2549 contentis
621 2526 646 2549 in
662 2526 720 2557 ipsa
736 2526 825 2557 liquet.

500 2618 522 2643 1.
540 2619 652 2642 Amadeo
668 2619 699 2642 ‹le
720 2619 838 2648 Saluius,
854 2619 935 2650 episc.
952 2619 1081 2642 Valentin.
1094 2622 1118 2642 et
1134 2618 1215 2646 Diem,
1233 2619 1304 2642 card.
1320 2619 1360 2642 tit.
1373 2619 1398 2642 S.
1416 2619 1512 2642 Mariae
1528 2620 1615 2642 Novae
1630 2619 1662 2642 ah
1678 2628 1720 2643 an.
1740 2620 1809 2647 1383,
1826 2619 1948 2643 Decemb.
1962 2620 1999 2642 23.
2014 2632 2040 2636 —
2052 2618 2077 2644 2.
2087 2618 2270 2642 verisimiliter

406 2665 438 2687 ml
456 2664 542 2695 ipsum
563 2664 673 2694 epistola
690 2664 847 2694 praecedens
866 2663 964 2686 directa
979 2666 1026 2686 cst.
1043 2667 1072 2680 -’-
1087 2662 1110 2687 3.
1129 2664 1198 2685 {nfra
1214 2668 1242 2685 n⁰
1259 2664 1320 2686 ‘1790
1337 2663 1415 2687 edito.
1434 2665 1479 2686 Ast
1495 2664 1598 2686 videtur
1616 2672 1666 2686 non
1683 2664 1769 2687 solum
1786 2664 1901 2687 rotulum
1917 2664 2017 2687 baccnl.
2033 2666 2059 2686 et
2075 2655 2270 2686 licentiato-rum

406 2709 431 2731 in
449 2709 518 2732 decr.
535 2708 603 2731 infra
617 2708 714 2732 editum
730 2708 804 2739 prius
823 2716 902 2739 quam
918 2708 1033 2731 rotulum
1048 2716 1172 2738 inagnum
1189 2708 1375 2731 Universitatis
1392 2711 1589 2739 praesentatum
1605 2716 1671 2737 esse,
1689 2709 1734 2731 sed
1754 2708 1832 2731 etiam
1848 2716 1929 2731 unum
1945 2709 2060 2731 rotulum
2075 2708 2166 2731 facult.
2184 2706 2269 2730 medi-

406 2753 478 2776 cinae
498 2757 523 2776 et
544 2753 659 2776 rotulum
681 2753 780 2776 baccal.
806 2754 976 2775 formatorum
997 2752 1022 2775 in
1044 2752 1185 2783 theologia.
1210 2753 1331 2775 Fortasse
1353 2752 1475 2783 magistri
1497 2753 1639 2775 medicinae
1657 2756 1682 2775 et
1700 2753 1846 2776 baccalarei
1870 2753 1975 2776 formati
1997 2753 2077 2776 theol.
2100 2752 2268 2775 baccalareos

406 2799 502 2821 decret.
527 2797 621 2820 imitati
645 2801 714 2825 suut,
740 2797 799 2828 quia
825 2797 971 2820 baccalurei
995 2796 1129 2819 melion-'em
1148 2805 1158 2819 t(
1175 2797 1262 2819 datam
1279 2805 1289 2819 i)
1307 2797 1403 2820 hahere
1425 2797 1515 2828 eisque
1538 2797 1668 2828 praeferri
1687 2798 1835 2821 votuerunt.
1851 2811 1881 2815 —
1895 2797 1921 2823 h.
1938 2797 1995 2821 Vid.
2012 2805 2095 2828 supra
2110 2801 2139 2819 n⁰
2154 2797 2223 2819 1727.
2240 2809 2269 2814 -

405 2843 428 2868 5.
447 2843 532 2873 Supra
550 2847 578 2865 n⁰
594 2843 663 2869 1779.
680 2855 706 2859 -
721 2841 744 2866 6.
764 2843 879 2873 Sequens
900 2841 1028 2864 sententia
1045 2841 1071 2863 in
1087 2841 1205 2872 margine
1223 2841 1322 2872 scripta
1343 2845 1391 2865 est.
1410 2842 1459 2864 Sed
1484 2842 1563 2864 etiam
1581 2842 1606 2864 in
1630 2845 1708 2870 textu,
1738 2842 1877 2871 delineata,
1901 2842 2042 2870 invenitur,
2066 2841 2111 2864 uhi
2132 2844 2269 2872 praeterea

406 2887 530 2910 scribitur
546 2895 551 2910 ·,
571 2896 581 2910 (ι
598 2886 623 2909 iu
641 2887 755 2909 savorem
772 2886 849 2909 rotuli
865 2886 946 2908 nostri
964 2885 985 2908 si
1003 2893 1068 2916 opus
1085 2885 1128 2914 sit,
1142 2889 1244 2916 tempus
1260 2886 1335 2909 vobis
1353 2886 1384 2909 de
1400 2894 1432 2909 xv
1446 2886 1537 2909 diebus
1554 2886 1743 2917 prolongamus
1761 2894 1782 2909 ».
