2502 3418
360 327 409 348 ΧΙΙ
1142 325 1432 347 INTRODUCTIO.

359 402 441 436 tulis
460 401 565 436 totius
587 401 840 436 Universitatis.
868 402 966 436 Parvi
986 401 1158 436 momenti
1181 404 1275 445 sunt,
1299 405 1333 435 et
1353 400 1548 435 cavendum
1572 412 1615 436 ne
1640 399 1742 435 titulo
1764 399 1997 446 decipiamur,
2024 409 2107 433 cum
2132 397 2221 432 tales

360 484 471 519 nugae
484 472 742 508 inscribantur:
758 488 773 504 «
791 472 982 508 declaratio
996 484 1060 519 pro
1072 472 1304 507 Universitate
1317 471 1421 506 studii
1437 471 1645 506 Parisiensis
1661 486 1676 502 »
1686 499 1693 514 ,
1705 470 2007 518 quemadmodum
2020 469 2222 504 intitulatur

359 547 477 578 noster
492 547 541 578 n¹¹⁸
558 545 651 578 2409
672 543 707 578 in
732 543 817 578 folio
842 542 997 578 liminari
1021 542 1164 590 Regesti
1180 542 1355 579 Vaticani.
1374 542 1518 578 Talibus
1540 542 1595 577 usi
1613 554 1749 585 sumus,
1769 544 1944 588 quantum
1965 540 2160 587 potuimus,
2183 540 2219 575 in

359 614 471 657 notis3
498 614 644 649 aliorum
659 614 731 660 jam
749 626 812 660 per
828 614 1019 649 summaria
1035 613 1259 649 redactorum
1270 614 1446 661 jacturam
1462 613 1625 648 fecimus.

455 686 583 720 Parcos
597 685 700 720 etiam
717 685 754 719 in
770 685 995 720 documentis
1010 684 1172 720 admissis
1188 696 1252 719 nos
1267 684 1453 731 gessimus,
1477 684 1651 719 rationem
1671 683 1705 718 in
1723 683 1789 718 vol.
1811 685 1858 718 III
1875 683 2000 718 initam
2015 682 2140 725 secuti,
2160 681 2219 717 sed

358 756 394 791 in
409 756 545 791 brevius
563 756 815 799 contrahendo,
836 756 884 790 ita
898 759 1017 790 tamen
1036 759 1072 790 ut
1093 755 1217 791 lectori
1233 755 1276 790 ad
1294 755 1428 791 sontem
1446 767 1631 790 recurrere
1647 765 1948 802 supervacaneum
1967 757 2070 789 esset.
2090 755 2221 788 Textus

351 827 427 874 jam
443 827 540 862 haud
558 827 669 861 semel
685 826 842 873 vulgatos
861 826 1113 873 compendiose
1140 826 1337 867 retulimus,
1357 826 1425 861 nisi
1443 826 1590 861 omnino
1608 826 1803 861 necessarii
1827 828 1943 860 essent
1967 824 2011 860 ad
2034 825 2221 860 historiam

360 897 610 941 Universitatis,
631 908 700 944 quo
716 909 797 933 casu
811 909 869 933 eos
889 910 931 932 ex
948 897 1045 932 sonte
1064 897 1254 933 edidimus.
1272 899 1484 933 Processum
1499 897 1672 933 Johannis
1690 897 1788 932 Parvi
1807 897 1843 932 in
1857 900 2046 943 angustum
2065 895 2222 931 deduxi--

358 981 450 1010 mus,
475 980 581 1015 quem
609 969 636 1003 si
658 969 737 1015 quis
763 969 799 1003 in
827 972 970 1004 extenso
990 969 1073 1004 dare
1098 968 1213 1011 vellet,
1242 969 1354 1015 quinti
1382 980 1531 1015 operum
1550 968 1724 1004 Johanuis
1752 969 1885 1003 Gerson
1914 967 2106 1003 voluminis
2130 978 2218 1002 nova

354 1039 463 1074 editio
474 1039 629 1086 paranda
645 1043 753 1082 esset;
771 1039 867 1086 quod
877 1039 1024 1074 minime
1039 1040 1083 1074 ad
1097 1039 1250 1074 editores
1265 1039 1482 1075 Clzarlularz‘i
1496 1039 1739 1075 Unioersitatis
1755 1038 1925 1086 pertinet;
1941 1050 1983 1073 ex
1997 1049 2039 1074 eo
2050 1049 2220 1085 processu

356 1110 526 1157 quicquid
543 1110 628 1145 utile
648 1110 760 1145 visum
776 1114 826 1145 est
842 1110 1040 1154 attulimus,
1055 1114 1161 1157 atque
1176 1110 1323 1145 nomina
1342 1121 1579 1157 personarum
1595 1111 1629 1145 in
1646 1110 1803 1145 editione
1817 1109 1861 1145 ab
1878 1109 1931 1144 El.
1951 1109 2069 1156 Dupin
2085 1109 2222 1144 adulte-

358 1184 431 1216 rata
445 1181 892 1228 incomprehensibiliaque
914 1181 1147 1216 restituimus.

454 1252 602 1286 Causam
619 1251 802 1287 Johannae
828 1252 932 1287 d'Arc
953 1252 1126 1299 integram
1145 1264 1251 1287 nemo
1272 1264 1290 1287 e
1309 1251 1531 1288 Chartzclario
1554 1252 1788 1299 exspectabit;
1808 1252 1891 1287 satis
1912 1251 1956 1286 sit
1981 1250 2067 1298 quid
2086 1251 2221 1298 egerint

342 1322 597 1359 .Universitatis
614 1323 796 1370 supposita
816 1326 849 1358 et
866 1335 954 1369 quae
970 1323 1101 1358 suerint
1119 1324 1307 1370 praecipua
1321 1323 1475 1359 lucidius
1492 1335 1600 1370 quam
1614 1324 1790 1359 hactenus
1806 1322 2018 1359 ostendisse.

454 1395 480 1428 E
503 1393 609 1429 Libro
626 1398 896 1441 procuratorum
914 1394 1066 1429 nationis
1082 1395 1310 1441 Anglicanae,
1333 1406 1413 1430 vere
1439 1394 1610 1430 chronico
1627 1406 1747 1430 rerum
1775 1393 2020 1429 Universitatis
2045 1396 2220 1440 quantum

355 1464 399 1499 ad
416 1465 590 1511 quaedam
614 1469 788 1511 tempora,
817 1469 853 1500 ut
871 1465 945 1512 jam
971 1465 1140 1509 diximus,
1160 1466 1355 1501 summaria
1374 1465 1558 1509 traximus,
1578 1466 1606 1500 si
1623 1466 1767 1512 quando
1781 1476 1931 1500 necesse
1946 1465 2060 1500 visum
2082 1467 2148 1508 est,
2176 1476 2220 1499 ne

353 1535 454 1570 filum
477 1539 636 1571 actorum
647 1536 681 1570 in
694 1536 925 1571 Universitate
941 1540 1178 1583 rumperetur.
1198 1538 1382 1572 Caeterum
1394 1537 1603 1573 Auctarium
1619 1536 1726 1571 simul
1743 1548 1824 1572 cum
1845 1535 2064 1572 chartulario
2080 1546 2222 1582 semper

354 1607 564 1641 versandum
582 1610 648 1650 est,
665 1606 774 1642 altero
797 1607 945 1642 alterum
962 1608 1176 1654 complente.
1197 1608 1369 1643 Similiter
1385 1620 1403 1642 e
1432 1608 1538 1643 Libro
1553 1611 1826 1655 procuratorum
1844 1606 1997 1643 nationis
2013 1605 2219 1642 Gallicanae

354 1688 477 1724 pauca,
496 1678 587 1712 inter
602 1689 713 1712 anuos
727 1678 761 1712 in
778 1689 819 1713 eo
835 1681 1003 1721 servatos,
1022 1678 1212 1715 edidimus,

451 1750 489 1783 ln
516 1749 661 1783 edendis
686 1748 854 1792 textibus,
890 1761 978 1795 quos
1003 1749 1192 1797 elegimus,
1218 1754 1303 1797 quot
1328 1749 1468 1786 labores
1497 1750 1687 1798 superandi
1716 1753 1833 1785 essent
1860 1749 1883 1784 ii
1909 1753 2049 1784 tantum
2075 1748 2219 1784 intelle-

354 1822 439 1866 gent
459 1819 517 1865 qui
537 1818 664 1854 similia
683 1831 790 1866 opera
812 1821 970 1867 aggressi
995 1824 1089 1856 sunt.
1114 1822 1153 1855 In
1169 1821 1278 1856 Arch.
1301 1823 1378 1856 Nat.
1403 1821 1513 1856 Paris.
1538 1823 1572 1856 M
1597 1823 1708 1857 65-66
1733 1824 1925 1868 supersunt
1947 1820 2121 1863 minutae,
2140 1820 2218 1868 ple-

354 1901 505 1936 rumque
522 1890 741 1934 chartaceae,
760 1902 850 1937 quae
869 1890 940 1925 fere
963 1894 1033 1927 400
1060 1891 1228 1938 epistolas
1245 1892 1500 1935 Universitatis,
1521 1891 1577 1927 vix
1593 1892 1697 1927 tertia
1716 1895 1816 1939 parte
1833 1895 1983 1939 excepta
1997 1891 2042 1927 ad
2065 1891 2133 1927 hoc
2159 1904 2218 1927 vo—

353 1960 474 1995 lumen
495 1961 725 2007 pertinentes,
748 1961 929 2008 praebent.
956 1963 1048 2003 Quas
1079 1962 1232 1998 Bulaeus
1259 1963 1369 1998 tacuit
1387 1963 1439 1998 vel
1463 1963 1637 2010 despexit,
1662 1963 1810 1998 Carolus
1829 1963 2001 1998 Jourdain
2029 1962 2215 2009 ignoravit,

352 2043 457 2066 nemo
478 2031 653 2078 patefecit.
674 2032 854 2079 Scriptura
874 2044 976 2080 saepe
994 2033 1151 2078 horrida,
1170 2046 1323 2082 papyrus
1344 2035 1435 2074 fluit,
1459 2034 1615 2081 denique
1633 2034 1793 2078 lacunae,
1814 2034 2005 2078 scissurae,
2028 2033 2216 2070 verborum

352 2103 565 2138 mutationes
591 2114 631 2138 ac
653 2103 876 2150 trajectiones
897 2104 932 2139 in
950 2105 1169 2151 marginibus
1189 2117 1250 2140 seu
1268 2106 1359 2141 inter
1378 2106 1490 2141 lineas
1509 2105 1679 2141 sudorem
1701 2105 1844 2141 lectoris
1861 2095 2028 2141 excitant.
2050 2104 2159 2141 Aliud
2177 2117 2216 2140 ac

352 2174 467 2220 majus
481 2173 702 2208 difficultatis
716 2186 826 2221 genus
842 2186 882 2210 ex
899 2187 941 2210 eo
957 2175 1114 2210 nascitur
1129 2176 1224 2223 quod
1242 2176 1313 2212 fere
1330 2188 1456 2212 omnes
1473 2177 1629 2212 minutae
1646 2188 1716 2224 quo
1730 2180 1892 2224 tempore
1910 2176 2133 2223 conscriptae
2148 2176 2217 2211 sint

352 2244 448 2279 haud
467 2248 629 2279 notatum
645 2244 834 2280 invenitur.
853 2246 887 2281 Si
903 2247 1044 2292 quando
1059 2251 1197 2294 tempus
1215 2247 1319 2282 facile
1336 2248 1579 2295 assignabatur
1594 2251 1739 2295 propter
1754 2251 1899 2283 eventus
1918 2247 1966 2283 ibi
1982 2251 2213 2289 memoratos,

354 2315 464 2350 multo
487 2315 629 2362 saepius
646 2327 735 2351 vana
755 2316 919 2352 manebat
938 2317 1114 2365 indagatio
1135 2318 1216 2365 quia
1234 2330 1290 2353 res
1312 2318 1492 2365 expositae
1519 2319 1626 2354 nimis
1650 2318 1834 2366 generales
1857 2322 1978 2361 erant;
2004 2319 2055 2354 sic
2076 2330 2132 2354 eX.
2159 2330 2213 2366 gr.

352 2390 411 2420 num
431 2388 520 2421 1894
537 2386 609 2432 (an.
631 2387 737 2433 1410)
754 2386 901 2422 fortasse
917 2388 981 2423 erit
994 2388 1053 2435 qui
1067 2400 1159 2424 auno
1173 2391 1263 2425 1432
1276 2389 1441 2425 attribuat
1452 2402 1534 2425 cum
1546 2390 1648 2426 toties
1665 2390 1880 2425 Universitas
1893 2390 1974 2426 duci
1988 2390 2215 2438 Burgundiae

353 2457 549 2504 scripserit;
569 2461 723 2492 attamen
737 2458 952 2505 putavimus,
971 2459 1057 2494 dum
1073 2460 1177 2507 Angli
1194 2461 1477 2505 dominarentur,
1497 2473 1567 2496 non
1585 2461 1673 2497 adeo
1691 2461 1965 2497 Universitatem
1982 2461 2111 2497 ducem
2129 2462 2217 2496 Bur-

353 2528 504 2575 gundiae
519 2540 623 2575 supra
639 2532 799 2564 caeteros
813 2531 993 2577 sanguinis
1004 2532 1173 2566 Franeiae
1181 2532 1355 2579 principes
1370 2532 1536 2568 laudibus
1547 2532 1728 2568 extulisse.
1744 2534 1786 2567 Et
1801 2532 1851 2568 sic
1862 2533 1906 2568 de
1920 2532 2111 2580 perpaucis
2123 2532 2212 2568 aliis.

449 2600 486 2633 In
519 2597 737 2634 nominibus
754 2612 987 2647 personarum
1017 2603 1246 2638 restituendis
1283 2615 1391 2650 quam
1434 2603 1677 2639 sudaverimus
1706 2603 1854 2650 quilibet
1884 2603 2027 2640 videbit.
2063 2603 2215 2640 Nomina

351 2670 446 2704 enim
457 2670 529 2717 jam
554 2670 588 2704 in
607 2670 787 2706 codicibus
811 2676 976 2719 corrupta
1000 2672 1095 2720 (quia
1120 2674 1263 2710 saeculo
1281 2676 1344 2711 XV
1361 2675 1433 2710 fere
1448 2675 1622 2722 ambiguis
1649 2675 1835 2710 elementis
1851 2675 1888 2710 in
1905 2676 2042 2711 cursiva
2058 2674 2216 2710 uteban-

351 2740 438 2787 tur),
465 2740 650 2787 aliquoties
676 2741 768 2776 salsis
796 2743 1085 2789 praenominibus
1111 2745 1163 2780 vel
1186 2746 1355 2781 menticia
1370 2746 1511 2781 Ordinis
1530 2746 1684 2793 religiosi
1703 2746 1963 2792 significatione
1994 2746 2148 2794 adjecta,
2177 2746 2213 2781 iu

354 2822 494 2858 magnas
510 2811 745 2847 Collectiones
761 2813 952 2849 irruerunt.
972 2815 1188 2851 Laudandus
1210 2818 1241 2851 J.
1262 2817 1383 2852 Haller
1398 2817 1458 2864 qui
1474 2817 1509 2852 in
1535 2817 1730 2853 Basileensi
1751 2817 1910 2853 Concilio
1933 2817 2045 2853 multa
2066 2816 2213 2853 nomina

354 2882 569 2917 reformavit.
