2502 3418
381 339 447 371 368
957 349 1278 372 CHARTULAMUM
1314 350 1504 372 umvnns.
1542 351 1673 373 mnis.
1734 356 1736 359 -
1872 355 1874 357 >
2149 340 2249 377 [1419

384 464 528 504 2137.
554 473 672 500 Carolus
694 474 847 510 delphinus
868 475 1084 501 Universitatem
1103 475 1199 502 Paris.
1217 475 1322 501 litteris
1342 475 1452 501 clausis
1473 475 1619 510 informat,
1647 476 1787 511 quomodo
1806 475 1950 503 Iohannes
1973 477 2033 503 dux
2053 477 2252 513 Bur-gaudius,

473 522 539 548 dum
555 523 612 559 ipsi
627 523 837 550 contumelias'
828 524 1007 559 injuriasque
1022 524 1129 558 inferre
1140 524 1229 558 vellet,
1246 533 1264 549 α
1279 524 1464 550 servitoribus
1477 534 1522 559 re
1512 525 1565 550 viis
1580 525 1619 550 sit
1634 524 1772 551 occisus¹.
1787 525 1925 551 Hostibus
1940 523 2016 561 re'gis
2030 530 2057 552 et
2071 527 2133 552 suis
2146 528 2252 553 acriter

472 571 640 606 obsistatur,
658 581 798 607 suumque
812 572 988 606 adjutorium
1009 573 1110 598 amicis
1128 573 1280 609 promittit.
1296 573 1478 608 Propositum
1496 582 1576 600 suum
1595 577 1638 599 est
1658 582 1826 600 conservare
1843 583 1952 610 pacem.
1968 574 2102 610 Escript
2094 584 2111 602 a
2126 576 2252 603 Monste·

473 628 543 647 reau
558 619 596 647 οὺ
612 622 686 647 fault
700 622 802 648 Yonne
814 622 839 648 le
854 622 894 656 xj³
903 622 973 655 jour
985 622 1020 648 de
1036 622 1213 655 Septembre.
1230 622 1309 648 Ainsi
1322 621 1403 656 signe
1421 631 1427 649 ι
1442 622 1584 648 Culmus.
1660 623 1758 650 Amm.
1802 633 1815 647 «
1831 623 1907 650 Nous
1923 625 2027 650 tenons
2038 630 2067 650 '».

1502 721 1573 749 1419,
1589 720 1718 752 Septemb.
1737 721 1768 750 11,
1782 722 1965 748 Mansisset-olii.

480 819 556 843 Arch.
580 823 634 843 nat.
656 820 748 846 Paris„
771 820 816 843 X¹=
836 820 906 849 8603,
924 819 968 842 sol.
985 819 1036 843 551‘.
1051 833 1082 837 —
1103 820 1206 851 Integer
1228 822 1314 843 textus
1337 820 1435 843 ibidem
1456 828 1507 843 non
1525 824 1619 849 exstat,
1644 821 1691 844 sed
1711 822 1743 844 ad
1766 822 1869 845 litteras
1889 822 2009 854 ejusdem
2027 824 2157 855 temporis
2178 828 2255 848 notae

385 863 499 894 scriptas
514 871 524 886 a
545 865 564 887 A
581 872 628 887 nos
644 864 730 887 chiers
745 867 771 887 et
786 864 845 886 bien
861 872 932 886 amez
946 864 983 886 les
1003 867 1111 894 pravest
1126 864 1172 887 des
1188 863 1338 892 man-chaus,
1355 862 1495 887 'eschevins
1511 868 1537 888 et
1556 865 1683 897 boux-guis
1704 867 1736 890 de
1751 867 1777 890 lu
1792 866 1994 891 ville-devonia
2013 875 2024 890 ι)
2042 869 2117 900 (quas
2139 868 2194 893 vid.
2209 877 2253 901 up.

384 907 539 939 Pmncnen,
555 908 625 932 Hist.
640 908 704 939 ye'n.
720 909 752 932 de
769 909 947 938 Bouryoqne,
965 908 1010 938 111,
1025 908 1149 937 Preuves,
1165 917 1191 939 p.
1209 909 1263 937 310,
1280 913 1308 931 ιιΩ
1323 916 1416 936 eccm
1435 909 1539 933 θὴν-οη.
1554 911 1588 933 de
1603 910 1776 940 Monstrelet,
1793 911 1838 940 111,
1852 920 1879 943 p.
1897 912 1952 943 352)
1972 912 2127 944 adjungitur
2141 921 2146 936 :
2164 921 2176 936 (ι
2190 913 2255 937 Item

384 960 414 975 en
430 952 541 983 pareille
557 952 697 976 substance
718 956 743 975 et
756 952 832 975 dudit
847 952 909 983 jour
923 961 938 975 a
959 952 1059 983 escript
1080 953 1169 976 lettres
1190 953 1274 976 closes
1294 953 1360 976 ledit
1377 953 1497 984 dauphin
1513 955 1528 977 ia
1548 954 1719 978 l'Universite
1737 956 1768 979 de
1788 956 1872 985 Paris,
1891 957 1944 979 fors
1961 956 2025 988 qu'il
2042 965 2060 988 y
2074 965 2089 980 a
2110 957 2255 982 iau-denus

384 996 484 1027 escript
497 1005 502 1019 ι
515 997 550 1019 De
566 1005 615 1028 par
628 997 650 1020 le
666 1000 760 1028 regent.
772 996 804 1019 du
822 1005 947 1028 royaume
962 997 1101 1028 daulphin,
1113 1000 1172 1025 etc„
1187 1000 1212 1020 et
1227 997 1303 1028 signe
1318 1005 1419 1021 comme
1432 998 1470 1021 les
1486 998 1651 1022 dessusdites
1663 1007 1684 1023 »-
1699 1000 1811 1023 Proinde
1827 1008 1872 1024 ene
1888 1000 1968 1024 etiam
1982 1001 2053 1024 idem
2067 994 2172 1025 initium
2185 1003 2255 1034 quod

386 1044 504 1064 caeterae
519 1041 660 1064 habehant.
677 1041 714 1064 Ad
730 1041 793 1064 haec
809 1041 863 1064 vid.
880 1041 949 1064 intra
966 1045 994 1063 ιιο
1009 1042 1078 1070 2143,
1095 1044 1149 1065 not.

478 1137 501 1162 1.
519 1138 653 1168 Septemb.
672 1138 709 1167 10,
726 1138 752 1160 in
765 1138 821 1161 loco
835 1139 1165 1163 Montereau-faut-Yonne.
1180 1139 1238 1163 Vid.
1254 1141 1386 1169 Auctar.,
1404 1140 1437 1170 H,
1450 1148 1477 1171 p.
1491 1141 1546 1172 267,
1561 1141 1590 1164 33
1606 1149 1674 1172 sqq..
1686 1144 1711 1164 et
1723 1144 1777 1165 not.
1793 1144 1815 1166 5.

386 1330 414 1366 2
425 1331 529 1368 138.
553 1340 678 1366 Articuli
692 1350 852 1367 communes
868 1341 908 1367 ad
923 1341 1046 1368 rotulum
1059 1342 1214 1368 secundum
1230 1343 1323 1368 minus
1338 1343 1531 1380 principalem
1552 1344 1752 1370 Universitatis
1768 1345 1863 1371 Paris.

1537 1450 1606 1479 7479.
1621 1450 1749 1482 Septemb.
1767 1450 1805 1480 12,
1821 1451 1974 1485 Florentiae.

478 1546 597 1578 Primo
619 1547 730 1591 igitur
750 1547 922 1592 dignetur
943 1549 977 1581 S.
998 1550 1038 1581 V.
1061 1556 1267 1594 presentem
1290 1550 1447 1583 rotulum
1470 1557 1505 1583 et
1525 1558 1693 1585 contenta
1715 1552 1751 1593 in
1773 1563 1816 1585 eo
1837 1551 1947 1585 solito
1975 1564 2075 1585 more
2102 1564 2168 1585 sue
2190 1552 2263 1585 cle·

392 1613 523 1645 mcntie
545 1613 703 1659 benigne
726 1614 888 1659 recipere
913 1622 947 1648 ct
967 1616 1131 1649 defectus
1154 1622 1221 1648 tam
1238 1616 1334 1661 juris
1356 1629 1461 1662 quam
1487 1618 1569 1651 facti
1591 1631 1630 1651 ac
1651 1619 1863 1664 ignorancie
1885 1619 1972 1662 (sic),
1997 1619 2028 1651 si
2049 1619 2110 1664 qui
2132 1619 2206 1652 sint
2226 1619 2263 1652 in

397 1691 452 1719 eo,
476 1680 762 1713 misericorditer
783 1682 966 1727 supplere.

486 1747 573 1779 Item
595 1747 767 1792 dignetur
788 1749 822 1781 S.
840 1750 882 1782 V.
908 1749 1077 1783 omnibus
1099 1757 1134 1783 et
1163 1751 1320 1796 singulis
1351 1752 1597 1797 magistriset
1626 1750 1896 1786 doctoribus‘et
1921 1753 2165 1804 gradu-atisin
2185 1765 2266 1798 pre-

397 1814 490 1845 senti
512 1814 630 1847 rotulo
647 1815 828 1848 contentis
849 1822 884 1849 et
904 1816 1098 1862 descriptis
1118 1818 1320 1851 concedere
1341 1819 1544 1852 facultatem
1562 1819 1724 1864 eligendi
1745 1820 2068 1865 quocienscunque
2084 1806 2268 1854 voluerint

398 1880 646 1913 confessorem
667 1881 862 1926 ydoneum
885 1888 950 1916 etc.
973 1884 1108 1929 utfete
1128 1896 1238 1930 supra
1260 1897 1294 1930 p.
1314 1887 1367 1919 75.
1385 1906 1429 1910 ——
1450 1886 1526 1919 Fiat
1545 1886 1590 1919 de
1611 1886 1729 1919 officio
1752 1898 1816 1931 pro
1839 1882 2024 1928 omnibus,
2042 1893 2078 1920 et
2093 1886 2138 1919 de
2159 1883 2266 1948 abso·

400 1946 538 1979 lutione
560 1960 625 1992 pio
647 1949 803 1981 nunciis
827 1949 869 1982 O.
887 1970 930 1974 ——
950 1951 1028 1983 Dat.
1052 1951 1234 1985 Florentie
1256 1952 1373 1997 pridie
1395 1952 1477 1986 idus
1499 1952 1739 1998 Septembris
1761 1965 1855 1986 anno
1877 1953 2054 1987 secundo,

490 2014 576 2045 Item
595 2026 672 2046 cum
693 2021 854 2060 tempore
871 2016 951 2049 date
969 2018 1150 2061 plesentis
1168 2018 1277 2051 rotuli
1294 2031 1311 2052 a
1325 2019 1358 2052 S
1373 2020 1416 2053 V.
1432 2026 1470 2052 ut
1486 2031 1674 2064 speramus
1692 2019 1890 2053 Obtinende
1908 2020 2076 2053 nonnulli
2093 2020 2138 2053 de
2157 2019 2270 2066 magi-

402 2080 487 2111 stris
509 2087 542 2112 et
564 2080 669 2113 ἀίιΙίε
690 2081 726 2114 in
747 2082 874 2115 eodem
898 2083 1015 2116 iotulo
1033 2084 1206 2130 descripti
1228 2086 1406 2131 magistri,
1423 2086 1594 2120 doctores
1610 2093 1670 2120 aut
1689 2086 1777 2120 alias
1798 2094 1906 2132 prout
1926 2087 1963 2119 in
1984 2099 2109 2120 eorum
2131 2086 2270 2132 suppli—

402 2158 419 2177 ‹
423 2146 605 2179 ationibus
626 2148 857 2181 nominantur
877 2150 1055 2194 ‹riaduati
1074 2151 1286 2196 piebendati
1307 2152 1433 2186 aliisve
1455 2154 1568 2186 sacris
1590 2153 1782 2186 ordinibus
1803 2154 1991 2187 constituti
2011 2160 2072 2186 aut
2091 2153 2161 2186 alio
2182 2165 2272 2198 quo-

402 2224 545 2258 cunque
563 2215 871 2259 prerogativarnm
887 2228 1023 2262 genere
1039 2218 1185 2251 minime
1199 2219 1357 2252 fuissent
1371 2226 1432 2253 aut
1445 2227 1571 2253 essent
1586 2227 1694 2265 prout
1709 2227 1795 2254 sunt
1810 2227 1972 2265 temp01e
1990 2220 2272 2281 presentationis

404 2280 580 2323 ejusdem
599 2281 772 2326 dignetur
793 2283 831 2315 F.
856 2283 890 2316 S.
909 2285 951 2316 V.
975 2284 1172 2318 decernere
1194 2287 1328 2331 gratias
1349 2287 1386 2319 in
1407 2287 1536 2325 eodem
1558 2287 1678 2320 rotulo
1699 2287 1769 2321 sibi
1795 2287 2049 2321 concedendas
2075 2278 2110 2320 et
2134 2287 2272 2337 litteras

406 2347 488 2378 inde
510 2347 755 2381 conficiendas
777 2350 928 2393 pelinde
949 2351 1067 2395 quoad
1093 2364 1217 2385 eorum
1241 2353 1386 2386 totalem
1408 2354 1575 2387 effectum
1596 2354 1729 2396 v‚alere
1752 2367 1791 2387 ac
1813 2355 1844 2387 si
1865 2361 2027 2399 temp01e
2049 2354 2130 2387 date
2151 2353 2273 2399 hujus-

406 2413 503 2445 modi
525 2413 633 2446 rotuli
654 2415 839 2448 fuissent
831 2428 868 2448 ιιι
888 2416 1098 2461 hujusmodi
1119 2419 1306 2463 gradibus
1329 2426 1393 2454 etc.
1416 2441 1461 2445 —
1481 2421 1556 2453 Fiat
1579 2433 1644 2466 per
1664 2420 1999 2454 vicecancellarium
2021 2432 2087 2465 pro
2108 2419 2275 2487 indigen-

408 2479 516 2511 tibus
540 2480 582 2513 O.
600 2501 643 2505 —
663 2482 741 2514 Dat
766 2482 948 2516 Florentie
970 2485 1087 2529 p1idie
1108 2485 1190 2519 idus
1212 2487 1450 2531 Septembris
1473 2500 1567 2520 anno
1589 2488 1765 2521 secunde.

498 2548 583 2579 Item
607 2548 702 2592 quod
725 2561 851 2582 omnes
872 2557 907 2583 et
928 2551 1065 2596 singuli
1086 2553 1262 2598 mag-isui,
1286 2554 1456 2587 doctores
1477 2561 1512 2587 et
1531 2555 1726 2599 graduati
1718 2567 1755 2587 ιιι
1776 2555 1937 2600 presenti
1960 2554 2079 2587 rotulo
2101 2554 2274 2595 contenti,

410 2612 541 2655 quibus
564 2626 627 2657 per
643 2615 681 2646 E.
702 2615 736 2647 S
760 2616 892 2649 suerint
914 2617 951 2649 in
972 2617 1040 2650 hoe
1062 2619 1179 2652 rotulo
1206 2621 1320 2665 gratie
1344 2633 1519 2654 concesse
1542 2621 1586 2653 de
1608 2621 1786 2654 beneficio
1813 2620 2064 2654 ecclesiastico
2088 2632 2167 2653 cum
2191 2631 2276 2653 cura

411 2678 465 2709 v‹l
487 2679 564 2711 sine
585 2692 650 2712 cur
652 2693 669 2713 ἰ
691 2682 830 2714 etiamsi
851 2684 1098 2726 canonicatus
1121 2691 1185 2719 etc.
1204 2692 1241 2720 ut
1258 2699 1292 2732 p.
1311 2689 1353 2720 74
1370 2699 1423 2732 sq
1442 2708 1486 2712 —
1507 2688 1592 2720 Fiat.
1617 2688 1659 2721 Ο.
1682 2708 1726 2712 -
1747 2689 1824 2721 Dat.
1849 2687 2031 2720 Florentie
2051 2687 2169 2732 pridie
2190 2686 2273 2719 idus

412 2745 647 2788 Septembiis
665 2760 758 2781 anno
780 2749 954 2782 secundo.

501 2813 586 2844 Item
610 2814 735 2857 quod
728 2827 763 2847 in
785 2817 1016 2850 assecutione
1037 2830 1162 2852 eorum
1188 2819 1451 2854 beneficiorum
1473 2834 1787 2867 quorumcunque
1813 2815 2121 2867 qualiumcunque
2141 2827 2177 2853 et
2197 2819 2277 2853 ubi-

415 2888 555 2922 cunque
576 2878 736 2912 locorum
764 2883 1042 2917 consistentium
1063 2886 1191 2930 vigore
1212 2888 1408 2932 gratiarum
1434 2888 1485 2921 in
1497 2889 1659 2933 presenti
1681 2888 1799 2922 rotulo
1821 2877 2136 2925 concedendarum
2164 2887 2279 2930 magis
