2502 3418
382 322 442 344 Xiv
1163 319 1460 342 INTRODUCTIO.

383 395 594 433 DELAUNAY⁴
618 399 840 440 1423-1424,
869 409 915 432 DE
939 394 1175 432 BEAucounT²
1201 394 1292 430 inter
1308 405 1422 430 annos
1446 395 1670 436 1423-1426,
1690 393 1784 429 idem
1807 393 1960 429 deinde³
1976 404 2034 429 an.
2056 395 2148 428 1424
2165 404 2248 440 pro-

383 468 581 515 posuerint.
606 469 677 503 Nos
700 468 839 515 adjuvat
863 467 1072 515 supplicatio
1093 478 1113 502 a
1135 466 1285 502 Martino
1304 467 1336 501 V
1351 465 1484 512 signata
1507 477 1565 500 an.
1589 467 1696 508 1425,
1721 464 1803 500 Julii
1821 468 1856 508 5,
1883 464 1920 500 in
1940 475 2023 512 qua,
2040 464 2165 500 Carolo
2186 465 2247 501 Vll

383 538 563 586 loquente,
590 553 604 571 (t
626 539 773 582 Alanus,
792 538 1010 574 amhaxiator
1032 538 1076 573 ad
1098 537 1295 585 principem
1322 536 1593 584 Sigismundum
1614 536 1821 579 destinatus,
1841 535 1909 583 agit
1928 535 2191 582 presentialiter
2210 536 2247 570 in

384 609 528 645 remotis
546 625 561 642 »
581 613 614 645 et
628 613 709 645 ante
725 621 860 645 annum
876 621 947 644 non
969 612 1083 656 sperat
1104 620 1141 643 se
1159 619 1385 643 reversurum
1395 607 1421 642 4.
1447 609 1498 642 Ex
1513 607 1637 642 eodem
1666 607 1882 642 documento
1897 606 2069 654 probatur
2092 606 2246 642 Alanum

382 681 591 728 magistrum
608 680 644 715 in
658 680 791 716 artibus
808 680 924 715 solum
943 680 1066 723 fuisse⁷
1085 679 1212 714 saltem
1228 682 1313 714 tunc
1330 677 1512 725 temporiS,
1531 678 1681 713 minime
1697 677 1879 713 doctorem
1895 677 1931 713 in
1948 677 2135 714 decretis⁵.

503 829 536 863 3.
552 827 650 863 Num
664 826 842 863 Jolzannes
860 825 1024 873 Clzztstart
1039 837 1120 872 opus
1137 824 1263 860 dictum
1282 823 1430 860 Journal
1447 823 1533 859 d'un
1554 823 1742 871 bourgeois
1758 823 1801 859 de
1819 823 1918 859 Paris
1938 823 2121 871 scripserit.

477 952 654 992 Quantum
680 949 838 985 conferat
853 949 896 985 ad
922 949 1108 984 historiam
1125 949 1272 984 civitatis
1296 949 1507 984 Parisiensis
1526 948 1563 983 in
1584 949 1700 996 priore
1725 947 1858 983 saeculi
1883 949 1947 984 XV
1965 951 2066 995 parte
2090 948 2246 983 narratio

381 1022 475 1057 dicta
487 1021 640 1057 Journal
656 1020 737 1056 d’un
765 1021 938 1067 bourqeois
959 1020 999 1055 de
1014 1020 1119 1055 Paris
1138 1032 1244 1056 nemo
1259 1020 1383 1055 nescit.
1402 1019 1503 1061 Quod
1520 1019 1655 1066 optime
1680 1018 1867 1054 illustravit
1881 1019 2083 1054 Alexander
2101 1020 2245 1055 ΤυΕΤΕΥ

380 1096 414 1128 et
429 1104 521 1128 nova
534 1092 687 1128 editione
705 1091 921 1127 doctissimis
944 1091 1036 1126 notis
1059 1091 1188 1126 referta
1211 1091 1365 1138 pretium
1383 1090 1502 1138 operis
1524 1090 1674 1125 multum
1696 1090 1853 1125 adauxit.
1869 1090 2016 1126 Minime
2043 1090 2245 1125 mirandum

379 1163 474 1211 quod
489 1163 518 1198 is
533 1166 711 1198 auctorem
729 1162 1002 1209 investigaverit.
1023 1162 1245 1209 Conjecturis
1272 1162 1428 1208 antiquis
1449 1161 1596 1209 abjectis
1621 1161 1697 1208 ipse
1712 1161 1925 1208 scriptorem
1944 1172 2015 1196 non
2037 1161 2146 1197 alium
2168 1173 2246 1198 esse

379 1246 484 1281 quam
501 1236 518 1268 J
523 1234 703 1269 ohannem
718 1233 890 1271 Chuffart.
909 1233 1163 1268 cancellarium
1181 1232 1422 1268 Universitatis
1438 1232 1564 1276 Paris,
1583 1232 1734 1279 probare
1749 1232 1797 1279 (p.
1815 1232 1990 1280 xvl-xmv)
2009 1236 2160 1268 conatus
2176 1236 2242 1268 est.

377 1307 421 1340 At
436 1305 628 1352 prudenter
643 1316 732 1351 opus
752 1315 968 1351 anonymum
988 1304 1098 1339 edidit
1114 1315 1232 1351 neque
1249 1315 1383 1339 nomen
1403 1303 1583 1339 Chuffardi
1599 1303 1702 1339 titulo
1718 1303 1882 1339 editionis
1897 1303 2092 1351 inscripsit,
2111 1304 2244 1339 nedum

376 1376 413 1411 in
429 1376 602 1411 mendum
618 1375 761 1410 illorum
779 1375 920 1410 caderet
941 1375 1002 1422 qui
1026 1375 1295 1422 inscriptionem
1316 1378 1453 1410 temere
1470 1378 1621 1418 mutant,
1640 1375 1946 1421 quemadmodum
1965 1374 2015 1423 (ut
2042 1387 2114 1411 uno
2127 1387 2247 1411 exem-

377 1447 436 1494 plo
456 1446 608 1494 utamur)
626 1446 775 1482 Karolus
795 1445 978 1481 Schmidtss
996 1446 1170 1481 famosum
1190 1458 1230 1482 ac
1252 1445 1458 1481 fabulosum
1484 1446 1677 1481 «Amicum
1701 1446 1761 1481 Dei
1782 1461 1797 1478 »
1821 1446 1885 1482 sub
1907 1446 2055 1482 nomine
2078 1446 2244 1483 haeretici

378 1517 512 1553 Nicolai
536 1517 745 1552 Basileensis
762 1517 926 1564 vulgavit,
951 1517 999 1552 ita
1020 1521 1072 1558 ut,
1090 1520 1171 1564 post
1193 1528 1349 1553 errorem
1368 1517 1525 1552 nominis
1546 1517 1780 1564 patefactum,
1799 1517 1968 1553 Nicolaus
1992 1517 2102 1553 falsus
2124 1517 2246 1566 utique

377 1588 540 1624 citandus
556 1588 610 1623 sit.
636 1587 863 1623 Prudentiam
879 1588 1070 1623 Alexandri
1086 1590 1230 1624 TUETEY
1244 1588 1320 1635 jam
1336 1599 1408 1623 non
1424 1599 1548 1623 omnes
1561 1588 1671 1623 secuti
1693 1587 1812 1623 sunt⁷.

475 1658 641 1700 Quamvis
660 1659 790 1693 thesim
810 1670 829 1694 a
844 1660 987 1694 TUETEY
1004 1658 1156 1706 positam
1177 1659 1400 1695 documentis
1419 1659 1559 1694 diruere
1575 1671 1647 1694 non
1664 1671 1868 1706 possemus,
1885 1659 2120 1695 nihilominus
2140 1671 2246 1708 argu-

378 1734 498 1765 menta
521 1729 563 1765 ab
587 1730 663 1776 ipso
686 1730 824 1765 inventa
851 1730 999 1764 minime
1015 1729 1141 1773 valida,
1162 1730 1272 1765 immo
1289 1730 1444 1773 infirma,
1470 1734 1668 1773 remanent,
1691 1734 1812 1777 utpote
1831 1730 1939 1766 nimis
1964 1742 2048 1779 vaga
2072 1743 2113 1767 ac
2135 1743 2244 1779 gene-

377 1801 475 1836 ralia.
496 1801 630 1847 Cuique
653 1801 802 1836 articulo
828 1800 922 1835 illius
943 1801 1053 1836 thesis
1079 1801 1213 1848 aliquid
1239 1802 1373 1848 opponi
1398 1801 1501 1837 facile
1532 1805 1659 1849 potest.
1684 1802 1809 1837 Paucis
1834 1805 1972 1837 tantum
1998 1803 2243 1849 quaestionem

376 1873 508 1919 agitare
523 1872 560 1906 in
579 1872 697 1907 animo
714 1871 901 1907 habemus.
918 1873 1061 1908 TUETEY
1077 1876 1259 1907 auctorem
1277 1872 1379 1908 diarii
1397 1872 1602 1907 Parisiensis
1619 1873 1727 1908 fuisse
1743 1884 1762 1908 e
1780 1873 1876 1910 clero
1893 1875 2039 1909 Nostrae
2055 1873 2240 1917 Dominae,

377 1943 566 1978 factionem
581 1942 940 1989 Anglo-Burgundam
959 1942 1101 1986 fovisse,
1116 1943 1245 1978 deinde
1261 1943 1305 1978 ad
1318 1947 1453 1990 partem
1466 1944 1559 1991 regis
1572 1944 1741 1979 Franciae
1754 1947 2015 1991 transgressum
2029 1956 2119 1986 esse,
2135 1944 2242 1981 fuisse

470 2093 492 2116 1.
508 2088 597 2117 Etude
611 2099 664 2117 sur
678 2093 766 2117 Αἰαίη
783 2093 920 2122 Οὴαντίεν,
938 2092 1005 2123 1876,
1021 2101 1046 2124 p.
1063 2093 1102 2117 80.

468 2138 491 2161 2.
509 2137 655 2161 Me'moires
668 2138 700 2160 de
715 2137 744 2161 la
762 2137 820 2161 Soc.
836 2137 881 2161 des
896 2137 1072 2167 antiquae-es
1084 2138 1116 2161 de
1132 2137 1312 2167 Normandie,
1328 2139 1347 2161 t.
1365 2138 1487 2168 XXVIII,
1503 2146 1529 2170 p.
1545 2138 1581 2162 17.

467 2181 490 2204 3.
507 2181 628 2206 Histoire
644 2182 676 2205 de
692 2181 805 2205 Charles
826 2181 888 2209 VII,
903 2182 922 2204 t.
939 2181 974 2211 11,
989 2189 1014 2212 p.
1030 2181 1084 2205 345.

467 2226 490 2249 4.
507 2225 596 2257 Suppl.
613 2226 690 2249 Mart.
704 2225 736 2252 V,
754 2229 781 2248 ιιθ
800 2225 852 2254 181,
867 2224 910 2249 fol.
927 2225 996 2249 24312.
1012 2236 1025 2247 «
1041 2225 1174 2257 Supplicat
1189 2226 1214 2250 S.
1228 2226 1262 2250 V.
1279 2225 1335 2250 dev.
1351 2228 1434 2250 vester
1449 2226 1487 2250 fil.
1504 2226 1615 2251 Karolus
1629 2227 1787 2251 Francorum
1802 2236 1846 2252 rex
1861 2227 2102 2259 christianissimus,
2118 2229 2242 2261 quatinus

374 2270 423 2294 sibi
440 2269 466 2293 in
483 2277 616 2301 personam
633 2269 678 2293 dil.
699 2269 835 2293 familiaris
852 2271 877 2292 et
896 2269 1027 2294 secretarii
1046 2269 1086 2293 sui
1109 2269 1232 2293 ordinarii
1252 2270 1329 2294 Alani
1349 2270 1475 2301 Chartier,
1496 2270 1601 2295 rectoris
1621 2272 1738 2303 parroch.
1759 2272 1863 2296 ecclesie
1883 2272 1909 2296 S.
1926 2273 2058 2297 Lamberti
2078 2273 2109 2297 de
2127 2273 2240 2304 Levatis,

373 2314 548 2345 Andegavens.
562 2313 635 2343 dioc„
650 2313 767 2344 magistri
783 2313 809 2337 in
822 2314 930 2343 artibus,
944 2314 1079 2345 specialem
1091 2314 1201 2345 gratiam
1214 2314 1335 2339 facientes
1350 2315 1431 2339 eidem
1447 2315 1537 2345 Alano,
1551 2316 1594 2347 qui
1610 2324 1656 2348 pro
1668 2317 1744 2340 certis
1754 2316 1775 2348 ej
1781 2316 1869 2341 usdem
1880 2317 1948 2348 regis
1960 2317 2114 2349 peragendis
2128 2318 2240 2350 negociis

373 2358 405 2383 ad
420 2358 610 2382 serenissimum
622 2358 761 2390 principem
775 2358 968 2389 Sigismundum
981 2359 1154 2382 Romanorum
1167 2367 1252 2390 regem
1268 2362 1407 2390 augustum
1422 2360 1582 2384 ambaxiator
1596 2368 1640 2384 seu
1654 2361 1762 2385 nuncius
1777 2361 1921 2386 destinatus
1936 2362 2098 2394 clericalique
2113 2364 2240 2387 caractere

373 2402 506 2426 dumtaxat
521 2402 658 2433 insignitus
671 2402 767 2433 existit,
783 2403 812 2426 ut
826 2402 924 2426 ratione
936 2402 1002 2426 dicte
1017 2402 1128 2433 ecclesie,
1144 2403 1212 2427 infra
1224 2403 1297 2434 cujus
1309 2403 1400 2436 adepte
1414 2404 1581 2436 possessionis
1596 2405 1701 2437 pacifice
1716 2413 1811 2429 annum
1825 2405 1908 2430 adhuc
1921 2406 2017 2437 existit,
2033 2406 2066 2431 ad
2080 2406 2193 2439 aliquem
2209 2415 2239 2431 ex

373 2447 432 2471 aliis
447 2447 524 2471 etiam
535 2447 614 2471 sacris
628 2446 760 2470 ordinibus
775 2446 880 2470 minime
893 2446 951 2471 hinc
966 2455 1046 2470 unum
1061 2454 1157 2471 annum
1167 2447 1253 2472 adata
1262 2448 1420 2480 presentium
1432 2448 1631 2481 computandum
1642 2450 1784 2481 promoveri
1799 2452 1918 2475 teneatur
1933 2459 1978 2475 nec
1993 2451 2025 2475 ad
2038 2451 2065 2475 id
2079 2459 2096 2476 a
2110 2459 2237 2484 quoquam

374 2491 469 2515 invitus
484 2491 567 2515 valeat
586 2491 703 2521 coartari,
719 2490 866 2523 dispensare
880 2491 1080 2515 misericorditer
1092 2491 1233 2523 dignemini
1250 2492 1281 2515 de
1297 2492 1381 2523 gratia
1395 2493 1509 2524 speciali,
1529 2501 1586 2517 cum
1602 2493 1669 2517 idem
1685 2494 1784 2518 Alanus
1799 2497 1860 2526 agat
1875 2495 2065 2527 presentialiter
2079 2495 2105 2519 in
2121 2496 2236 2526 remotis,

374 2543 418 2559 nee
433 2543 490 2567 spes
506 2535 559 2559 ulla
573 2535 621 2559 sibi
638 2537 739 2559 maneat
753 2537 812 2559 ante
826 2543 922 2559 annum
937 2535 1085 2566 hujusmodi
1100 2543 1174 2567 posse
1192 2536 1328 2560 commissa
1343 2537 1475 2568 exsequi...
1488 2537 1555 2561 Fiat.
1572 2538 1601 2561 O.
1619 2538 1678 2562 Dat.
1697 2539 1777 2562 Rome
1791 2539 1859 2571 apud
1875 2539 1980 2563 Sanctos
1995 2540 2131 2572 Apostolos
2146 2542 2238 2572 quarto

374 2587 431 2604 non.
446 2579 521 2610 Julii,
537 2587 602 2604 anno
616 2581 711 2603 octavo.
726 2589 738 2600 »
751 2580 804 2603 Hoc
818 2579 998 2603 documentum
1013 2580 1105 2612 probat
1120 2580 1233 2612 insuper,
1252 2581 1363 2604 Alanum
1383 2581 1415 2605 ad
1430 2589 1514 2606 sacros
1529 2582 1631 2606 ordines
1649 2583 1792 2614 promoveri
1812 2583 1939 2608 debuisse.
1957 2584 2092 2608 Caeterum
2107 2586 2235 2609 notamus.

373 2624 450 2648 Alani
462 2623 614 2648 mentionem
631 2631 679 2647 non
694 2623 751 2647 sieri
767 2624 793 2646 in
808 2625 944 2648 Deutsche
956 2625 1200 2655 Reichtaysakten‚
1214 2625 1252 2648 ed.
1268 2626 1392 2655 KERLER,
1407 2627 1470 2650 tom.
1483 2626 1547 2651 VIII
1563 2628 1588 2650 et
1602 2627 1647 2650 IX.

465 2669 489 2694 5,
506 2668 541 2692 Ut
553 2676 576 2691 v.
593 2676 617 2699 g.
634 2668 659 2691 in
674 2668 742 2691 Bibl.
755 2669 808 2692 nat.
823 2668 918 2698 Paris„
934 2676 982 2692 ms.
995 2668 1075 2700 franc.
1091 2669 1168 2693 24440
1184 2669 1254 2699 (olim
1267 2669 1293 2694 S.
1309 2670 1406 2694 Victor.
1420 2670 1485 2700 394),
1501 2670 1544 2694 fol.
1557 2671 1603 2695 231
1620 2680 1626 2695 ε
1643 2681 1656 2693 «
1672 2671 1777 2696 maistre
1796 2672 1873 2697 Alain
1893 2672 2027 2705 Chartyer,
2044 2681 2074 2697 en
2089 2681 2134 2698 son
2149 2676 2237 2699 Vivant

373 2712 476 2736 docteur
488 2720 518 2736 en
531 2712 615 2736 decret
629 2714 654 2736 et
669 2712 802 2736 secretaire
817 2712 850 2736 du
866 2720 911 2744 roy
922 2723 945 2736 ι).

465 2757 489 2781 6.
506 2757 642 2781 Nikolaus
654 2763 708 2781 von
723 2757 807 2781 Basel
820 2758 907 2781 Leben
922 2759 984 2782 und
999 2758 1189 2788 ausyewdhlte
1201 2759 1354 2788 Schriften.
1368 2759 1454 2789 Wien,
1472 2759 1540 2783 1866.

465 2801 488 2825 7.
503 2801 548 2824 Ex.
566 2809 603 2832 gr.
617 2800 712 2825 Marcel
727 2801 875 2825 Fouxzxnffl
886 2801 913 2825 in
926 2802 967 2826 La
982 2803 1091 2832 faculte'
1103 2803 1136 2825 de
1151 2803 1241 2827 ἀεὶ-νει
1256 2804 1289 2827 de
1303 2803 1397 2831 Paris,
1411 2811 1435 2835 p.
1454 2803 1509 2834 225,
1527 2804 1585 2834 23i;
1599 2804 1739 2835 AYROLES,
1754 2807 1795 2830 La
1813 2806 1927 2830 Pucelle
1942 2808 2042 2831 devant
2056 2807 2170 2838 Γέρῖἱεε,
2186 2808 2232 2832 ete.

374 2845 467 2875 (Paris,
484 2845 563 2875 1890),
579 2853 604 2877 p.
625 2845 668 2868 182
685 2853 734 2876 sq.;
751 2846 792 2869 La
813 2845 981 2870 Libff'razrice
996 2846 1092 2876 (Paris,
1109 2846 1187 2876 1897),
1209 2855 1233 2878 p.
1258 2847 1304 2870 513
1322 2855 1374 2879 sqq.
1394 2847 1500 2872 Cautior
1519 2855 1554 2872 DE
1575 2848 1755 2880 ΒΕΑυεουητ,
1776 2857 1923 2882 quanquam
1942 2850 2114 2882 conjecturam
2135 2851 2233 2883 Tuetey

384 2890 508 2922 approbat
523 2890 605 2919 (Hist.
622 2891 653 2913 de
669 2890 782 2914 charles
802 2889 860 2918 VII,
876 2891 896 2913 t.
912 2890 932 2919 Ι,
946 2898 972 2921 p.
987 2892 1063 2919 LVII),
1078 2890 1155 2914 titulo
1170 2892 1300 2920 Journal,
1314 2892 1371 2921 etc.,
1388 2891 1479 2922 utitur,
1493 2894 1518 2916 et
1532 2892 1567 2916 sie
1580 2893 1682 2918 caeteri.
