2502 3418
226 315 320 351 1401]
657 325 702 346 AB
736 324 842 346 ANNo
875 323 1163 345 MCCCLXXXX1V
1192 323 1239 344 AD
1273 323 1411 344 ANNUM
1447 324 1652 346 mccchu.
2047 321 2088 351 45

226 413 341 447 usque
369 401 412 433 ad
438 400 579 445 plenam
602 398 884 432 satisfactionem
911 397 1064 429 emende
1084 397 1321 441 dampnorum
1345 404 1376 429 et
1400 397 1579 431 interesse
1601 400 1844 443 predictarum
1865 403 2004 434 fucrant
2028 416 2090 447 pcr

226 469 380 502 eundem
403 467 626 512 prepositum
649 465 917 509 condempnati,
935 465 1037 503 sacta,
1062 476 1125 508 per
1142 476 1246 508 quam
1269 464 1429 508 prefatus
1451 466 1660 509 prepositus
1682 468 1868 499 emendam
1893 469 2086 512 predictam

224 536 267 569 ad
283 535 425 579 viginti,
445 541 479 567 et
499 534 651 578 dampna
674 540 708 565 et
728 533 907 565 interesse
930 543 994 576 per
1011 531 1144 563 dictum
1169 531 1212 563 dc
1229 531 1400 563 Atrabato
1423 538 1503 564 ante
1526 532 1654 565 dictam
1679 534 1897 566 taxacionem
1922 535 2038 568 habita
2056 544 2089 569 ct

224 609 400 642 sustenta,
427 601 470 634 ad
499 601 645 645 triginta
671 600 831 644 quinque
860 598 1030 631 librarum
1064 598 1173 642 paris.
1201 610 1359 630 summas
1381 605 1413 631 ct
1446 611 1509 643 pro
1540 606 1702 644 tempore
1728 602 1848 633 futuro
1879 602 2028 646 dampna
2057 610 2089 635 ct

224 670 403 702 interesse
426 668 586 713 predicta
607 667 650 700 ad
674 679 802 699 novem
828 666 1000 698 librarum
1019 665 1209 698 duodecim
1232 665 1433 697 solidorum
1457 667 1565 710 paris.
1584 668 1693 699 annui
1715 668 1879 700 redditus
1902 681 2087 706 summam,

224 737 294 770 vita
324 736 410 768 dicti
441 735 484 768 de
514 734 686 767 Atrabato
713 734 894 766 dumtaxat
924 733 1089 772 durante,
1119 739 1178 764 aut
1208 733 1251 765 ad
1284 733 1543 777 quaterviginti
1574 734 1779 766 francorum
1810 736 1887 767 auri
1917 748 2089 768 summam

224 802 351 842 semel,
369 802 449 835 loco
466 801 552 834 dicti
575 800 739 833 redditus
757 812 822 844 per
838 799 955 832 dictos
973 799 1201 839 defensores,
1220 800 1250 831 si
1271 799 1338 831 hoc
1356 800 1616 844 preeligerent,
1635 801 1730 833 dicto
1748 802 1859 834 actori
1881 802 2089 835 solvendam

224 876 259 902 et
283 880 460 914 expensas
482 868 663 913 predictas
683 867 727 899 ad
753 879 928 899 summam
950 866 1224 910 quatuordecim
1246 866 1418 898 librarum
1446 867 1599 899 duorum
1623 867 1823 900 solidorum
1846 869 1970 913 paris.7
1998 876 2092 902 taxa—

222 943 335 976 verat,
362 936 494 968 suisset
522 946 588 979 pro
614 940 714 979 parte
736 934 912 966 dictorum
941 933 1174 965 defensorum
1205 939 1382 977 tamquam
1411 946 1428 966 a
1456 934 1563 966 nimia
1592 941 1626 966 et
1652 935 1837 967 excessiva
1863 936 1906 968 ad
1933 943 2089 969 nostram

224 1002 436 1048 parlamenti
457 1001 591 1034 curiam
614 1000 830 1045 appellatum
853 1012 859 1032 :
878 1000 1011 1032 auditis
1032 1000 1068 1031 in
1090 1000 1189 1032 curia
1211 1006 1333 1032 nostra
1354 1000 1575 1044 partibus...,
1598 1002 1853 1045 perjudicium
1877 1003 1972 1035 dicte
1994 1004 2091 1035 curie

224 1076 348 1102 nostre
369 1069 502 1101 dictum
525 1068 603 1108 fuit,
627 1068 803 1112 prefatum
832 1067 1054 1111 prepositum
1079 1067 1115 1098 in
1137 1078 1179 1099 eo
1201 1067 1298 1111 quod
1327 1079 1504 1111 expensas
1534 1068 1713 1112 predictas
1739 1069 1782 1100 ad
1811 1081 1984 1102 summam
2008 1083 2092 1114 qua-

224 1136 424 1170 tuordecim
446 1135 619 1168 librarum
642 1135 796 1167 duorum
819 1133 1019 1166 solidorum
1042 1133 1150 1178 paris.
1172 1140 1362 1175 taxaverat7
1382 1134 1471 1166 male
1490 1141 1524 1167 et
1545 1135 1731 1168 excessivo
1755 1142 1907 1175 taxasse,
1926 1143 1960 1169 et
1977 1137 2092 1170 dictos

224 1203 438 1236 defensores
461 1202 554 1234 bene
575 1201 792 1246 appellasse,
816 1200 852 1232 in
873 1200 1005 1233 ceteris
1029 1212 1115 1233 vero
1145 1200 1238 1232 bene
1266 1207 1419 1233 taxasse.
1446 1202 1487 1233 Et
1569 1202 1666 1234 curia
1695 1214 1869 1235 summam
1896 1203 2090 1247 predictam

224 1270 497 1316 quatuordecim
519 1268 692 1301 librarum
715 1268 868 1300 duorum
891 1267 1093 1300 solidorum
1116 1267 1225 1312 paris.
1249 1268 1292 1300 ad
1319 1279 1493 1300 summam
1516 1269 1709 1301 tresdecim
1733 1269 1905 1302 librarum
1929 1282 1991 1303 sex
2012 1271 2093 1303 soli-

225 1337 352 1370 dorum
376 1337 485 1382 paris.
503 1335 703 1368 moderavit
719 1341 754 1367 et
774 1335 948 1367 moderat.
971 1334 1251 1367 pronunciatum
1273 1335 1375 1379 xxiija
1391 1335 1604 1368 Decembris
1621 1348 1714 1368 anno
1731 1336 1925 1369 millesimo
1943 1338 2092 1371 CCCC0.

957 1416 994 1447 P.
1018 1416 1208 1447 Bussmffi.
1282 1416 1385 1448 Sum
1406 1417 1555 1449 Vfflmlx.
1629 1417 1914 1449 Poummcoum.

317 1502 394 1526 Arch.
411 1505 464 1525 nat.
481 1501 576 1530 Paris„
593 1502 639 1524 Χί·ι
653 1502 691 1528 48,
710 1501 754 1524 sol.
769 1500 835 1524 265b.

228 1661 370 1698 1766.
395 1672 490 1696 Causa
506 1670 534 1695 in
549 1669 731 1706 parlamento
749 1669 877 1705 pendens
897 1670 971 1694 inter
990 1669 1205 1694 Universitatem
1221 1670 1446 1705 magistramque
1463 1670 1612 1695 Nicolaum
1635 1671 1717 1695 Vnstv
1732 1670 1902 1702 scholar-em,
1919 1675 2038 1701 actor-es,
2057 1680 2091 1696 ac

314 1719 491 1745 Guillelmum
506 1720 677 1754 Petrumqae
697 1720 771 1754 Lyen
785 1720 901 1752 fratres,
920 1718 1095 1753 defensores,
1113 1727 1131 1743 a
1147 1727 1212 1753 rege
1230 1719 1396 1754 praeposito
1416 1719 1512 1744 Paris.
1531 1719 1715 1745 committitur
1730 1719 1769 1744 nd
1785 1720 1974 1745 exhibendum
1991 1720 2091 1746 celeris

308 1768 444 1804 justitiae
459 1768 700 1804 complementum.

1449 1804 1517 1833 1407,
1534 1805 1621 1830 Mat-til
1631 1805 1675 1834 24,
1691 1805 1805 1831 Parisiis.

317 1854 393 1877 Arch.
410 1857 463 1877 nat.
480 1853 575 1883 Paris„
589 1853 636 1876 ΧῙΒ
647 1854 686 1882 48,
704 1853 749 1876 sol.
762 1853 802 1876 47.

229 2004 370 2041 1767.
394 2013 549 2049 Supposita
570 2012 767 2038 Universitatis
782 2012 876 2038 Paris.
895 2021 950 2038 non
965 2016 1096 2038 tenentur
1110 2013 1247 2038 interesse
1267 2012 1447 2038 conuentibus
1463 2013 1663 2038 canonicorum
1679 2013 1775 2039 Paris.
1794 2013 1878 2046 eccl.‚·
1899 2013 2090 2039 nihilomimus

312 2063 455 2098 quaedam
469 2072 488 2088 a
503 2062 650 2088 canonicis
665 2062 955 2088 excommunicantur.

1470 2098 1539 2128 1401,
1553 2099 1626 2131 April.
1644 2100 1677 2128 11,
1694 2099 1806 2125 Parisiis.

315 2187 488 2232 Exposito
518 2186 627 2220 hodie
654 2199 696 2219 ex
726 2193 825 2231 parte
853 2187 1107 2219 Universitatis
1138 2199 1202 2231 per
1222 2199 1315 2232 mag.
1342 2187 1541 2220 Johannem
1571 2189 1738 2232 Luqueti,
1766 2189 1862 2233 quod
1891 2201 1968 2221 cum
1999 2190 2090 2221 dicta

225 2254 451 2287 Universitas
472 2254 519 2287 sit
544 2254 782 2299 privilegiata,
806 2261 844 2286 ut
871 2254 1059 2299 supposita
1084 2254 1340 2287 Universitatis
1363 2255 1524 2299 predicte
1546 2267 1617 2287 uon
1640 2262 1830 2287 tencantur
1856 2256 2033 2288 interesse
2055 2256 2090 2288 in

226 2322 365 2366 synodo
387 2322 637 2366 cujuscunque
653 2321 789 2365 judicis
812 2321 870 2354 vel
892 2321 1106 2366 superioris!
1130 2328 1237 2366 prout
1258 2333 1322 2366 per
1343 2322 1533 2367 privilegia
1555 2323 1810 2355 Universitatis
1831 2322 1917 2355 alias
1943 2323 1979 2355 in
2000 2324 2090 2367 capi-

226 2388 314 2427 tulo,
333 2395 371 2421 ut
387 2388 541 2429 dicebat,
559 2388 739 2433 publicata
755 2388 944 2421 constabat
960 2389 1073 2422 lacius
1090 2400 1096 2421 ε
1117 2388 1376 2421 nichilominus
1399 2396 1515 2421 tamen
1538 2389 1674 2421 domini
1697 2389 1884 2430 [canonici]
1901 2401 2090 2434 processe-

225 2462 304 2488 rant
329 2456 371 2488 ad
394 2455 810 2489 excommunicacionem
836 2463 959 2489 contra
987 2468 1079 2501 mag.
1110 2457 1253 2488 Petrum
1275 2456 1319 2488 de
1340 2457 1511 2489 Aussono
1533 2463 1567 2488 et
1586 2456 1666 2489 Joh.
1686 2458 1840 2493 Trucain
1867 2468 1908 2488 cx
1930 2469 1972 2489 eo
1994 2457 2090 2501 quod

225 2534 297 2555 non
318 2523 460 2556 fuerant
480 2523 516 2555 in
538 2523 678 2568 synodo
696 2523 924 2556 dominorum
943 2523 1069 2556 ultimo
1087 2523 1270 2568 preterita,
1290 2535 1359 2568 quc
1378 2530 1494 2555 tamen
1512 2523 1840 2555 excommunicacio
1858 2535 1930 2555 nou
1948 2523 2087 2556 tenebat

225 2596 360 2622 attento
382 2590 478 2623 dicto
500 2590 706 2635 privilegio.
731 2592 931 2635 Eapropter
952 2591 1143 2635 requisivit
1164 2591 1345 2631 dominos,
1370 2597 1408 2622 ut
1429 2602 1491 2623 eos
1517 2590 1653 2623 vellent
1673 2589 1875 2622 absolvere.
1910 2592 1953 2623 Et
1981 2603 2091 2635 super

225 2655 293 2689 hoc
314 2663 397 2689 tunc
419 2657 632 2701 interrogati
654 2657 739 2690 dicti
760 2658 958 2699 canonici¹,
983 2657 1154 2690 videlicet
1179 2657 1343 2701 magistri
1372 2658 1500 2689 Petrus
1526 2663 1561 2689 et
1583 2656 1778 2697 Johannes⁷
1802 2658 1988 2701 supposita
2015 2669 2090 2702 pre-

226 2722 320 2755 dicte
338 2723 607 2765 Universitatis,
630 2736 672 2756 an
695 2725 889 2757 advoarent
911 2725 1044 2757 dictum
1068 2731 1326 2769 opponentem,
1349 2724 1409 2768 qui
1432 2723 1700 2767 responderunt
1720 2723 1816 2767 quod
1838 2723 1902 2763 sic,
1922 2724 2091 2768 quodque

227 2789 470 2834 allegaverant
499 2791 731 2836 privilegium
762 2804 866 2824 suum
896 2798 977 2824 aute
1005 2791 1419 2824 excommunicacionem
1452 2790 1568 2822 latam.
1598 2791 1641 2822 Et
1668 2790 1805 2823 domini
1834 2790 1953 2823 habita
1981 2802 2091 2835 super

227 2855 295 2889 hoc
316 2857 585 2891 deliberacione
607 2859 878 2903 responderunt
898 2859 933 2890 in
955 2858 1144 2903 presencia
1166 2858 1393 2890 dominorum
1416 2857 1682 2901 deputatorum,
1701 2857 1798 2901 quod
1819 2869 2000 2902 nunquam
2023 2858 2090 2902 pri-
