2502 3418
285 315 380 352 1448]
633 330 679 351 ΑΒ
714 330 818 352 Anno
853 329 1141 352 MCCCLXXXXIV
1175 330 1306 358 USQUE
1337 331 1384 351 AD
1419 331 1557 353 ANNUM
1592 332 1797 355 MCCCCLH.
2080 325 2144 358 679

370 404 443 438 Mag.
461 405 610 431 Johannes
626 405 786 431 Laurencii.
1260 406 1346 432 Hunc
1359 406 1509 439 adoptavit
1521 406 1600 432 dom.
1614 407 1680 433 Joh.
1696 407 1839 434 Chuffart.

387 469 420 472 —
458 454 517 480 Yvo
532 454 618 487 Nigri.
1260 455 1320 488 Ego
1335 455 1436 481 Petrus
1451 455 1579 488 Maugier
1594 454 1757 490 [adoptavfl.

389 517 422 521 —
459 502 555 529 Guido
570 503 697 529 Abbatis.
1261 504 1321 537 Ego
1337 504 1438 530 Petrus
1453 504 1583 537 Maugier
1598 505 1766 539 [adoptavil.

393 566 417 570 -
457 552 604 578 Johannes
619 552 752 585 Tybault.
1261 553 1345 579 Hunc
1358 553 1507 587 adoptavit
1519 553 1599 579 dom.
1618 554 1719 579 Petrus
1734 553 1769 579 de
1783 554 1884 580 Brona.

386 616 421 619 -
458 601 599 627 Martinus
614 600 668 636 [de]
685 601 751 627 Mol.
1418 616 1452 620 —
1542 616 1576 621 —-
1614 602 1756 628 Martinus
1770 603 1806 629 de
1822 603 1966 630 Fraxenis.

385 664 420 668 —
457 650 580 676 Jacobus
592 650 704 684 Angeli.
1418 667 1452 670 —
1544 667 1575 670 —
1613 651 1680 678 Joh.
1695 652 1731 678 de
1746 652 1908 685 Montigny.

368 699 442 725 Frat.
458 699 606 725 Johannes
616 699 778 726 Pestilionis
791 699 870 735 [Ord.
884 699 911 726 S.
926 700 1046 726 Antonii
1054 699 1232 735 Viennens.].
1420 715 1454 719 —-
1546 716 1575 720 —-
1616 701 1779 727 Ludovicus
1794 701 1895 734 Bainy.

368 748 440 781 Mag.
458 748 598 775 Henrieus
611 749 646 775 de
661 748 804 775 Embrica.
1256 749 1315 783 Ego
1331 750 1432 776 Petrus
1446 750 1585 784 Maugier,
1602 750 1729 776 decanus
1744 749 1817 776 sac.³
1833 749 1997 785 [adoptavi].

384 812 418 815 —
456 797 632 824 Guillelmus
647 798 748 824 Riveti.
1258 799 1342 824 Hunc
1357 798 1505 832 adoptavit
1518 799 1598 826 dom.
1613 800 1680 825 Joh.
1697 799 1732 825 do
1745 799 1907 833 Montigny.

384 861 419 865 —
455 846 604 873 Johannes
619 847 784 880 Burgundi.
1420 863 1453 866 —
1545 863 1577 866 —
1615 848 1778 874 Ludovicus
1794 848 1894 881 ssaiily.

1614 898 1681 924 Joh.
1697 897 1842 923 Chuffart.

1615 946 1758 973 Martinus
1770 947 1806 973 de
1821 946 1965 972 Fraxenis.

1615 996 1756 1022 Martinus
1769 996 1805 1022 de
1820 995 1965 1022 Fraxenis.

1613 1046 1679 1071 Joh.
1696 1046 1732 1072 de
1746 1045 1912 1072 CourcelliS.

1616 1094 1703 1121 abbas
1718 1095 1744 1120 S.
1762 1094 1930 1121 Katherine.

1615 1144 1682 1170 Joh.
1699 1144 1845 1170 Chufl'art.

1615 1192 1766 1228 [Touppet]
1784 1193 1871 1219 abbas
1885 1192 2082 1219 Gaudiivallis.

1615 1242 1681 1268 Joh.
1699 1242 1839 1268 Midoulx.

1612 1292 1700 1317 abbas
1716 1291 1742 1317 S.
1758 1291 1928 1318 Katherine.

1612 1341 1677 1367 Joh.
1695 1340 1835 1367 Midoulx.

1615 1391 1682 1417 Joh.
1699 1390 1843 1416 Chuffart.

1612 1439 1678 1465 Joh.
1693 1439 1729 1465 de
1741 1438 1906 1465 Courcellis.

1611 1488 1698 1515 abbas
1713 1488 1910 1514 Gaudiivallis.

1613 1538 1679 1564 Joh.
1697 1538 1733 1564 de
1748 1537 1913 1571 Montigny.

1614 1587 1680 1613 abb.
1699 1587 1726 1613 S.
1744 1587 1912 1613 Katherine.

1616 1637 1682 1663 Joh.
1697 1636 1733 1662 de
1745 1636 1911 1662 Courcellis.

1614 1687 1716 1712 Petrus
1731 1686 1766 1711 de
1779 1686 1881 1711 Brena.

1614 1734 1776 1761 Ludovicus
1791 1734 1891 1767 Bailly.

1614 1784 1703 1809 abbas
1717 1783 1914 1810 Gaudiivallis.

1614 1833 1701 1859 abhas
1716 1832 1913 1859 Gaudiivallis.

1613 1882 1680 1908 Joh.
1698 1882 1836 1908 Midoulx.

1613 1931 1701 1957 abbas
1717 1931 1743 1957 S.
1759 1931 1927 1957 Katherine.

1616 1981 1717 2006 Petrus
1732 1981 1768 2007 de
1780 1981 1882 2007 Brena.
1995 1980 2048 2016 [43]

384 910 418 914 -
454 895 603 922 Johannes
617 896 732 922 Docart.

383 960 418 963 —
454 945 600 971 Arnoldus
615 946 762 972 Bernardi.

383 1009 418 1012 —
454 994 618 1020 Bernardus
634 994 762 1025 Soubite‚

385 1058 417 1062 ——
455 1043 612 1070 Durandus
628 1044 732 1070 Pinati.

368 1093 443 1119 Frat.
458 1093 678 1120 Bertholomeus
688 1093 724 1120 de
735 1094 832 1127 Burgo
839 1093 930 1128 judeo
943 1094 1022 1128 [Ord.
1036 1094 1062 1121 S.
1076 1093 1223 1129 August.].

366 1142 451 1168 Dom.
468 1142 636 1168 Anthonius
651 1142 780 1170 Gerardi.

365 1191 438 1224 Mag.
455 1191 632 1218 Guillelmus
647 1191 821 1225 Depardieu.

382 1255 416 1258 —
453 1240 601 1266 Johannes
615 1241 736 1267 Winoti.

366 1290 439 1315 Frat.
456 1289 631 1316 Guillelmus
641 1290 745 1316 Guiart
760 1290 839 1325 [Ord.
857 1291 1011 1327 Cluniac.].

383 1354 417 1356 —
453 1339 584 1365 Nicolaus
599 1339 730 1365 Granoti.

364 1387 449 1414 Dom.
466 1388 614 1414 Johannes
633 1389 706 1415 Hue.

364 1437 439 1462 Frat.
454 1437 602 1463 Johannes
615 1437 651 1464 de
667 1438 751 1464 Porta
765 1437 809 1472 [O.
827 1438 854 1464 S.
872 1438 924 1474 B.].

364 1486 436 1519 Mag.
454 1486 603 1513 Bonnetus
615 1487 651 1513 de
666 1487 895 1514 Aumaneschiis.

382 1550 416 1553 —
453 1535 601 1562 Johannes
615 1536 657 1562 du
672 1536 793 1570 Boquel.

383 1598 415 1601 -—
454 1583 575 1610 Michael
589 1585 697 1618 Dyane.

381 1647 414 1650 -
451 1633 600 1660 Johannes
612 1634 648 1660 de
662 1634 763 1668 Logiis.

381 1697 414 1700 —
451 1682 599 1709 Johannes
613 1683 650 1709 de
664 1683 834 1718 Fustelleya.

380 1746 415 1750 ——
452 1731 600 1758 Johannes
615 1733 751 1759 Fornelli.

383 1795 403 1798 —
454 1781 555 1807 Petrus
569 1782 699 1808 Glasseti.

380 1843 414 1848 —
451 1829 582 1856 Nicolaus
598 1830 712 1856 Poireti.

379 1891 413 1895 —
450 1877 647 1904 Theodoricus
661 1879 697 1905 de
713 1879 846 1913 Savigny.

378 1941 413 1944 —
450 1927 599 1953 Johannes
615 1928 754 1954 Bourdet.

379 1990 414 1994 —
451 1976 598 2003 Johannes
614 1977 702 2003 Hure.

1540 912 1579 1507 ΙΙΙΙΙΙΙΙΙΙΙΙΙ

1416 912 1456 1999 1ΞΙΙΙΙΙΙΙΙΙΙΙΙΙΙΙΙΙΙΙΙΙ

1542 1554 1576 1556 ί

1541 1602 1578 1999 ΙΙΙΙΙΙΙΙΙ

363 2065 405 2096 Et
432 2065 515 2109 quia
544 2067 769 2100 reverendus
797 2068 968 2101 dominus
993 2068 1103 2101 abbas
1132 2069 1385 2111 Gaudfivallis,
1418 2069 1479 2114 qui
1507 2081 1660 2114 presens
1683 2069 1799 2102 fuerat
1825 2069 1862 2101 in
1893 2069 2141 2114 assignatione

273 2129 450 2173 locorum,
477 2132 650 2166 discessit
675 2141 710 2166 et
738 2134 826 2167 hora
854 2135 1014 2180 optionis
1040 2136 1174 2169 absens
1200 2137 1280 2179 fuit,
1307 2136 1570 2170 nichilominus
1596 2136 1746 2169 facultas
1773 2136 1970 2169 deliberata
1991 2135 2062 2169 sibi
2087 2136 2142 2168 di-

273 2197 371 2230 misit
391 2198 427 2231 in
449 2198 545 2232 filios
567 2200 757 2245 adoptivos
777 2201 861 2235 illos
883 2209 1038 2247 quatuor
1059 2204 1344 2249 suprascriptos,
1366 2216 1519 2249 quorum
1543 2203 1765 2248 subscriptio
1787 2215 1897 2236 vacua
1919 2204 2004 2236 081⁶.

366 2279 474 2303 Memor.
489 2281 538 2303 suc.
555 2281 662 2311 decret„
677 2282 696 2310 l,
715 2282 759 2306 sol.
774 2282 833 2306 ‘258¹‘
847 2286 872 2306 et
887 2283 980 2307 ultimo
995 2284 1150 2308 voluminis.

370 2355 394 2380 1.
409 2356 495 2380 Dioec.
510 2357 720 2381 claromontens.
734 2358 793 2381 Jam
809 2359 869 2382 1437
885 2360 978 2383 abbas.
994 2360 1050 2384 Vid.
1066 2361 1194 2389 Damnat,
1210 2361 1251 2385 La
1267 2360 1422 2385 de'solation
1437 2362 1484 2384 des
1499 2360 1595 2391 e'ylises
1607 2367 1642 2384 en
1655 2361 1774 2390 France,
1791 2365 1819 2383 11⁰
1832 2361 1886 2384 629.
1900 2374 1928 2377 -
1941 2360 1964 2384 2.
1977 2360 2069 2383 Petrus
2086 2368 2097 2383 (τ
2109 2360 2141 2383 de

273 2400 414 2423 Fonteneto
430 2408 441 2423 1)
458 2409 499 2424 nn.
518 2402 585 2430 14:30,
602 2402 674 2425 Junii
697 2404 720 2432 8,
737 2405 821 2427 factus
842 2407 882 2427 est
903 2405 986 2428 abbas
1008 2406 1034 2429 S.
1058 2405 1161 2434 Secani,
1180 2406 1340 2437 Lingonens.
1363 2405 1445 2429 dioec.
1468 2405 1554 2434 (An-h.
1570 2405 1637 2431 Vnt..
1657 2405 1745 2435 Oblig.
1764 2409 1793 2427 n0
1812 2406 1851 2433 (36,
1871 2405 1915 2428 sol.
1935 2405 1986 2435 47).
2008 2419 2036 2422 —
2054 2404 2079 2430 3.
2102 2405 2140 2428 Ab

273 2452 314 2467 nn.
333 2445 402 2473 1447,
418 2445 543 2469 Novemb.
560 2447 582 2470 9.
600 2460 626 2464 -
642 2446 667 2471 4.
683 2448 777 2470 Coram
793 2452 906 2480 quatuor
920 2449 1061 2473 licentiatis
1077 2458 1169 2473 revera
1182 2459 1275 2473 nomen
1292 2450 1397 2473 abbatis
1414 2449 1590 2473 Gaudiivallis
1605 2449 1738 2480 posterius
1755 2449 1874 2472 additum
1889 2452 1937 2472 ost.

275 2611 419 2649 2629.
442 2622 587 2648 Heruaeus
608 2623 752 2658 Morillon,
777 2624 871 2651 abbas
893 2628 920 2651 S.
948 2626 1081 2652 Germani
1103 2626 1138 2652 de
1158 2627 1265 2661 Pratis,
1290 2627 1318 2652 in
1339 2635 1430 2653 causa
1451 2626 1588 2652 adversus
1609 2627 1808 2662 praepositum
1833 2626 1994 2660 firmarium
2017 2626 2141 2651 civitatis

362 2669 518 2706 Meloduni,
537 2671 680 2698 auxilium
692 2673 767 2709 petit
786 2675 986 2701 Universitatis
1000 2676 1107 2711 Paris„
1124 2685 1210 2711 quam
1225 2676 1384 2702 indemnem
1399 2678 1462 2710 fore
1474 2676 1625 2712 promittit.

1497 2748 1572 2778 7448,
1590 2748 1681 2780 Aprilis
1695 2748 1720 2777 4,
1736 2748 1852 2774 Parisiis.

363 2813 552 2846 Reverend
580 2817 666 2858 pore
695 2827 739 2848 en
769 2816 859 2849 Dieu
888 2818 1006 2850 Hervc':
1034 2817 1219 2859 Morillon,
1246 2817 1337 2850 abbe
1368 2818 1412 2851 de
1441 2818 1583 2863 l'eglise
1613 2818 1647 2851 S.
1677 2818 1848 2851 Germain
1876 2817 1941 2850 des
1972 2818 2059 2850 Prez
2086 2817 2140 2850 les

274 2878 387 2920 Paris,
410 2879 545 2912 assirme
569 2893 639 2925 que
662 2882 793 2927 depuis
820 2896 867 2916 un
894 2896 937 2916 an
960 2896 1004 2916 en
1031 2897 1069 2927 ςει
1097 2897 1140 2917 ου
1171 2885 1324 2918 environ
1353 2885 1511 2918 certaine
1540 2897 1648 2918 cause
1675 2898 1693 2918 a
1721 2888 1798 2918 este
1826 2889 1930 2917 meu‘e
1956 2891 2058 2917 entre
2079 2884 2140 2928 luy
