2502 3418
411 319 452 350 62
988 325 1309 348 CHARTULARIUM
1344 324 1534 346 UNIVERS.
1572 324 1700 345 rmus.
2174 310 2274 347 [1403

500 401 575 433 Fiat
594 413 659 446 pro
681 400 862 433 omnibus.
886 402 923 433 L.
950 420 994 424 —
1022 401 1150 432 Datum
1173 398 1317 432 Sallone
1338 397 1540 430 Arelatens.
1565 397 1701 430 dioces.
1733 408 1798 441 pro
1821 396 2005 441 magistris
2033 396 2069 428 in
2091 395 2272 442 theologia¹

411 467 622 501 doctoribus
643 468 679 500 in
695 468 778 512 jure
800 467 925 512 quinto
948 466 1102 506 decimo,
1125 466 1209 498 item
1232 477 1296 510 pro
1320 464 1514 497 licentiatis
1535 464 1571 496 in
1587 464 1682 508 jure,
1708 462 1911 496 bacallariis
1932 463 2094 495 formatis
2117 463 2153 495 in
2173 462 2275 496 theo-

410 535 505 580 logia
523 541 648 580 quarto
666 534 820 574 decimo,
838 533 1022 577 magistris
1039 533 1075 565 in
1092 532 1230 565 artibus
1248 538 1283 564 et
1299 531 1475 564 medicina
1494 537 1528 563 et
1548 529 1751 563 bacallariis
1768 529 1803 561 in
1822 529 2004 574 theologia
2022 541 2095 562 non
2112 530 2274 563 formatis

411 602 523 634 tercio
545 601 698 640 decimo,
720 601 805 634 item
827 612 891 645 pro
914 599 1100 633 nobilibus
1121 598 1335 632 bachalariis
1366 598 1402 630 in
1425 599 1509 642 jure
1531 597 1761 637 duodecimo,
1785 603 1819 629 et
1850 608 1913 641 pro
1939 596 2020 629 aliis
2042 596 2182 629 decimo
2203 597 2271 630 kal.

411 668 583 701 Novemb.
607 680 700 700 anno
722 667 874 707 decimo,
898 667 942 699 ad
962 673 1127 700 vacatura
1148 672 1231 710 post
1251 665 1319 698 kal.
1343 665 1426 697 Maii
1448 676 1542 697 anno
1564 676 1634 708 quo
1655 675 1774 708 supra.

504 767 566 797 Reg.
582 765 675 796 Suppl.
692 765 787 789 Bened.
803 765 870 793 Xlll,
888 768 916 787 11⁰
931 765 969 792 97,
985 765 1029 788 fol.
1043 764 1097 787 101.

503 849 526 874 1.
543 850 611 873 Haec
626 849 706 872 verba
719 848 839 871 omnibus
852 848 1022 879 sequentihus
1033 850 1236 878 anteponuntur.
1252 861 1282 864 —
1297 847 1321 872 2.
1339 848 1357 870 1.
1375 856 1396 871 e.
1410 847 1532 870 Almaris.
1549 860 1580 864 —
1594 847 1618 871 3.
1638 847 1684 870 Αη.
1702 847 1773 876 1414,
1787 847 1852 870 Nov.
1869 848 1890 875 7,
1908 846 2103 879 archiepiscopi
2116 848 2271 874 Turonens..

410 903 452 918 nn.
467 895 526 918 1427
542 894 574 917 ad
591 894 678 917 sedem
694 893 873 917 Ebrodunens.
890 892 1021 916 translati.
1034 892 1091 915 Vid.
1109 892 1189 915 vitam
1205 892 1238 914 ab
1254 892 1366 923 ipsomet
1381 891 1543 923 descriptam
1559 891 1584 914 in
1602 891 1672 916 Gall.
1685 891 1791 920 christ„
1808 891 1871 920 xiv,
1887 899 1912 923 p.
1930 892 1984 916 125.

415 1087 539 1124 1788
550 1116 557 1124 .
580 1106 595 1122 «
611 1096 731 1122 Botulus
746 1096 878 1130 magistri
893 1095 1007 1121 Nicolai
1022 1095 1057 1121 de
1075 1094 1257 1129 Clamengiis.
1274 1104 1289 1120 ›>

1633 1138 1706 1167 1403,
1724 1138 1809 1164 vctob.
1826 1139 1862 1168 16,
1879 1138 1986 1165 Sullane.

498 1225 682 1271 Supplicat
711 1225 890 1258 sanctitati
916 1232 1038 1258 vestre
1066 1225 1219 1259 devotus
1245 1225 1433 1258 familiaris
1461 1232 1496 1258 et
1527 1225 1747 1258 secretarius
1776 1232 1898 1259 vester
1921 1226 2092 1260 Nicolaus
2120 1227 2164 1260 de
2192 1226 2272 1261 Cla-

409 1293 578 1337 mengiis,
595 1299 773 1337 quatenus
791 1292 861 1325 sibi
879 1304 942 1337 pro
961 1292 1128 1337 personis
1145 1292 1387 1337 infrascriptis
1408 1292 1543 1337 gratias
1560 1292 1809 1337 infrascriptas
1826 1292 2028 1326 concedere
2045 1293 2269 1338 dignemini:

495 1391 591 1417 Primo
607 1391 734 1418 Johanni
746 1391 856 1422 Erardi,
873 1392 939 1418 cler.
956 1391 1141 1425 Lingonensi.
1158 1391 1210 1425 qui
1222 1399 1274 1424 per
1289 1391 1452 1418 triennium
1467 1392 1531 1425 jura
1546 1399 1610 1417 can.
1628 1391 1751 1417 Parisius
1763 1391 1884 1417 audivit.

494 1441 567 1466 Item
582 1440 710 1466 Johanni
725 1441 825 1470 Belier,
842 1441 909 1467 cler.
926 1441 1055 1467 Trecens.
1071 1441 1157 1470 dioc..
1174 1441 1235 1466 bac.
1253 1441 1283 1466 in
1297 1442 1350 1466 art.

493 1490 638 1515 Toussano
654 1489 799 1523 Vaquierii
814 1490 882 1516 alias
896 1490 932 1516 de
947 1490 1120 1520 Vicinoloco‚
1135 1490 1202 1516 cler.
1220 1490 1391 1516 Bclvacensi.

495 1539 578 1564 Petro
593 1539 751 1565 Charmelli
766 1539 833 1564 alias
847 1539 883 1565 de
898 1539 1027 1572 Mcllayo,
1045 1539 1138 1572 presb.
1157 1539 1352 1565 Bisuntinens.
1370 1539 1444 1565 dioc.

495 1588 643 1614 Francisco
657 1588 825 1621 Patrignon,
842 1588 908 1614 cler.
927 1588 1025 1617 Paris,
1042 1588 1102 1613 bac.
1118 1588 1148 1613 in
1161 1589 1215 1613 art.

495 1636 623 1662 Johanni
635 1637 670 1662 de
684 1637 778 1666 Porta,
795 1637 861 1663 cler.
877 1637 1051 1670 Lingonens.
1069 1637 1155 1664 dioc..
1168 1637 1228 1662 bac.
1246 1636 1277 1662 in
1290 1639 1344 1662 art.
1873 1638 1911 1673 [6]

496 1725 570 1758 Fiat
590 1737 655 1770 pro
677 1725 858 1758 omnibus.
882 1726 920 1758 L.
947 1746 989 1749 ——
1017 1727 1094 1758 Dat.
1117 1725 1262 1758 Sallone
1283 1725 1486 1759 Arelatens.
1511 1726 1604 1758 dioc.
1628 1725 1928 1771 decimoseptimo
1957 1725 2025 1759 kal.
2053 1725 2269 1760 Novembris

406 1804 498 1825 anno
521 1792 673 1834 decimo,
692 1792 736 1825 ad
756 1799 920 1825 vacatura
943 1799 1024 1837 post
1045 1792 1171 1837 quinto
1193 1805 1278 1825 non.
1301 1792 1471 1826 Octobris
1492 1805 1586 1826 anno
1609 1805 1680 1838 quo
1702 1805 1822 1838 supra.

498 1891 559 1921 Reg.
575 1891 668 1921 Suppl.
687 1890 783 1913 Bened.
800 1891 867 1919 xm,
885 1895 914 1913 n⁰
928 1892 967 1918 97,
984 1890 1030 1914 sol.
1046 1891 1101 1914 182.

411 2082 549 2119 1789.
572 2101 587 2117 ‹<
602 2092 722 2117 Botulus
738 2093 940 2126 magistrorum
952 2093 1105 2127 facultatis
1122 2093 1260 2119 medicine
1275 2094 1462 2120 Parisiensis.
1479 2103 1494 2120 »

1620 2138 1696 2167 1403,
1714 2138 1800 2164 Octob.
1819 2139 1857 2167 18,
1871 2138 1978 2164 Sullane.

494 2222 704 2267 Supplicant
734 2223 768 2256 S.
795 2225 838 2256 V.
870 2222 1026 2256 humiles
1057 2230 1091 2256 et
1123 2224 1243 2257 devoti
1277 2225 1389 2258 vestri
1423 2225 1643 2271 infrascripti
1678 2227 1842 2272 magistri
1875 2226 2055 2260 facultatis
2089 2227 2269 2260 medicine

404 2289 596 2322 Parisiens.
616 2289 676 2334 qui
698 2302 715 2322 a
737 2296 899 2334 tempore
920 2291 1180 2335 assumptionis
1197 2298 1316 2324 vestre
1338 2292 1381 2325 ad
1402 2293 1539 2337 apicem
1562 2294 1692 2326 summi
1713 2294 1937 2339 apostolatus
1959 2305 2104 2339 semper
2123 2294 2271 2328 fuerunt

403 2355 531 2388 fideles
553 2356 715 2400 ejusdem
739 2357 938 2389 sanctitatis
960 2356 1219 2390 substractioni
1248 2360 1291 2391 V.
1315 2359 1349 2391 S.
1372 2360 1464 2392 facte
1492 2360 1578 2393 totis
1599 2360 1740 2393 viribus
1761 2361 1983 2401 resistendo,
2015 2367 2050 2394 et
2076 2367 2267 2406 postquam

403 2423 491 2455 facta
511 2422 589 2463 suit,
613 2435 688 2455 eam
721 2429 755 2455 et
780 2435 850 2468 que
874 2424 959 2456 inde
986 2431 1107 2456 secuta
1135 2431 1218 2457 sunt
1245 2425 1483 2470 reprobantes
1509 2433 1544 2459 et
1570 2427 1613 2460 ad
1640 2428 1907 2461 restitutionem
1936 2427 2146 2461 obedientie
2170 2429 2210 2460 E.
2230 2428 2266 2462 S.

402 2489 625 2530 facienda[m]
651 2489 804 2522 viriliter
829 2489 1055 2531 laborarunt3
1080 2497 1227 2536 propter
1251 2492 1347 2536 quod
1369 2493 1516 2526 suerunt
1540 2493 1711 2538 vilipensi
1732 2495 1769 2527 in
1790 2494 1980 2527 beneficiis
2002 2500 2037 2527 et
2065 2493 2268 2528 honoribus

405 2555 613 2589 obtinendis
633 2568 639 2588 :
659 2563 836 2601 quatenus
858 2554 911 2589 eis
937 2557 1071 2602 gratias
1092 2558 1270 2602 speciales
1291 2560 1532 2603 expectativas
1553 2561 1756 2594 concedere
1778 2561 1979 2607 dignemini
2005 2561 2266 2607 infrascriptae.

404 2622 493 2655 Cum
516 2622 684 2655 omnibus
705 2635 777 2656 non
794 2623 1024 2657 obstantibus
1046 2631 1081 2656 et
1100 2624 1274 2658 clausulis
1295 2627 1524 2671 opportunis.

492 2722 526 2747 Et
541 2722 637 2755 primo
653 2722 810 2749 Guillelmo
826 2723 979 2749 Boucherii
994 2723 1025 2749 in
1041 2731 1196 2757 personam
1211 2723 1310 2751 dilecti
1325 2725 1370 2751 sui
1385 2725 1438 2751 filii
1454 2725 1587 2752 Guiberti
1603 2726 1767 2754 Boucherii.
1784 2727 1850 2754 cler.
1867 2727 1965 2758 Paris.‚
1980 2727 2026 2754 lic.
2043 2727 2075 2754 in
2088 2728 2144 2761 leg.
2161 2729 2190 2754 et
2204 2727 2266 2754 hac.

402 2770 432 2796 in
449 2771 551 2796 decr...
562 2770 581 2796 ⁴.

493 2863 568 2895 Fiat
596 2874 660 2907 pro
689 2863 870 2897 omnibus.
900 2866 937 2896 L.
964 2885 1008 2889 —
1035 2865 1119 2898 Sine
1147 2865 1213 2899 alia
1243 2866 1399 2899 lectione
1426 2879 1492 2912 pro
1519 2867 1700 2901 omnibus.
1727 2889 1771 2893 —
1798 2869 1872 2901 Fiat
1894 2870 1931 2901 L.
1955 2889 1999 2894 —
2021 2869 2099 2902 Dat.
2123 2868 2267 2902 Sallone
