<?xml version="1.0" encoding="UTF-8"?>
<!DOCTYPE html PUBLIC "-//W3C//DTD XHTML 1.0 Transitional//EN"
    "http://www.w3.org/TR/xhtml1/DTD/xhtml1-transitional.dtd">
<html xmlns="http://www.w3.org/1999/xhtml" xml:lang="en" lang="en">
 <head>
  <title>
</title>
<meta http-equiv="Content-Type" content="text/html;charset=utf-8" />
  <meta name='ocr-system' content='tesseract 3.04.00' />
  <meta name='ocr-capabilities' content='ocr_page ocr_carea ocr_par ocr_line ocrx_word'/>
</head>
<body>
  <div class='ocr_page' id='page_1' title='image "./chartulariumuniv04univuoft_0298.png"; bbox 0 0 2502 3418; ppageno 0'>
   <div class='ocr_carea' id='block_1_1' title="bbox 391 313 2265 353">
    <p class='ocr_par' dir='ltr' id='par_1_1' title="bbox 391 313 2265 353">
     <span class='ocr_line' id='line_1_1' title="bbox 391 313 2265 353; baseline -0.003 0"><span class='ocrx_word' id='word_1_1' title='bbox 391 322 455 353; x_wconf 82' lang='lat'>254</span> <span class='ocrx_word' id='word_1_2' title='bbox 971 329 1290 351; x_wconf 65' lang='lat' dir='ltr'>cuAnTnLAalum</span> <span class='ocrx_word' id='word_1_3' title='bbox 1324 328 1517 350; x_wconf 77' lang='lat' dir='ltr'>UNIVERS.</span> <span class='ocrx_word' id='word_1_4' title='bbox 1554 327 1684 349; x_wconf 74' lang='lat' dir='ltr'><strong>PARIS.</strong></span> <span class='ocrx_word' id='word_1_5' title='bbox 2166 313 2265 351; x_wconf 87' lang='lat'>[1413</span> 
     </span>
    </p>
   </div>
   <div class='ocr_carea' id='block_1_2' title="bbox 392 394 2274 1846">
    <p class='ocr_par' dir='ltr' id='par_1_2' title="bbox 392 394 2274 1716">
     <span class='ocr_line' id='line_1_2' title="bbox 393 394 2266 449; baseline -0.003 -11"><span class='ocrx_word' id='word_1_6' title='bbox 393 413 428 439; x_wconf 87' lang='lat' dir='ltr'>et</span> <span class='ocrx_word' id='word_1_7' title='bbox 449 405 522 438; x_wconf 82' lang='lat' dir='ltr'>filie</span> <span class='ocrx_word' id='word_1_8' title='bbox 544 412 666 438; x_wconf 78' lang='lat' dir='ltr'>vestre</span> <span class='ocrx_word' id='word_1_9' title='bbox 687 405 843 449; x_wconf 87' lang='lat' dir='ltr'>dampno</span> <span class='ocrx_word' id='word_1_10' title='bbox 863 403 1091 448; x_wconf 74' lang='lat' dir='ltr'>irreparabili</span> <span class='ocrx_word' id='word_1_11' title='bbox 1114 415 1153 436; x_wconf 88' lang='lat' dir='ltr'>ac</span> <span class='ocrx_word' id='word_1_12' title='bbox 1175 404 1450 448; x_wconf 87' lang='lat' dir='ltr'>suppositorum</span> <span class='ocrx_word' id='word_1_13' title='bbox 1473 402 1591 447; x_wconf 86' lang='lat' dir='ltr'>ipsius</span> <span class='ocrx_word' id='word_1_14' title='bbox 1613 409 1681 435; x_wconf 90' lang='lat' dir='ltr'>tam</span> <span class='ocrx_word' id='word_1_15' title='bbox 1708 402 1810 446; x_wconf 85' lang='lat' dir='ltr'>gravi</span> <span class='ocrx_word' id='word_1_16' title='bbox 1838 394 2054 446; x_wconf 70' lang='lat' dir='ltr'>prejudicio,</span> <span class='ocrx_word' id='word_1_17' title='bbox 2078 401 2266 446; x_wconf 85' lang='lat' dir='ltr'>potissime</span> 
     </span>
     <span class='ocr_line' id='line_1_3' title="bbox 393 467 2266 516; baseline -0.003 -11"><span class='ocrx_word' id='word_1_18' title='bbox 393 484 516 505; x_wconf 89' lang='lat' dir='ltr'>eorum</span> <span class='ocrx_word' id='word_1_19' title='bbox 541 472 602 516; x_wconf 91' lang='lat' dir='ltr'>qui</span> <span class='ocrx_word' id='word_1_20' title='bbox 624 471 718 504; x_wconf 91' lang='lat' dir='ltr'>dicte</span> <span class='ocrx_word' id='word_1_21' title='bbox 739 471 993 504; x_wconf 84' lang='lat' dir='ltr'>concessionis</span> <span class='ocrx_word' id='word_1_22' title='bbox 1015 471 1142 515; x_wconf 84' lang='lat' dir='ltr'>vigore</span> <span class='ocrx_word' id='word_1_23' title='bbox 1165 469 1354 502; x_wconf 72' lang='lat' dir='ltr'>actualiter</span> <span class='ocrx_word' id='word_1_24' title='bbox 1370 471 1433 514; x_wconf 89' lang='lat' dir='ltr'>jus</span> <span class='ocrx_word' id='word_1_25' title='bbox 1455 469 1624 513; x_wconf 88' lang='lat' dir='ltr'>quesiere</span> <span class='ocrx_word' id='word_1_26' title='bbox 1645 469 1681 500; x_wconf 93' lang='lat' dir='ltr'>in</span> <span class='ocrx_word' id='word_1_27' title='bbox 1703 467 1887 512; x_wconf 85' lang='lat' dir='ltr'>aliquibus</span> <span class='ocrx_word' id='word_1_28' title='bbox 1908 467 2110 508; x_wconf 70' lang='lat' dir='ltr'>beneficiis7</span> <span class='ocrx_word' id='word_1_29' title='bbox 2135 474 2174 500; x_wconf 90' lang='lat' dir='ltr'>ut</span> <span class='ocrx_word' id='word_1_30' title='bbox 2194 479 2266 500; x_wconf 90' lang='lat' dir='ltr'>non</span> 
     </span>
     <span class='ocr_line' id='line_1_4' title="bbox 394 534 2267 583; baseline -0.003 -12"><span class='ocrx_word' id='word_1_31' title='bbox 394 540 441 572; x_wconf 85' lang='lat' dir='ltr'>sit</span> <span class='ocrx_word' id='word_1_32' title='bbox 470 538 686 583; x_wconf 83' lang='lat' dir='ltr'>explicabile</span> <span class='ocrx_word' id='word_1_33' title='bbox 708 538 818 570; x_wconf 91' lang='lat' dir='ltr'>dictu.</span> <span class='ocrx_word' id='word_1_34' title='bbox 843 538 900 570; x_wconf 89' lang='lat' dir='ltr'>Sic</span> <span class='ocrx_word' id='word_1_35' title='bbox 922 541 1115 581; x_wconf 84' lang='lat' dir='ltr'>nam[que],</span> <span class='ocrx_word' id='word_1_36' title='bbox 1144 543 1245 581; x_wconf 88' lang='lat' dir='ltr'>pater</span> <span class='ocrx_word' id='word_1_37' title='bbox 1270 536 1572 575; x_wconf 79' lang='lat' dir='ltr'>clementissime,</span> <span class='ocrx_word' id='word_1_38' title='bbox 1599 534 1779 567; x_wconf 87' lang='lat' dir='ltr'>indultum</span> <span class='ocrx_word' id='word_1_39' title='bbox 1807 536 1851 567; x_wconf 91' lang='lat' dir='ltr'>V.</span> <span class='ocrx_word' id='word_1_40' title='bbox 1876 534 1911 567; x_wconf 92' lang='lat' dir='ltr'>S.</span> <span class='ocrx_word' id='word_1_41' title='bbox 1939 546 2004 579; x_wconf 91' lang='lat' dir='ltr'>pro</span> <span class='ocrx_word' id='word_1_42' title='bbox 2031 534 2133 567; x_wconf 90' lang='lat' dir='ltr'>nullo</span> <span class='ocrx_word' id='word_1_43' title='bbox 2159 546 2267 579; x_wconf 82' lang='lat' dir='ltr'>repu—</span> 
     </span>
     <span class='ocr_line' id='line_1_5' title="bbox 395 600 2267 649; baseline -0.003 -11"><span class='ocrx_word' id='word_1_44' title='bbox 395 612 529 638; x_wconf 85' lang='lat' dir='ltr'>taretur</span> <span class='ocrx_word' id='word_1_45' title='bbox 557 611 725 649; x_wconf 86' lang='lat' dir='ltr'>tantaque</span> <span class='ocrx_word' id='word_1_46' title='bbox 753 605 912 637; x_wconf 82' lang='lat' dir='ltr'>fenestra</span> <span class='ocrx_word' id='word_1_47' title='bbox 942 604 1129 648; x_wconf 84' lang='lat' dir='ltr'>patefieret</span> <span class='ocrx_word' id='word_1_48' title='bbox 1156 602 1299 635; x_wconf 84' lang='lat' dir='ltr'>malicie</span> <span class='ocrx_word' id='word_1_49' title='bbox 1328 609 1363 634; x_wconf 87' lang='lat' dir='ltr'>et</span> <span class='ocrx_word' id='word_1_50' title='bbox 1391 601 1616 646; x_wconf 79' lang='lat' dir='ltr'>improbitati</span> <span class='ocrx_word' id='word_1_51' title='bbox 1647 601 1691 633; x_wconf 90' lang='lat' dir='ltr'>de</span> <span class='ocrx_word' id='word_1_52' title='bbox 1719 600 1925 633; x_wconf 82' lang='lat' dir='ltr'>consimilia</span> <span class='ocrx_word' id='word_1_53' title='bbox 1946 600 2146 633; x_wconf 91' lang='lat' dir='ltr'>obtinendo</span> <span class='ocrx_word' id='word_1_54' title='bbox 2172 601 2267 646; x_wconf 85' lang='lat' dir='ltr'>apud</span> 
     </span>
     <span class='ocr_line' id='line_1_6' title="bbox 394 667 2264 714; baseline -0.003 -9"><span class='ocrx_word' id='word_1_55' title='bbox 394 684 535 711; x_wconf 80' lang='lat' dir='ltr'>omnes,</span> <span class='ocrx_word' id='word_1_56' title='bbox 558 679 596 704; x_wconf 91' lang='lat' dir='ltr'>ut</span> <span class='ocrx_word' id='word_1_57' title='bbox 616 671 759 704; x_wconf 87' lang='lat' dir='ltr'>tandem</span> <span class='ocrx_word' id='word_1_58' title='bbox 782 671 1007 703; x_wconf 87' lang='lat' dir='ltr'>infructuosa</span> <span class='ocrx_word' id='word_1_59' title='bbox 1030 669 1176 714; x_wconf 83' lang='lat' dir='ltr'>penitus</span> <span class='ocrx_word' id='word_1_60' title='bbox 1202 669 1419 701; x_wconf 81' lang='lat' dir='ltr'>redderetur</span> <span class='ocrx_word' id='word_1_61' title='bbox 1440 668 1751 700; x_wconf 87' lang='lat' dir='ltr'>desideratissima</span> <span class='ocrx_word' id='word_1_62' title='bbox 1772 667 2035 712; x_wconf 80' lang='lat' dir='ltr'>vestregratie</span> <span class='ocrx_word' id='word_1_63' title='bbox 2060 667 2264 700; x_wconf 85' lang='lat' dir='ltr'>concessio.</span> 
     </span>
     <span class='ocr_line' id='line_1_7' title="bbox 397 725 2267 783; baseline -0.003 -12"><span class='ocrx_word' id='word_1_64' title='bbox 397 741 435 771; x_wconf 83' lang='lat' dir='ltr'>Et</span> <span class='ocrx_word' id='word_1_65' title='bbox 459 751 542 771; x_wconf 91' lang='lat' dir='ltr'>ecce</span> <span class='ocrx_word' id='word_1_66' title='bbox 564 738 719 783; x_wconf 86' lang='lat' dir='ltr'>amplius</span> <span class='ocrx_word' id='word_1_67' title='bbox 740 738 822 770; x_wconf 87' lang='lat' dir='ltr'>fons</span> <span class='ocrx_word' id='word_1_68' title='bbox 844 737 959 769; x_wconf 86' lang='lat' dir='ltr'>litium</span> <span class='ocrx_word' id='word_1_69' title='bbox 979 743 1085 780; x_wconf 89' lang='lat' dir='ltr'>atque</span> <span class='ocrx_word' id='word_1_70' title='bbox 1106 735 1359 768; x_wconf 85' lang='lat' dir='ltr'>turbacionum</span> <span class='ocrx_word' id='word_1_71' title='bbox 1382 735 1418 767; x_wconf 92' lang='lat' dir='ltr'>in</span> <span class='ocrx_word' id='word_1_72' title='bbox 1440 734 1692 767; x_wconf 84' lang='lat' dir='ltr'>ecclesiastico</span> <span class='ocrx_word' id='word_1_73' title='bbox 1709 725 1863 778; x_wconf 85' lang='lat' dir='ltr'>corpore</span> <span class='ocrx_word' id='word_1_74' title='bbox 1880 734 2065 775; x_wconf 81' lang='lat' dir='ltr'>scaturiet,</span> <span class='ocrx_word' id='word_1_75' title='bbox 2083 734 2180 767; x_wconf 91' lang='lat' dir='ltr'>unde</span> <span class='ocrx_word' id='word_1_76' title='bbox 2202 746 2267 779; x_wconf 87' lang='lat' dir='ltr'>pax</span> 
     </span>
     <span class='ocr_line' id='line_1_8' title="bbox 396 800 2267 850; baseline -0.002 -12"><span class='ocrx_word' id='word_1_77' title='bbox 396 805 607 850; x_wconf 88' lang='lat' dir='ltr'>transquilla</span> <span class='ocrx_word' id='word_1_78' title='bbox 630 811 665 837; x_wconf 89' lang='lat' dir='ltr'>et</span> <span class='ocrx_word' id='word_1_79' title='bbox 684 804 907 848; x_wconf 87' lang='lat' dir='ltr'>amplissima</span> <span class='ocrx_word' id='word_1_80' title='bbox 930 802 1205 835; x_wconf 81' lang='lat' dir='ltr'>scolasticorum</span> <span class='ocrx_word' id='word_1_81' title='bbox 1232 801 1392 834; x_wconf 89' lang='lat' dir='ltr'>virorum</span> <span class='ocrx_word' id='word_1_82' title='bbox 1416 801 1578 845; x_wconf 85' lang='lat' dir='ltr'>provisio</span> <span class='ocrx_word' id='word_1_83' title='bbox 1604 800 1860 833; x_wconf 84' lang='lat' dir='ltr'>credebantur.</span> <span class='ocrx_word' id='word_1_84' title='bbox 1888 800 2030 843; x_wconf 86' lang='lat' dir='ltr'>Quibus</span> <span class='ocrx_word' id='word_1_85' title='bbox 2052 800 2267 845; x_wconf 86' lang='lat' dir='ltr'>diligentius</span> 
     </span>
     <span class='ocr_line' id='line_1_9' title="bbox 394 867 2266 916; baseline -0.003 -11"><span class='ocrx_word' id='word_1_86' title='bbox 394 872 541 905; x_wconf 83' lang='lat' dir='ltr'>attentis</span> <span class='ocrx_word' id='word_1_87' title='bbox 563 872 827 916; x_wconf 85' lang='lat' dir='ltr'>cupientesque</span> <span class='ocrx_word' id='word_1_88' title='bbox 848 869 981 902; x_wconf 85' lang='lat' dir='ltr'>suturis</span> <span class='ocrx_word' id='word_1_89' title='bbox 1012 868 1207 913; x_wconf 85' lang='lat' dir='ltr'>providere</span> <span class='ocrx_word' id='word_1_90' title='bbox 1237 867 1412 913; x_wconf 87' lang='lat' dir='ltr'>periculis</span> <span class='ocrx_word' id='word_1_91' title='bbox 1438 874 1474 900; x_wconf 93' lang='lat' dir='ltr'>et</span> <span class='ocrx_word' id='word_1_92' title='bbox 1499 867 1606 900; x_wconf 87' lang='lat' dir='ltr'>nobis</span> <span class='ocrx_word' id='word_1_93' title='bbox 1634 867 1725 912; x_wconf 86' lang='lat' dir='ltr'>ipsis</span> <span class='ocrx_word' id='word_1_94' title='bbox 1753 867 1959 909; x_wconf 79' lang='lat' dir='ltr'>consulere,</span> <span class='ocrx_word' id='word_1_95' title='bbox 1982 867 2266 900; x_wconf 88' lang='lat' dir='ltr'>clementissime</span> 
     </span>
     <span class='ocr_line' id='line_1_10' title="bbox 395 934 2266 984; baseline -0.003 -12"><span class='ocrx_word' id='word_1_96' title='bbox 395 939 601 984; x_wconf 85' lang='lat' dir='ltr'>paternitati</span> <span class='ocrx_word' id='word_1_97' title='bbox 625 944 745 970; x_wconf 79' lang='lat' dir='ltr'>vestre</span> <span class='ocrx_word' id='word_1_98' title='bbox 768 936 997 969; x_wconf 87' lang='lat' dir='ltr'>decrevimus</span> <span class='ocrx_word' id='word_1_99' title='bbox 1023 935 1201 980; x_wconf 83' lang='lat' dir='ltr'>premissa</span> <span class='ocrx_word' id='word_1_100' title='bbox 1223 934 1342 967; x_wconf 89' lang='lat' dir='ltr'>omnia</span> <span class='ocrx_word' id='word_1_101' title='bbox 1364 946 1443 967; x_wconf 89' lang='lat' dir='ltr'>cum</span> <span class='ocrx_word' id='word_1_102' title='bbox 1467 934 1565 966; x_wconf 92' lang='lat' dir='ltr'>omni</span> <span class='ocrx_word' id='word_1_103' title='bbox 1593 934 1795 967; x_wconf 89' lang='lat' dir='ltr'>humilitate</span> <span class='ocrx_word' id='word_1_104' title='bbox 1817 934 1990 979; x_wconf 86' lang='lat' dir='ltr'>detegere</span> <span class='ocrx_word' id='word_1_105' title='bbox 2012 941 2047 967; x_wconf 91' lang='lat' dir='ltr'>et</span> <span class='ocrx_word' id='word_1_106' title='bbox 2066 934 2266 976; x_wconf 75' lang='lat' dir='ltr'>insinuare,</span> 
     </span>
     <span class='ocr_line' id='line_1_11' title="bbox 395 1000 2268 1048; baseline -0.003 -10"><span class='ocrx_word' id='word_1_107' title='bbox 395 1006 631 1039; x_wconf 85' lang='lat' dir='ltr'>obsecrantes</span> <span class='ocrx_word' id='word_1_108' title='bbox 658 1004 701 1036; x_wconf 91' lang='lat' dir='ltr'>ad</span> <span class='ocrx_word' id='word_1_109' title='bbox 731 1003 864 1048; x_wconf 87' lang='lat' dir='ltr'>pedum</span> <span class='ocrx_word' id='word_1_110' title='bbox 890 1002 1015 1035; x_wconf 88' lang='lat' dir='ltr'>oscula</span> <span class='ocrx_word' id='word_1_111' title='bbox 1045 1001 1234 1034; x_wconf 78' lang='lat' dir='ltr'>beatorum</span> <span class='ocrx_word' id='word_1_112' title='bbox 1262 1013 1341 1034; x_wconf 91' lang='lat' dir='ltr'>cum</span> <span class='ocrx_word' id='word_1_113' title='bbox 1369 1001 1468 1034; x_wconf 86' lang='lat' dir='ltr'>omni</span> <span class='ocrx_word' id='word_1_114' title='bbox 1496 1001 1692 1034; x_wconf 87' lang='lat' dir='ltr'>devotione</span> <span class='ocrx_word' id='word_1_115' title='bbox 1718 1001 1830 1041; x_wconf 76' lang='lat' dir='ltr'>filiali,</span> <span class='ocrx_word' id='word_1_116' title='bbox 1858 1001 2028 1046; x_wconf 84' lang='lat' dir='ltr'>quatinus</span> <span class='ocrx_word' id='word_1_117' title='bbox 2058 1000 2268 1046; x_wconf 86' lang='lat' dir='ltr'>hujusmodi</span> 
     </span>
     <span class='ocr_line' id='line_1_12' title="bbox 395 1067 2268 1118; baseline -0.003 -13"><span class='ocrx_word' id='word_1_118' title='bbox 395 1072 624 1118; x_wconf 82' lang='lat' dir='ltr'>prerogative</span> <span class='ocrx_word' id='word_1_119' title='bbox 646 1082 860 1103; x_wconf 87' lang='lat' dir='ltr'>concessum</span> <span class='ocrx_word' id='word_1_120' title='bbox 883 1069 1120 1113; x_wconf 83' lang='lat' dir='ltr'>integerrime</span> <span class='ocrx_word' id='word_1_121' title='bbox 1142 1080 1361 1101; x_wconf 87' lang='lat' dir='ltr'>conservare</span> <span class='ocrx_word' id='word_1_122' title='bbox 1382 1075 1417 1101; x_wconf 88' lang='lat' dir='ltr'>et</span> <span class='ocrx_word' id='word_1_123' title='bbox 1439 1075 1674 1101; x_wconf 85' lang='lat' dir='ltr'>manutenere</span> <span class='ocrx_word' id='word_1_124' title='bbox 1696 1068 1868 1113; x_wconf 85' lang='lat' dir='ltr'>dignetur</span> <span class='ocrx_word' id='word_1_125' title='bbox 1888 1068 1925 1100; x_wconf 92' lang='lat' dir='ltr'>in</span> <span class='ocrx_word' id='word_1_126' title='bbox 1953 1080 2017 1101; x_wconf 84' lang='lat' dir='ltr'>sua</span> <span class='ocrx_word' id='word_1_127' title='bbox 2042 1067 2187 1101; x_wconf 89' lang='lat' dir='ltr'>roboris</span> <span class='ocrx_word' id='word_1_128' title='bbox 2209 1068 2268 1101; x_wconf 84' lang='lat' dir='ltr'>fir-</span> 
     </span>
     <span class='ocr_line' id='line_1_13' title="bbox 396 1135 2269 1182; baseline -0.002 -11"><span class='ocrx_word' id='word_1_129' title='bbox 396 1139 532 1176; x_wconf 71' lang='lat' dir='ltr'>mitate,</span> <span class='ocrx_word' id='word_1_130' title='bbox 564 1137 763 1182; x_wconf 82' lang='lat' dir='ltr'>indulgens</span> <span class='ocrx_word' id='word_1_131' title='bbox 792 1142 913 1169; x_wconf 89' lang='lat' dir='ltr'>vestra</span> <span class='ocrx_word' id='word_1_132' title='bbox 946 1135 1133 1168; x_wconf 86' lang='lat' dir='ltr'>beatitudo</span> <span class='ocrx_word' id='word_1_133' title='bbox 1163 1135 1242 1168; x_wconf 89' lang='lat' dir='ltr'>sine</span> <span class='ocrx_word' id='word_1_134' title='bbox 1275 1135 1520 1168; x_wconf 79' lang='lat' dir='ltr'>declaratione</span> <span class='ocrx_word' id='word_1_135' title='bbox 1551 1135 1608 1167; x_wconf 92' lang='lat' dir='ltr'>vel</span> <span class='ocrx_word' id='word_1_136' title='bbox 1641 1135 1942 1180; x_wconf 86' lang='lat' dir='ltr'>interpretatione</span> <span class='ocrx_word' id='word_1_137' title='bbox 1977 1135 2170 1175; x_wconf 77' lang='lat' dir='ltr'>contraria,</span> <span class='ocrx_word' id='word_1_138' title='bbox 2203 1147 2269 1168; x_wconf 88' lang='lat' dir='ltr'>nec</span> 
     </span>
     <span class='ocr_line' id='line_1_14' title="bbox 392 1202 2270 1248; baseline -0.002 -10"><span class='ocrx_word' id='word_1_139' title='bbox 392 1205 520 1238; x_wconf 88' lang='lat' dir='ltr'>amodo</span> <span class='ocrx_word' id='word_1_140' title='bbox 541 1205 708 1237; x_wconf 87' lang='lat' dir='ltr'>conferre</span> <span class='ocrx_word' id='word_1_141' title='bbox 730 1204 896 1248; x_wconf 85' lang='lat' dir='ltr'>cuiquam</span> <span class='ocrx_word' id='word_1_142' title='bbox 916 1202 1089 1247; x_wconf 83' lang='lat' dir='ltr'>dignetur</span> <span class='ocrx_word' id='word_1_143' title='bbox 1110 1202 1206 1235; x_wconf 88' lang='lat' dir='ltr'>idem</span> <span class='ocrx_word' id='word_1_144' title='bbox 1230 1202 1409 1234; x_wconf 87' lang='lat' dir='ltr'>indultum</span> <span class='ocrx_word' id='word_1_145' title='bbox 1434 1202 1470 1234; x_wconf 90' lang='lat' dir='ltr'>in</span> <span class='ocrx_word' id='word_1_146' title='bbox 1492 1202 1735 1246; x_wconf 86' lang='lat' dir='ltr'>prejudicium</span> <span class='ocrx_word' id='word_1_147' title='bbox 1759 1214 1898 1243; x_wconf 72' lang='lat' dir='ltr'>eorum,</span> <span class='ocrx_word' id='word_1_148' title='bbox 1917 1202 1961 1234; x_wconf 85' lang='lat' dir='ltr'>ad</span> <span class='ocrx_word' id='word_1_149' title='bbox 1978 1213 2071 1246; x_wconf 91' lang='lat' dir='ltr'>quos</span> <span class='ocrx_word' id='word_1_150' title='bbox 2093 1214 2136 1235; x_wconf 86' lang='lat' dir='ltr'>ex</span> <span class='ocrx_word' id='word_1_151' title='bbox 2156 1202 2270 1235; x_wconf 89' lang='lat' dir='ltr'>forma</span> 
     </span>
     <span class='ocr_line' id='line_1_15' title="bbox 394 1269 2273 1316; baseline -0.002 -11"><span class='ocrx_word' id='word_1_152' title='bbox 394 1279 428 1305; x_wconf 90' lang='lat' dir='ltr'>et</span> <span class='ocrx_word' id='word_1_153' title='bbox 450 1279 575 1305; x_wconf 88' lang='lat' dir='ltr'>tenore</span> <span class='ocrx_word' id='word_1_154' title='bbox 597 1271 714 1316; x_wconf 85' lang='lat' dir='ltr'>ipsius</span> <span class='ocrx_word' id='word_1_155' title='bbox 736 1271 851 1303; x_wconf 90' lang='lat' dir='ltr'>solum</span> <span class='ocrx_word' id='word_1_156' title='bbox 877 1270 1061 1314; x_wconf 89' lang='lat' dir='ltr'>pertinere</span> <span class='ocrx_word' id='word_1_157' title='bbox 1078 1269 1329 1313; x_wconf 66' lang='lat' dir='ltr'>dignoscitur3</span> <span class='ocrx_word' id='word_1_158' title='bbox 1354 1269 1498 1302; x_wconf 88' lang='lat' dir='ltr'>demum</span> <span class='ocrx_word' id='word_1_159' title='bbox 1521 1269 1775 1302; x_wconf 85' lang='lat' dir='ltr'>concessionis</span> <span class='ocrx_word' id='word_1_160' title='bbox 1795 1270 1932 1314; x_wconf 87' lang='lat' dir='ltr'>prefate</span> <span class='ocrx_word' id='word_1_161' title='bbox 1949 1269 2134 1302; x_wconf 88' lang='lat' dir='ltr'>decretum</span> <span class='ocrx_word' id='word_1_162' title='bbox 2154 1269 2273 1302; x_wconf 87' lang='lat' dir='ltr'>taliter</span> 
     </span>
     <span class='ocr_line' id='line_1_16' title="bbox 394 1336 2270 1381; baseline -0.002 -9"><span class='ocrx_word' id='word_1_163' title='bbox 394 1339 608 1372; x_wconf 84' lang='lat' dir='ltr'>confirmare</span> <span class='ocrx_word' id='word_1_164' title='bbox 636 1345 671 1371; x_wconf 90' lang='lat' dir='ltr'>et</span> <span class='ocrx_word' id='word_1_165' title='bbox 700 1337 887 1377; x_wconf 70' lang='lat' dir='ltr'>roborare,</span> <span class='ocrx_word' id='word_1_166' title='bbox 912 1336 1009 1380; x_wconf 92' lang='lat' dir='ltr'>quod</span> <span class='ocrx_word' id='word_1_167' title='bbox 1037 1336 1067 1369; x_wconf 90' lang='lat' dir='ltr'>si</span> <span class='ocrx_word' id='word_1_168' title='bbox 1093 1348 1157 1381; x_wconf 91' lang='lat' dir='ltr'>per</span> <span class='ocrx_word' id='word_1_169' title='bbox 1185 1336 1354 1369; x_wconf 83' lang='lat' dir='ltr'>infestam</span> <span class='ocrx_word' id='word_1_170' title='bbox 1383 1336 1583 1381; x_wconf 87' lang='lat' dir='ltr'>petentium</span> <span class='ocrx_word' id='word_1_171' title='bbox 1612 1336 1922 1381; x_wconf 88' lang='lat' dir='ltr'>importunitatem</span> <span class='ocrx_word' id='word_1_172' title='bbox 1951 1336 2008 1369; x_wconf 92' lang='lat' dir='ltr'>vel</span> <span class='ocrx_word' id='word_1_173' title='bbox 2039 1336 2140 1377; x_wconf 79' lang='lat' dir='ltr'>alias,</span> <span class='ocrx_word' id='word_1_174' title='bbox 2173 1336 2270 1381; x_wconf 91' lang='lat' dir='ltr'>quod</span> 
     </span>
     <span class='ocr_line' id='line_1_17' title="bbox 394 1402 2274 1448; baseline -0.001 -10"><span class='ocrx_word' id='word_1_175' title='bbox 394 1406 499 1446; x_wconf 72' lang='lat' dir='ltr'>absit,</span> <span class='ocrx_word' id='word_1_176' title='bbox 519 1406 555 1437; x_wconf 90' lang='lat' dir='ltr'>in</span> <span class='ocrx_word' id='word_1_177' title='bbox 572 1404 793 1437; x_wconf 87' lang='lat' dir='ltr'>contrarium</span> <span class='ocrx_word' id='word_1_178' title='bbox 812 1403 951 1448; x_wconf 90' lang='lat' dir='ltr'>aliquid</span> <span class='ocrx_word' id='word_1_179' title='bbox 968 1403 1204 1444; x_wconf 78' lang='lat' dir='ltr'>concedatur,</span> <span class='ocrx_word' id='word_1_180' title='bbox 1222 1403 1388 1447; x_wconf 84' lang='lat' dir='ltr'>quasset¹</span> <span class='ocrx_word' id='word_1_181' title='bbox 1412 1403 1571 1448; x_wconf 72' lang='lat' dir='ltr'>penitus,</span> <span class='ocrx_word' id='word_1_182' title='bbox 1591 1403 1733 1435; x_wconf 89' lang='lat' dir='ltr'>irritum</span> <span class='ocrx_word' id='word_1_183' title='bbox 1756 1415 1798 1435; x_wconf 86' lang='lat' dir='ltr'>ex</span> <span class='ocrx_word' id='word_1_184' title='bbox 1820 1415 1916 1435; x_wconf 84' lang='lat' dir='ltr'>nunc</span> <span class='ocrx_word' id='word_1_185' title='bbox 1933 1403 2038 1435; x_wconf 88' lang='lat' dir='ltr'>faciat</span> <span class='ocrx_word' id='word_1_186' title='bbox 2059 1409 2094 1435; x_wconf 90' lang='lat' dir='ltr'>et</span> <span class='ocrx_word' id='word_1_187' title='bbox 2109 1402 2274 1436; x_wconf 80' lang='lat' dir='ltr'>adnullet</span> 
     </span>
     <span class='ocr_line' id='line_1_18' title="bbox 396 1469 2270 1516; baseline -0.002 -10"><span class='ocrx_word' id='word_1_188' title='bbox 396 1480 430 1506; x_wconf 91' lang='lat' dir='ltr'>et</span> <span class='ocrx_word' id='word_1_189' title='bbox 457 1472 585 1505; x_wconf 78' lang='lat' dir='ltr'>habeat</span> <span class='ocrx_word' id='word_1_190' title='bbox 614 1484 678 1516; x_wconf 92' lang='lat' dir='ltr'>pro</span> <span class='ocrx_word' id='word_1_191' title='bbox 700 1483 773 1504; x_wconf 92' lang='lat' dir='ltr'>non</span> <span class='ocrx_word' id='word_1_192' title='bbox 794 1482 986 1503; x_wconf 90' lang='lat' dir='ltr'>concesso.</span> <span class='ocrx_word' id='word_1_193' title='bbox 1015 1471 1066 1502; x_wconf 86' lang='lat' dir='ltr'>Ex</span> <span class='ocrx_word' id='word_1_194' title='bbox 1091 1469 1160 1503; x_wconf 91' lang='lat' dir='ltr'>hoc</span> <span class='ocrx_word' id='word_1_195' title='bbox 1187 1470 1283 1502; x_wconf 89' lang='lat' dir='ltr'>enim</span> <span class='ocrx_word' id='word_1_196' title='bbox 1310 1471 1386 1502; x_wconf 91' lang='lat' dir='ltr'>Deo</span> <span class='ocrx_word' id='word_1_197' title='bbox 1415 1469 1545 1515; x_wconf 71' lang='lat' dir='ltr'>gloria,</span> <span class='ocrx_word' id='word_1_198' title='bbox 1573 1470 1753 1503; x_wconf 87' lang='lat' dir='ltr'>sanctitati</span> <span class='ocrx_word' id='word_1_199' title='bbox 1774 1476 1895 1503; x_wconf 86' lang='lat' dir='ltr'>vestre</span> <span class='ocrx_word' id='word_1_200' title='bbox 1922 1469 2073 1515; x_wconf 86' lang='lat' dir='ltr'>grandis</span> <span class='ocrx_word' id='word_1_201' title='bbox 2094 1469 2212 1502; x_wconf 88' lang='lat' dir='ltr'>honor</span> <span class='ocrx_word' id='word_1_202' title='bbox 2237 1476 2270 1502; x_wconf 90' lang='lat' dir='ltr'>et</span> 
     </span>
     <span class='ocr_line' id='line_1_19' title="bbox 397 1536 2273 1582; baseline -0.002 -9"><span class='ocrx_word' id='word_1_203' title='bbox 397 1541 468 1573; x_wconf 75' lang='lat' dir='ltr'>{ilie</span> <span class='ocrx_word' id='word_1_204' title='bbox 486 1546 606 1573; x_wconf 88' lang='lat' dir='ltr'>vestre</span> <span class='ocrx_word' id='word_1_205' title='bbox 629 1538 865 1571; x_wconf 89' lang='lat' dir='ltr'>devotissime</span> <span class='ocrx_word' id='word_1_206' title='bbox 886 1538 1027 1570; x_wconf 86' lang='lat' dir='ltr'>fructus</span> <span class='ocrx_word' id='word_1_207' title='bbox 1050 1537 1252 1570; x_wconf 87' lang='lat' dir='ltr'>latissimus</span> <span class='ocrx_word' id='word_1_208' title='bbox 1275 1536 1470 1579; x_wconf 74' lang='lat' dir='ltr'>tribuetur,</span> <span class='ocrx_word' id='word_1_209' title='bbox 1488 1549 1605 1582; x_wconf 90' lang='lat' dir='ltr'>eoque</span> <span class='ocrx_word' id='word_1_210' title='bbox 1628 1537 1803 1569; x_wconf 90' lang='lat' dir='ltr'>tenaciori</span> <span class='ocrx_word' id='word_1_211' title='bbox 1824 1537 1971 1569; x_wconf 86' lang='lat' dir='ltr'>vinculo</span> <span class='ocrx_word' id='word_1_212' title='bbox 1987 1543 2109 1569; x_wconf 87' lang='lat' dir='ltr'>vestre</span> <span class='ocrx_word' id='word_1_213' title='bbox 2130 1536 2273 1581; x_wconf 88' lang='lat' dir='ltr'>copula-</span> 
     </span>
     <span class='ocr_line' id='line_1_20' title="bbox 398 1604 2271 1649; baseline -0.002 -10"><span class='ocrx_word' id='word_1_214' title='bbox 398 1607 494 1639; x_wconf 89' lang='lat' dir='ltr'>bitur</span> <span class='ocrx_word' id='word_1_215' title='bbox 523 1606 716 1646; x_wconf 71' lang='lat' dir='ltr'>sanctitati7</span> <span class='ocrx_word' id='word_1_216' title='bbox 746 1606 851 1649; x_wconf 88' lang='lat' dir='ltr'>cujus</span> <span class='ocrx_word' id='word_1_217' title='bbox 882 1604 1026 1637; x_wconf 87' lang='lat' dir='ltr'>felicem</span> <span class='ocrx_word' id='word_1_218' title='bbox 1058 1615 1269 1637; x_wconf 88' lang='lat' dir='ltr'>successum</span> <span class='ocrx_word' id='word_1_219' title='bbox 1303 1604 1476 1649; x_wconf 86' lang='lat' dir='ltr'>dignetur</span> <span class='ocrx_word' id='word_1_220' title='bbox 1506 1604 1791 1637; x_wconf 85' lang='lat' dir='ltr'>clementissime</span> <span class='ocrx_word' id='word_1_221' title='bbox 1823 1615 2042 1637; x_wconf 88' lang='lat' dir='ltr'>conservare</span> <span class='ocrx_word' id='word_1_222' title='bbox 2073 1610 2108 1636; x_wconf 91' lang='lat' dir='ltr'>et</span> <span class='ocrx_word' id='word_1_223' title='bbox 2137 1615 2271 1649; x_wconf 84' lang='lat' dir='ltr'>augere</span> 
     </span>
     <span class='ocr_line' id='line_1_21' title="bbox 396 1670 2060 1716; baseline -0.002 -10"><span class='ocrx_word' id='word_1_224' title='bbox 396 1673 632 1707; x_wconf 81' lang='lat' dir='ltr'>felicissimus</span> <span class='ocrx_word' id='word_1_225' title='bbox 656 1672 817 1705; x_wconf 89' lang='lat' dir='ltr'>omnium</span> <span class='ocrx_word' id='word_1_226' title='bbox 840 1673 938 1704; x_wconf 88' lang='lat' dir='ltr'>Deus</span> <span class='ocrx_word' id='word_1_227' title='bbox 960 1671 1004 1704; x_wconf 88' lang='lat' dir='ltr'>ad</span> <span class='ocrx_word' id='word_1_228' title='bbox 1025 1670 1239 1716; x_wconf 89' lang='lat' dir='ltr'>completam</span> <span class='ocrx_word' id='word_1_229' title='bbox 1263 1671 1436 1703; x_wconf 89' lang='lat' dir='ltr'>unionem</span> <span class='ocrx_word' id='word_1_230' title='bbox 1463 1670 1620 1703; x_wconf 86' lang='lat' dir='ltr'>ecclesie</span> <span class='ocrx_word' id='word_1_231' title='bbox 1642 1683 1708 1703; x_wconf 92' lang='lat' dir='ltr'>sue</span> <span class='ocrx_word' id='word_1_232' title='bbox 1730 1677 1866 1703; x_wconf 87' lang='lat' dir='ltr'>sancte.</span> <span class='ocrx_word' id='word_1_233' title='bbox 1890 1672 2060 1703; x_wconf 86' lang='lat' dir='ltr'>Datum...</span> 
     </span>
    </p>

    <p class='ocr_par' dir='ltr' id='par_1_3' title="bbox 399 1768 2273 1846">
     <span class='ocr_line' id='line_1_22' title="bbox 490 1768 2272 1800; baseline -0.001 -6"><span class='ocrx_word' id='word_1_234' title='bbox 490 1771 606 1794; x_wconf 67' lang='lat' dir='ltr'>lilinum</span> <span class='ocrx_word' id='word_1_235' title='bbox 618 1770 734 1793; x_wconf 70' lang='lat' dir='ltr'>chartac.</span> <span class='ocrx_word' id='word_1_236' title='bbox 747 1770 772 1792; x_wconf 85' lang='lat' dir='ltr'>in</span> <span class='ocrx_word' id='word_1_237' title='bbox 790 1770 867 1793; x_wconf 69' lang='lat' dir='ltr'>Arrii.</span> <span class='ocrx_word' id='word_1_238' title='bbox 879 1773 932 1793; x_wconf 85' lang='lat' dir='ltr'>nat.</span> <span class='ocrx_word' id='word_1_239' title='bbox 947 1769 1040 1796; x_wconf 60' lang='lat' dir='ltr'>Paris„</span> <span class='ocrx_word' id='word_1_240' title='bbox 1058 1769 1082 1792; x_wconf 93' lang='lat' dir='ltr'>M</span> <span class='ocrx_word' id='word_1_241' title='bbox 1092 1770 1144 1798; x_wconf 51' lang='lat'>65³7</span> <span class='ocrx_word' id='word_1_242' title='bbox 1158 1774 1186 1792; x_wconf 78' lang='lat'>11⁰</span> <span class='ocrx_word' id='word_1_243' title='bbox 1201 1770 1223 1792; x_wconf 81' lang='lat'>1.</span> <span class='ocrx_word' id='word_1_244' title='bbox 1238 1769 1305 1792; x_wconf 84' lang='lat' dir='ltr'>lhid.</span> <span class='ocrx_word' id='word_1_245' title='bbox 1318 1769 1371 1792; x_wconf 78' lang='lat' dir='ltr'>aliu</span> <span class='ocrx_word' id='word_1_246' title='bbox 1385 1769 1499 1800; x_wconf 78' lang='lat' dir='ltr'>epistola</span> <span class='ocrx_word' id='word_1_247' title='bbox 1513 1769 1546 1792; x_wconf 84' lang='lat' dir='ltr'>nd</span> <span class='ocrx_word' id='word_1_248' title='bbox 1562 1769 1668 1792; x_wconf 87' lang='lat' dir='ltr'>nuntios</span> <span class='ocrx_word' id='word_1_249' title='bbox 1683 1769 1708 1792; x_wconf 89' lang='lat' dir='ltr'>in</span> <span class='ocrx_word' id='word_1_250' title='bbox 1722 1769 1804 1797; x_wconf 73' lang='lat' dir='ltr'>curia,</span> <span class='ocrx_word' id='word_1_251' title='bbox 1818 1769 1849 1792; x_wconf 77' lang='lat' dir='ltr'>nd</span> <span class='ocrx_word' id='word_1_252' title='bbox 1865 1777 1942 1792; x_wconf 83' lang='lat' dir='ltr'>«rev.</span> <span class='ocrx_word' id='word_1_253' title='bbox 1956 1769 2076 1792; x_wconf 82' lang='lat' dir='ltr'>dominos</span> <span class='ocrx_word' id='word_1_254' title='bbox 2090 1772 2115 1792; x_wconf 85' lang='lat' dir='ltr'>ct</span> <span class='ocrx_word' id='word_1_255' title='bbox 2130 1768 2272 1800; x_wconf 81' lang='lat' dir='ltr'>magistros</span> 
     </span>
     <span class='ocr_line' id='line_1_23' title="bbox 399 1814 2273 1846; baseline -0.001 -8"><span class='ocrx_word' id='word_1_256' title='bbox 399 1816 560 1839; x_wconf 76' lang='lat' dir='ltr'>venerabiles</span> <span class='ocrx_word' id='word_1_257' title='bbox 580 1823 605 1842; x_wconf 87' lang='lat'>»;</span> <span class='ocrx_word' id='word_1_258' title='bbox 622 1818 703 1846; x_wconf 78' lang='lat' dir='ltr'>agant</span> <span class='ocrx_word' id='word_1_259' title='bbox 719 1823 750 1838; x_wconf 79' lang='lat' dir='ltr'>ue</span> <span class='ocrx_word' id='word_1_260' title='bbox 771 1815 834 1846; x_wconf 84' lang='lat' dir='ltr'>quid</span> <span class='ocrx_word' id='word_1_261' title='bbox 854 1814 879 1837; x_wconf 90' lang='lat' dir='ltr'>in</span> <span class='ocrx_word' id='word_1_262' title='bbox 899 1814 1094 1845; x_wconf 80' lang='lat' dir='ltr'>praejudicium</span> <span class='ocrx_word' id='word_1_263' title='bbox 1116 1814 1295 1837; x_wconf 78' lang='lat' dir='ltr'>concessionis</span> <span class='ocrx_word' id='word_1_264' title='bbox 1312 1814 1366 1843; x_wconf 68' lang='lat' dir='ltr'>fiat,</span> <span class='ocrx_word' id='word_1_265' title='bbox 1383 1817 1408 1837; x_wconf 81' lang='lat' dir='ltr'>ct</span> <span class='ocrx_word' id='word_1_266' title='bbox 1420 1814 1494 1845; x_wconf 78' lang='lat' dir='ltr'>juxta</span> <span class='ocrx_word' id='word_1_267' title='bbox 1514 1814 1702 1837; x_wconf 80' lang='lat' dir='ltr'>instructiones</span> <span class='ocrx_word' id='word_1_268' title='bbox 1724 1814 1865 1844; x_wconf 72' lang='lat' dir='ltr'>diligenter</span> <span class='ocrx_word' id='word_1_269' title='bbox 1885 1822 1912 1837; x_wconf 86' lang='lat' dir='ltr'>se</span> <span class='ocrx_word' id='word_1_270' title='bbox 1927 1814 2051 1838; x_wconf 78' lang='lat' dir='ltr'>habeant.</span> <span class='ocrx_word' id='word_1_271' title='bbox 2068 1814 2216 1845; x_wconf 85' lang='lat' dir='ltr'>Opinamur</span> <span class='ocrx_word' id='word_1_272' title='bbox 2231 1814 2273 1837; x_wconf 79' lang='lat' dir='ltr'>hie</span> 
     </span>
    </p>
   </div>
   <div class='ocr_carea' id='block_1_3' title="bbox 397 1858 2273 1935">
    <p class='ocr_par' dir='ltr' id='par_1_4' title="bbox 397 1858 2273 1935">
     <span class='ocr_line' id='line_1_24' title="bbox 397 1858 2273 1891; baseline -0.001 -8"><span class='ocrx_word' id='word_1_273' title='bbox 397 1861 440 1891; x_wconf 81' lang='lat' dir='ltr'>agi</span> <span class='ocrx_word' id='word_1_274' title='bbox 471 1861 502 1883; x_wconf 85' lang='lat' dir='ltr'>dc</span> <span class='ocrx_word' id='word_1_275' title='bbox 522 1860 554 1882; x_wconf 86' lang='lat' dir='ltr'>iis</span> <span class='ocrx_word' id='word_1_276' title='bbox 577 1859 747 1887; x_wconf 69' lang='lat' dir='ltr'>adversariis,</span> <span class='ocrx_word' id='word_1_277' title='bbox 772 1859 816 1890; x_wconf 81' lang='lat' dir='ltr'>qui</span> <span class='ocrx_word' id='word_1_278' title='bbox 838 1868 880 1882; x_wconf 86' lang='lat' dir='ltr'>an.</span> <span class='ocrx_word' id='word_1_279' title='bbox 905 1859 974 1887; x_wconf 72' lang='lat'><strong>1412,</strong></span> <span class='ocrx_word' id='word_1_280' title='bbox 996 1859 1128 1885; x_wconf 79' lang='lat' dir='ltr'>Decemb.,</span> <span class='ocrx_word' id='word_1_281' title='bbox 1149 1859 1281 1887; x_wconf 81' lang='lat' dir='ltr'>dicebant,</span> <span class='ocrx_word' id='word_1_282' title='bbox 1306 1859 1523 1890; x_wconf 73' lang='lat' dir='ltr'>praerogativam</span> <span class='ocrx_word' id='word_1_283' title='bbox 1547 1859 1632 1890; x_wconf 88' lang='lat' dir='ltr'>quinti</span> <span class='ocrx_word' id='word_1_284' title='bbox 1655 1859 1759 1881; x_wconf 82' lang='lat' dir='ltr'>articuli</span> <span class='ocrx_word' id='word_1_285' title='bbox 1781 1859 1834 1881; x_wconf 88' lang='lat' dir='ltr'>illis</span> <span class='ocrx_word' id='word_1_286' title='bbox 1858 1859 1944 1882; x_wconf 85' lang='lat' dir='ltr'>solum</span> <span class='ocrx_word' id='word_1_287' title='bbox 1964 1859 1996 1882; x_wconf 88' lang='lat' dir='ltr'>de</span> <span class='ocrx_word' id='word_1_288' title='bbox 2014 1858 2124 1882; x_wconf 85' lang='lat' dir='ltr'>Francia</span> <span class='ocrx_word' id='word_1_289' title='bbox 2145 1859 2273 1890; x_wconf 79' lang='lat' dir='ltr'>prodesse</span> 
     </span>
     <span class='ocr_line' id='line_1_25' title="bbox 399 1903 1713 1935; baseline -0.003 -5"><span class='ocrx_word' id='word_1_290' title='bbox 399 1907 536 1934; x_wconf 64' lang='lat' dir='ltr'>(Auctavn,</span> <span class='ocrx_word' id='word_1_291' title='bbox 554 1905 587 1933; x_wconf 74' lang='grc' dir='ltr'>ΙΙ,</span> <span class='ocrx_word' id='word_1_292' title='bbox 603 1913 629 1935; x_wconf 85' lang='lat' dir='ltr'>p.</span> <span class='ocrx_word' id='word_1_293' title='bbox 647 1905 701 1929; x_wconf 83' lang='lat'>135.</span> <span class='ocrx_word' id='word_1_294' title='bbox 717 1905 764 1933; x_wconf 86' lang='lat'><strong>17).</strong></span> <span class='ocrx_word' id='word_1_295' title='bbox 780 1904 884 1935; x_wconf 84' lang='lat' dir='ltr'>Scripta</span> <span class='ocrx_word' id='word_1_296' title='bbox 898 1907 937 1927; x_wconf 85' lang='lat' dir='ltr'>est</span> <span class='ocrx_word' id='word_1_297' title='bbox 950 1904 1061 1934; x_wconf 85' lang='lat' dir='ltr'>proinde</span> <span class='ocrx_word' id='word_1_298' title='bbox 1076 1904 1190 1935; x_wconf 81' lang='lat' dir='ltr'>epistola</span> <span class='ocrx_word' id='word_1_299' title='bbox 1206 1912 1248 1927; x_wconf 87' lang='lat' dir='ltr'>an.</span> <span class='ocrx_word' id='word_1_300' title='bbox 1266 1904 1335 1931; x_wconf 57' lang='lat'><strong>1412,</strong></span> <span class='ocrx_word' id='word_1_301' title='bbox 1351 1903 1556 1932; x_wconf 46' lang='lat' dir='ltr'>nomme-1413,</span> <span class='ocrx_word' id='word_1_302' title='bbox 1573 1903 1660 1926; x_wconf 83' lang='lat' dir='ltr'>Martii</span> <span class='ocrx_word' id='word_1_303' title='bbox 1675 1903 1713 1926; x_wconf 85' lang='lat'>13.</span> 
     </span>
    </p>
   </div>
   <div class='ocr_carea' id='block_1_4' title="bbox 492 1989 752 2014">
    <p class='ocr_par' dir='ltr' id='par_1_5' title="bbox 492 1989 752 2014">
     <span class='ocr_line' id='line_1_26' title="bbox 492 1989 752 2014; baseline -0.012 -1"><span class='ocrx_word' id='word_1_304' title='bbox 492 1989 516 2014; x_wconf 84' lang='grc'>1.</span> <span class='ocrx_word' id='word_1_305' title='bbox 534 1990 553 2013; x_wconf 89' lang='lat' dir='ltr'>l.</span> <span class='ocrx_word' id='word_1_306' title='bbox 569 1997 592 2012; x_wconf 81' lang='lat' dir='ltr'>e.</span> <span class='ocrx_word' id='word_1_307' title='bbox 607 1997 618 2011; x_wconf 73' lang='lat' dir='ltr'>&lt;t</span> <span class='ocrx_word' id='word_1_308' title='bbox 631 1991 717 2011; x_wconf 78' lang='lat' dir='ltr'>cnssct</span> <span class='ocrx_word' id='word_1_309' title='bbox 731 1996 752 2011; x_wconf 81' lang='grc' dir='ltr'>ι).</span> 
     </span>
    </p>
   </div>
   <div class='ocr_carea' id='block_1_5' title="bbox 405 2157 2274 2249">
    <p class='ocr_par' dir='ltr' id='par_1_6' title="bbox 405 2157 2274 2249">
     <span class='ocr_line' id='line_1_27' title="bbox 405 2157 2274 2200; baseline -0.003 -6"><span class='ocrx_word' id='word_1_310' title='bbox 405 2157 525 2193; x_wconf 77' lang='grc'><strong>1971</strong></span> <span class='ocrx_word' id='word_1_311' title='bbox 537 2185 544 2193; x_wconf 91' lang='grc'><strong>.</strong></span> <span class='ocrx_word' id='word_1_312' title='bbox 568 2165 712 2191; x_wconf 73' lang='lat' dir='ltr'>lohannes</span> <span class='ocrx_word' id='word_1_313' title='bbox 728 2166 828 2190; x_wconf 80' lang='lat' dir='ltr'><em>XXIII</em></span> <span class='ocrx_word' id='word_1_314' title='bbox 841 2164 1021 2200; x_wconf 74' lang='lat' dir='ltr'>pronuntiat,</span> <span class='ocrx_word' id='word_1_315' title='bbox 1045 2164 1224 2199; x_wconf 69' lang='lat' dir='ltr'>privilegium</span> <span class='ocrx_word' id='word_1_316' title='bbox 1245 2165 1343 2198; x_wconf 84' lang='lat' dir='ltr'>quinti</span> <span class='ocrx_word' id='word_1_317' title='bbox 1358 2164 1475 2190; x_wconf 85' lang='lat' dir='ltr'>articuli</span> <span class='ocrx_word' id='word_1_318' title='bbox 1495 2173 1549 2189; x_wconf 81' lang='lat' dir='ltr'>non</span> <span class='ocrx_word' id='word_1_319' title='bbox 1569 2164 1661 2189; x_wconf 84' lang='lat' dir='ltr'>solum</span> <span class='ocrx_word' id='word_1_320' title='bbox 1679 2163 1808 2197; x_wconf 76' lang='lat' dir='ltr'>Gallicis,</span> <span class='ocrx_word' id='word_1_321' title='bbox 1826 2163 1878 2189; x_wconf 86' lang='lat' dir='ltr'>sed</span> <span class='ocrx_word' id='word_1_322' title='bbox 1892 2163 2023 2189; x_wconf 76' lang='lat' dir='ltr'>omnibus</span> <span class='ocrx_word' id='word_1_323' title='bbox 2039 2162 2165 2188; x_wconf 79' lang='lat' dir='ltr'>aliarum</span> <span class='ocrx_word' id='word_1_324' title='bbox 2181 2162 2274 2189; x_wconf 79' lang='lat' dir='ltr'>natio-</span> 
     </span>
     <span class='ocr_line' id='line_1_28' title="bbox 489 2213 1202 2249; baseline -0.003 -9"><span class='ocrx_word' id='word_1_325' title='bbox 489 2224 553 2240; x_wconf 80' lang='lat' dir='ltr'>num</span> <span class='ocrx_word' id='word_1_326' title='bbox 568 2215 595 2240; x_wconf 74' lang='lat' dir='ltr'>ln</span> <span class='ocrx_word' id='word_1_327' title='bbox 611 2214 707 2240; x_wconf 79' lang='lat' dir='ltr'>studio</span> <span class='ocrx_word' id='word_1_328' title='bbox 723 2214 819 2239; x_wconf 83' lang='lat' dir='ltr'>Paris.</span> <span class='ocrx_word' id='word_1_329' title='bbox 836 2213 1038 2249; x_wconf 79' lang='lat' dir='ltr'>praesentibus</span> <span class='ocrx_word' id='word_1_330' title='bbox 1052 2213 1202 2249; x_wconf 76' lang='lat' dir='ltr'>prodesse.</span> 
     </span>
    </p>
   </div>
   <div class='ocr_carea' id='block_1_6' title="bbox 403 2249 2274 2852">
    <p class='ocr_par' dir='ltr' id='par_1_7' title="bbox 1642 2249 1987 2278">
     <span class='ocr_line' id='line_1_29' title="bbox 1642 2249 1987 2278; baseline 0 -4"><span class='ocrx_word' id='word_1_331' title='bbox 1642 2249 1712 2278; x_wconf 78' lang='lat'><strong><em>7413,</em></strong></span> <span class='ocrx_word' id='word_1_332' title='bbox 1728 2249 1817 2274; x_wconf 69' lang='lat' dir='ltr'>Mat-tii</span> <span class='ocrx_word' id='word_1_333' title='bbox 1829 2249 1868 2278; x_wconf 78' lang='lat'>73,</span> <span class='ocrx_word' id='word_1_334' title='bbox 1885 2249 1987 2274; x_wconf 77' lang='lat' dir='ltr'>Romae.</span> 
     </span>
    </p>

    <p class='ocr_par' dir='ltr' id='par_1_8' title="bbox 403 2335 2274 2716">
     <span class='ocr_line' id='line_1_30' title="bbox 489 2335 2273 2382; baseline -0.001 -12"><span class='ocrx_word' id='word_1_335' title='bbox 489 2338 686 2378; x_wconf 76' lang='lat' dir='ltr'>Johannes‚</span> <span class='ocrx_word' id='word_1_336' title='bbox 705 2344 772 2370; x_wconf 88' lang='lat' dir='ltr'>etc.</span> <span class='ocrx_word' id='word_1_337' title='bbox 792 2337 983 2370; x_wconf 83' lang='lat' dir='ltr'>Univcrsis</span> <span class='ocrx_word' id='word_1_338' title='bbox 1005 2343 1039 2369; x_wconf 85' lang='lat' dir='ltr'>ct</span> <span class='ocrx_word' id='word_1_339' title='bbox 1060 2337 1218 2382; x_wconf 87' lang='lat' dir='ltr'>singulis</span> <span class='ocrx_word' id='word_1_340' title='bbox 1240 2337 1284 2370; x_wconf 91' lang='lat' dir='ltr'>ad</span> <span class='ocrx_word' id='word_1_341' title='bbox 1306 2349 1397 2382; x_wconf 91' lang='lat' dir='ltr'>quos</span> <span class='ocrx_word' id='word_1_342' title='bbox 1420 2344 1612 2382; x_wconf 83' lang='lat' dir='ltr'>presentes</span> <span class='ocrx_word' id='word_1_343' title='bbox 1634 2337 1754 2369; x_wconf 88' lang='lat' dir='ltr'>littere</span> <span class='ocrx_word' id='word_1_344' title='bbox 1775 2343 1900 2369; x_wconf 88' lang='lat' dir='ltr'>nostre</span> <span class='ocrx_word' id='word_1_345' title='bbox 1922 2336 2157 2381; x_wconf 89' lang='lat' dir='ltr'>pervenerint.</span> <span class='ocrx_word' id='word_1_346' title='bbox 2177 2335 2273 2368; x_wconf 90' lang='lat' dir='ltr'>salu-</span> 
     </span>
     <span class='ocr_line' id='line_1_31' title="bbox 403 2402 2271 2449; baseline -0.002 -11"><span class='ocrx_word' id='word_1_347' title='bbox 403 2413 485 2445; x_wconf 71' lang='lat' dir='ltr'>tem,</span> <span class='ocrx_word' id='word_1_348' title='bbox 516 2412 583 2438; x_wconf 91' lang='lat' dir='ltr'>etc.</span> <span class='ocrx_word' id='word_1_349' title='bbox 615 2404 826 2449; x_wconf 87' lang='lat' dir='ltr'>Apostolice</span> <span class='ocrx_word' id='word_1_350' title='bbox 858 2403 1014 2436; x_wconf 72' lang='lat' dir='ltr'>sedis...</span> <span class='ocrx_word' id='word_1_351' title='bbox 1046 2404 1189 2436; x_wconf 90' lang='lat' dir='ltr'>Dudum</span> <span class='ocrx_word' id='word_1_352' title='bbox 1222 2404 1402 2449; x_wconf 82' lang='lat' dir='ltr'>siquidem</span> <span class='ocrx_word' id='word_1_353' title='bbox 1440 2416 1481 2436; x_wconf 84' lang='lat' dir='ltr'>ex</span> <span class='ocrx_word' id='word_1_354' title='bbox 1515 2404 1625 2436; x_wconf 89' lang='lat' dir='ltr'>certis</span> <span class='ocrx_word' id='word_1_355' title='bbox 1655 2403 1932 2436; x_wconf 88' lang='lat' dir='ltr'>rationabilibus</span> <span class='ocrx_word' id='word_1_356' title='bbox 1962 2403 2083 2436; x_wconf 87' lang='lat' dir='ltr'>causis</span> <span class='ocrx_word' id='word_1_357' title='bbox 2115 2402 2271 2435; x_wconf 86' lang='lat' dir='ltr'>animum</span> 
     </span>
     <span class='ocr_line' id='line_1_32' title="bbox 403 2469 2273 2505; baseline -0.001 -1"><span class='ocrx_word' id='word_1_358' title='bbox 403 2479 566 2505; x_wconf 90' lang='lat' dir='ltr'>nostrum</span> <span class='ocrx_word' id='word_1_359' title='bbox 594 2470 826 2504; x_wconf 89' lang='lat' dir='ltr'>moventibus</span> <span class='ocrx_word' id='word_1_360' title='bbox 851 2471 888 2502; x_wconf 92' lang='lat' dir='ltr'>in</span> <span class='ocrx_word' id='word_1_361' title='bbox 912 2471 1071 2503; x_wconf 85' lang='lat' dir='ltr'>favorem</span> <span class='ocrx_word' id='word_1_362' title='bbox 1101 2470 1316 2503; x_wconf 88' lang='lat' dir='ltr'>dilectorum</span> <span class='ocrx_word' id='word_1_363' title='bbox 1344 2470 1501 2503; x_wconf 88' lang='lat' dir='ltr'>filiorum</span> <span class='ocrx_word' id='word_1_364' title='bbox 1531 2471 1684 2503; x_wconf 88' lang='lat' dir='ltr'>rectoris</span> <span class='ocrx_word' id='word_1_365' title='bbox 1712 2477 1747 2503; x_wconf 91' lang='lat' dir='ltr'>et</span> <span class='ocrx_word' id='word_1_366' title='bbox 1774 2470 2031 2503; x_wconf 87' lang='lat' dir='ltr'>Universitatis</span> <span class='ocrx_word' id='word_1_367' title='bbox 2056 2469 2273 2502; x_wconf 78' lang='lat' dir='ltr'>parisiensis</span> 
     </span>
     <span class='ocr_line' id='line_1_33' title="bbox 404 2536 2273 2583; baseline -0.002 -12"><span class='ocrx_word' id='word_1_368' title='bbox 404 2539 513 2571; x_wconf 87' lang='lat' dir='ltr'>studii</span> <span class='ocrx_word' id='word_1_369' title='bbox 544 2545 579 2571; x_wconf 85' lang='lat' dir='ltr'>et</span> <span class='ocrx_word' id='word_1_370' title='bbox 606 2538 880 2583; x_wconf 85' lang='lat' dir='ltr'>suppositorum</span> <span class='ocrx_word' id='word_1_371' title='bbox 913 2537 1113 2570; x_wconf 88' lang='lat' dir='ltr'>eorundem</span> <span class='ocrx_word' id='word_1_372' title='bbox 1143 2549 1254 2582; x_wconf 89' lang='lat' dir='ltr'>super</span> <span class='ocrx_word' id='word_1_373' title='bbox 1283 2538 1418 2583; x_wconf 84' lang='lat' dir='ltr'>graciis</span> <span class='ocrx_word' id='word_1_374' title='bbox 1448 2538 1683 2582; x_wconf 78' lang='lat' dir='ltr'>expectativis</span> <span class='ocrx_word' id='word_1_375' title='bbox 1792 2537 1933 2582; x_wconf 86' lang='lat' dir='ltr'>gracias</span> <span class='ocrx_word' id='word_1_376' title='bbox 1963 2543 1998 2569; x_wconf 88' lang='lat' dir='ltr'>et</span> <span class='ocrx_word' id='word_1_377' title='bbox 2025 2536 2273 2581; x_wconf 87' lang='lat' dir='ltr'>prerogativas</span> 
     </span>
     <span class='ocr_line' id='line_1_34' title="bbox 404 2602 2274 2644; baseline -0.002 -7"><span class='ocrx_word' id='word_1_378' title='bbox 404 2605 653 2638; x_wconf 85' lang='lat' dir='ltr'>concessimus</span> <span class='ocrx_word' id='word_1_379' title='bbox 684 2605 720 2637; x_wconf 93' lang='lat' dir='ltr'>in</span> <span class='ocrx_word' id='word_1_380' title='bbox 753 2604 819 2637; x_wconf 87' lang='lat' dir='ltr'>hec</span> <span class='ocrx_word' id='word_1_381' title='bbox 847 2603 957 2637; x_wconf 91' lang='lat' dir='ltr'>verba</span> <span class='ocrx_word' id='word_1_382' title='bbox 983 2603 1155 2636; x_wconf 86' lang='lat' dir='ltr'>videlicet</span> <span class='ocrx_word' id='word_1_383' title='bbox 1179 2616 1185 2636; x_wconf 91' lang='lat'>:</span> <span class='ocrx_word' id='word_1_384' title='bbox 1211 2619 1226 2635; x_wconf 71' lang='lat' dir='ltr'>(t</span> <span class='ocrx_word' id='word_1_385' title='bbox 1255 2604 1514 2637; x_wconf 87' lang='lat' dir='ltr'>Sanctissimus</span> <span class='ocrx_word' id='word_1_386' title='bbox 1541 2604 1711 2636; x_wconf 88' lang='lat' dir='ltr'>dominus</span> <span class='ocrx_word' id='word_1_387' title='bbox 1738 2610 1873 2644; x_wconf 66' lang='lat' dir='ltr'>noster7</span> <span class='ocrx_word' id='word_1_388' title='bbox 1893 2603 2063 2636; x_wconf 89' lang='lat' dir='ltr'>dominus</span> <span class='ocrx_word' id='word_1_389' title='bbox 2090 2602 2274 2636; x_wconf 86' lang='lat' dir='ltr'>Johannes</span> 
     </span>
     <span class='ocr_line' id='line_1_35' title="bbox 406 2670 2224 2716; baseline -0.002 -12"><span class='ocrx_word' id='word_1_390' title='bbox 406 2684 494 2716; x_wconf 87' lang='lat' dir='ltr'>papa</span> <span class='ocrx_word' id='word_1_391' title='bbox 515 2673 648 2712; x_wconf 80' lang='lat' dir='ltr'>XXIII,</span> <span class='ocrx_word' id='word_1_392' title='bbox 671 2672 704 2716; x_wconf 92' lang='lat' dir='ltr'>vj</span> <span class='ocrx_word' id='word_1_393' title='bbox 727 2671 810 2704; x_wconf 91' lang='lat' dir='ltr'>idus</span> <span class='ocrx_word' id='word_1_394' title='bbox 826 2670 926 2711; x_wconf 87' lang='lat' dir='ltr'>Julii,</span> <span class='ocrx_word' id='word_1_395' title='bbox 945 2670 1177 2715; x_wconf 87' lang='lat' dir='ltr'>pontificatus</span> <span class='ocrx_word' id='word_1_396' title='bbox 1199 2671 1256 2704; x_wconf 91' lang='lat' dir='ltr'>sui</span> <span class='ocrx_word' id='word_1_397' title='bbox 1277 2683 1370 2704; x_wconf 89' lang='lat' dir='ltr'>anno</span> <span class='ocrx_word' id='word_1_398' title='bbox 1393 2671 1509 2716; x_wconf 90' lang='lat' dir='ltr'>primo</span> <span class='ocrx_word' id='word_1_399' title='bbox 1609 2671 1850 2715; x_wconf 85' lang='lat' dir='ltr'>preferantur.</span> <span class='ocrx_word' id='word_1_400' title='bbox 1871 2684 1886 2701; x_wconf 85' lang='lat'>»</span> <span class='ocrx_word' id='word_1_401' title='bbox 1908 2671 2039 2714; x_wconf 78' lang='lat' dir='ltr'>(Supra</span> <span class='ocrx_word' id='word_1_402' title='bbox 2060 2675 2096 2703; x_wconf 88' lang='lat' dir='ltr'>n⁰</span> <span class='ocrx_word' id='word_1_403' title='bbox 2113 2670 2224 2712; x_wconf 83' lang='lat'>1925.)</span> 
     </span>
    </p>

    <p class='ocr_par' dir='ltr' id='par_1_9' title="bbox 406 2736 2274 2852">
     <span class='ocr_line' id='line_1_36' title="bbox 493 2736 2274 2782; baseline -0.001 -12"><span class='ocrx_word' id='word_1_404' title='bbox 493 2739 581 2770; x_wconf 91' lang='lat' dir='ltr'>Cum</span> <span class='ocrx_word' id='word_1_405' title='bbox 600 2745 730 2778; x_wconf 75' lang='lat' dir='ltr'>autem,</span> <span class='ocrx_word' id='word_1_406' title='bbox 750 2738 844 2770; x_wconf 90' lang='lat' dir='ltr'>sicut</span> <span class='ocrx_word' id='word_1_407' title='bbox 864 2738 1083 2782; x_wconf 68' lang='lat' dir='ltr'>accepimus,</span> <span class='ocrx_word' id='word_1_408' title='bbox 1102 2738 1269 2770; x_wconf 87' lang='lat' dir='ltr'>nonnulli</span> <span class='ocrx_word' id='word_1_409' title='bbox 1287 2738 1452 2771; x_wconf 86' lang='lat' dir='ltr'>dicantur</span> <span class='ocrx_word' id='word_1_410' title='bbox 1469 2749 1634 2770; x_wconf 88' lang='lat' dir='ltr'>asserere</span> <span class='ocrx_word' id='word_1_411' title='bbox 1651 2738 1785 2782; x_wconf 83' lang='lat' dir='ltr'>gratias</span> <span class='ocrx_word' id='word_1_412' title='bbox 1802 2744 1838 2770; x_wconf 89' lang='lat' dir='ltr'>et</span> <span class='ocrx_word' id='word_1_413' title='bbox 1853 2737 2101 2782; x_wconf 82' lang='lat' dir='ltr'>prerogativas</span> <span class='ocrx_word' id='word_1_414' title='bbox 2118 2736 2274 2781; x_wconf 84' lang='lat' dir='ltr'>prefatas</span> 
     </span>
     <span class='ocr_line' id='line_1_37' title="bbox 406 2803 2272 2852; baseline -0.001 -16"><span class='ocrx_word' id='word_1_415' title='bbox 406 2805 583 2852; x_wconf 87' lang='lat' dir='ltr'>dumtaxat</span> <span class='ocrx_word' id='word_1_416' title='bbox 605 2805 764 2837; x_wconf 85' lang='lat' dir='ltr'>Gallicos</span> <span class='ocrx_word' id='word_1_417' title='bbox 787 2811 822 2837; x_wconf 90' lang='lat' dir='ltr'>et</span> <span class='ocrx_word' id='word_1_418' title='bbox 850 2816 923 2836; x_wconf 93' lang='lat' dir='ltr'>non</span> <span class='ocrx_word' id='word_1_419' title='bbox 951 2804 1038 2837; x_wconf 89' lang='lat' dir='ltr'>alias</span> <span class='ocrx_word' id='word_1_420' title='bbox 1066 2805 1231 2837; x_wconf 87' lang='lat' dir='ltr'>nationes</span> <span class='ocrx_word' id='word_1_421' title='bbox 1258 2805 1301 2837; x_wconf 89' lang='lat' dir='ltr'>de</span> <span class='ocrx_word' id='word_1_422' title='bbox 1328 2805 1571 2838; x_wconf 85' lang='lat' dir='ltr'>Universitate</span> <span class='ocrx_word' id='word_1_423' title='bbox 1600 2805 1734 2849; x_wconf 79' lang='lat' dir='ltr'>prefata</span> <span class='ocrx_word' id='word_1_424' title='bbox 1755 2811 1791 2837; x_wconf 91' lang='lat' dir='ltr'>et</span> <span class='ocrx_word' id='word_1_425' title='bbox 1811 2803 1986 2836; x_wconf 89' lang='lat' dir='ltr'>beneficia</span> <span class='ocrx_word' id='word_1_426' title='bbox 2006 2804 2098 2836; x_wconf 88' lang='lat' dir='ltr'>intra</span> <span class='ocrx_word' id='word_1_427' title='bbox 2120 2815 2272 2848; x_wconf 86' lang='lat' dir='ltr'>regnum</span> 
     </span>
    </p>
   </div>
   <div class='ocr_carea' id='block_1_7' title="bbox 409 2870 2273 2916">
    <p class='ocr_par' dir='ltr' id='par_1_10' title="bbox 409 2870 2273 2916">
     <span class='ocr_line' id='line_1_38' title="bbox 409 2870 2273 2916; baseline 0 -14"><span class='ocrx_word' id='word_1_428' title='bbox 409 2871 553 2903; x_wconf 84' lang='lat' dir='ltr'>Francie</span> <span class='ocrx_word' id='word_1_429' title='bbox 572 2871 697 2903; x_wconf 82' lang='lat' dir='ltr'>situata</span> <span class='ocrx_word' id='word_1_430' title='bbox 715 2870 1037 2915; x_wconf 54' lang='lat' dir='ltr'>comprehendere7</span> <span class='ocrx_word' id='word_1_431' title='bbox 1056 2883 1123 2903; x_wconf 87' lang='lat' dir='ltr'>nos</span> <span class='ocrx_word' id='word_1_432' title='bbox 1145 2871 1355 2916; x_wconf 88' lang='lat' dir='ltr'>scrupulum</span> <span class='ocrx_word' id='word_1_433' title='bbox 1374 2870 1617 2904; x_wconf 87' lang='lat' dir='ltr'>dubitacionis</span> <span class='ocrx_word' id='word_1_434' title='bbox 1634 2871 1846 2916; x_wconf 73' lang='lat' dir='ltr'>cujuspiam,</span> <span class='ocrx_word' id='word_1_435' title='bbox 1866 2882 1935 2915; x_wconf 89' lang='lat' dir='ltr'>que</span> <span class='ocrx_word' id='word_1_436' title='bbox 1957 2881 2067 2915; x_wconf 89' lang='lat' dir='ltr'>super</span> <span class='ocrx_word' id='word_1_437' title='bbox 2083 2870 2273 2914; x_wconf 87' lang='lat' dir='ltr'>premissis</span> 
     </span>
    </p>
   </div>
  </div>
 </body>
</html>
