2502 3418
264 375 359 412 1419]
607 388 653 409 AB
690 387 796 409 ANNO
832 386 1121 408 mcccnxxxxiv
1151 386 1282 414 USQUE
1318 387 1366 408 An
1400 387 1539 408 ANNUM
1575 387 1780 409 mccccmi.
2060 375 2127 413 Δ365

260 469 295 495 et
324 461 602 495 suecessoribus
632 462 709 494 suis
739 472 881 493 necnon
909 460 1104 493 conventui
1137 460 1311 505 predictis
1343 460 1559 501 concedere,
1589 461 1685 505 quod
1719 462 1836 506 ipsum
1868 464 2126 495 monasterium

262 528 420 561 Parisius
443 528 583 561 mittere
605 528 795 561 occasione
822 527 1084 572 premissorum
1107 527 1254 559 minime
1280 533 1459 566 teneatur,
1487 527 1551 559 sed
1583 527 1676 560 duos
1702 528 1897 561 monachos
1918 529 2129 562 monasterii

263 595 428 640 predicti,
447 607 557 627 unum
576 595 611 627 in
624 596 707 639 jure
723 606 817 633 can..,
836 600 869 626 et
886 593 995 626 alium
1013 593 1050 625 in
1067 592 1178 626 theol.
1197 593 1402 626 studentem
1422 594 1489 634 [ad]
1506 593 1782 626 Tholosanense
1804 595 1962 627 studium
1986 596 2127 628 mittere

262 669 297 695 et
323 661 373 694 ibi
404 673 467 694 eos
497 668 622 694 tenere
650 660 818 698 debeant,
841 659 1168 693 constitutionibus
1197 666 1313 704 apost.
1346 672 1385 692 ac
1413 661 1556 693 statutis
1585 667 1619 693 et
1652 661 1981 693 consuetudinibus
2013 662 2130 706 ipsius

263 728 475 761 monasterii
496 728 651 772 aliisque
671 727 864 760 contrariis
886 738 958 759 non
980 726 1211 759 obstantibus
1232 726 1571 771 quibuscunque....

353 795 427 827 Fiat
449 794 493 827 de
514 794 684 827 omnibus
706 800 744 826 ut
764 805 873 838 supra
894 793 1113 825 continetur.
1133 794 1171 825 L.
1189 813 1234 817 —-
1250 794 1327 826 Dat.
1352 793 1542 826 Paniscole
1564 795 1778 826 Dertusens.
1802 793 1895 826 dioc.
1915 794 2130 826 duodecimo

265 861 332 894 kal.
356 861 452 902 Maii,
476 873 569 894 anno
590 860 907 904 vicesimoquinto.

356 959 419 988 Reg.
440 958 535 989 Suppl.
556 957 653 981 Bened.
669 958 737 986 xm,
756 962 785 980 n⁰
805 958 845 986 88,
861 958 905 981 sol.
924 958 978 981 3⁴24.
994 971 1024 974 —
1042 957 1232 980 Monasterium
1252 958 1453 982 Bonaecumbae
1469 966 1510 981 an.
1528 959 1586 981 1421
1609 959 1695 981 solum
1718 959 1833 981 schisma
1854 962 1879 982 et
1894 959 1999 982 Petrum
2014 959 2046 981 de
2063 959 2133 982 Luna

263 1002 397 1034 abjuravit
412 1002 476 1032 (vid.
494 1002 567 1026 Gall.
584 1002 690 1031 christ„
705 1002 724 1031 Ι,
741 1003 806 1031 253).

357 1086 381 1111 1.
398 1086 484 1110 Abbas
501 1086 682 1109 Bonaecumbe
698 1094 740 1109 an.
758 1086 827 1113 1404,
843 1086 905 1109 Jun.
922 1086 960 1116 16,
978 1086 1027 1108 fuit
1044 1086 1137 1109 Petrus
1156 1096 1168 1107 «
1184 1086 1215 1109 de
1231 1085 1337 1110 Onhaco
1354 1096 1376 1115 ν,
1393 1086 1436 1110 lic.
1459 1086 1484 1109 in
1501 1087 1571 1110 decr.
1590 1087 1662 1118 (Reg.
1679 1089 1758 1111 Aven.
1775 1087 1872 1111 Bened.
1890 1087 1959 1116 XIII,
1976 1088 2028 1111 vol.
2048 1088 2135 1116 XXXI,

264 1132 308 1155 lul.-
325 1131 401 1160 l1972’).
417 1131 460 1154 Sic
475 1130 586 1154 dubium
602 1131 628 1153 in
643 1131 717 1155 Gall.
732 1130 840 1159 christ„
854 1130 871 1154 l.
888 1139 920 1158 c.,
938 1130 1060 1154 solvitur.

265 1297 409 1334 2130.
432 1308 488 1332 Pro
503 1306 645 1332 Iohanne*
665 1306 771 1332 abbate
789 1310 816 1332 et
832 1311 966 1332 conventu
982 1307 1151 1332 monasterii
1165 1307 1299 1342 Populeti
1320 1306 1384 1332 Ord.
1406 1307 1533 1340 Cisterc.‚
1554 1308 1755 1333 Terraconens.
1772 1307 1873 1341 dioec„
1893 1307 2042 1341 indultum,
2062 1307 2138 1342 quod

354 1356 415 1392 ipse
435 1359 463 1381 et
481 1364 660 1381 successores
681 1364 735 1381 non
756 1359 908 1381 teneantur
928 1355 1149 1381 subministrare
1171 1364 1314 1391 expensas
1338 1355 1485 1381 monachis
1510 1356 1687 1381 Parisiensis
1709 1356 1808 1390 studii,
1827 1355 1977 1381 dummodo
1994 1357 2022 1381 in
2039 1365 2136 1381 mona-

353 1405 440 1431 sterio
456 1404 532 1430 dicto
546 1404 673 1440 aliisque
687 1404 818 1430 domibus
835 1404 1021 1439 regularibus
1037 1404 1164 1440 aliquem
1181 1403 1341 1439 theologum
1358 1408 1483 1431 teneant.

1552 1490 1615 1516 1419
1628 1490 1680 1523 (rel
1692 1491 1721 1516 14
1727 1491 1776 1524 18].

362 1577 477 1600 schedae
493 1576 619 1608 Garnmpi
639 1576 664 1599 in
680 1577 757 1599 Arch.
775 1577 831 1600 vat.
851 1585 863 1599 e
882 1577 944 1607 Reg.
963 1577 1047 1600 Later.
1068 1577 1173 1600 Martini
1188 1578 1217 1606 V,
1234 1586 1276 1601 an.
1294 1579 1317 1607 2,
1332 1578 1379 1601 lib.
1397 1578 1435 1607 12,
1452 1578 1497 1601 sol.
1520 1579 1574 1606 10¹4,
1595 1579 1639 1609 qui
1660 1582 1746 1601 tomus
1767 1582 1854 1601 tamen
1876 1586 1943 1601 nunc
1963 1578 2138 1602 desideratur.

268 1621 456 1644 Monasterium
478 1621 527 1644 hoc
546 1621 602 1653 jam
626 1629 668 1644 an.
695 1621 755 1644 1405
773 1621 957 1652 multipliciter
976 1621 1187 1652 multiplicandis
1214 1622 1338 1645 litteratis
1361 1622 1425 1645 viris
1447 1623 1579 1651 studebat,
1599 1623 1732 1654 imprimis
1756 1623 1826 1646 curis
1850 1631 1920 1654 mag.
1944 1623 2138 1646 Bartholomaci

269 1666 392 1690 Scutiseri
408 1668 500 1697 (supra
514 1670 542 1689 n⁰
555 1666 635 1696 1803),
647 1666 829 1697 procuratoris
846 1666 956 1689 Cisterc.
972 1666 1036 1690 Ord.
1048 1666 1074 1689 in
1087 1667 1158 1689 curin
1171 1668 1255 1692 Rom..
1268 1667 1390 1690 monachi
1407 1667 1524 1698 ejusdem
1538 1668 1690 1691 monasterii
1703 1667 1852 1696 (MAuTisNI-l,
1868 1667 1943 1692 Thes.
1958 1674 2021 1692 nov.
2033 1669 2129 1692 anecd.

269 1712 309 1738 lv,
326 1711 386 1734 1547
400 1713 451 1742 sq).

363 1794 387 1819 1.
404 1794 491 1818 Abbas
508 1794 541 1817 ab
560 1802 602 1817 an.
619 1795 679 1817 1415
695 1794 745 1817 sub
760 1794 901 1818 Benedicta
915 1795 982 1818 XIII.

271 1961 414 1998 2131.
438 1970 590 1996 Anselmus
611 1970 742 2005 carterii,
763 1970 854 1996 dioec.
880 1971 1062 2004 Tornacens.‚
1080 1979 1155 2004 mag.
1181 1970 1208 1995 in
1229 1974 1285 1996 art.
1306 1974 1333 1996 et
1356 1970 1432 1996 hacc.
1454 1970 1559 1998 decret.
1578 1972 1684 2005 Paris„
1704 1972 1753 2006 qui
1773 1972 1858 1997 etiam
1880 1971 1950 1998 ibid.
1968 1971 2141 2007 aliquandiu

359 2020 387 2045 in
403 2019 478 2045 decr.
498 2019 576 2054 legit,
596 2028 651 2045 non
668 2019 764 2045 valens
783 2019 822 2045 ad
842 2019 988 2045 licentiam
1006 2019 1227 2055 adipiscendam
1243 2019 1374 2045 Parisios
1390 2019 1527 2046 accedere
1545 2029 1560 2046 ιι(
1573 2024 1692 2056 propter
1705 2030 1826 2055 guerras
1842 2029 1876 2046 ac
1896 2020 1958 2046 alia
1976 2022 2055 2046 varia
2071 2016 2143 2046 inibi

359 2068 481 2103 vigentia
495 2077 519 2103 »,
536 2068 684 2104 supplicat
698 2060 728 2094 ut
741 2069 769 2094 in
781 2069 911 2094 Romana
927 2069 1008 2093 curia
1023 2068 1063 2094 vel
1075 2068 1128 2094 sub
1139 2068 1312 2107 patriarcha
1327 2069 1671 2105 Constantinopolitano¹‚
1687 2069 1727 2095 vel
1741 2069 1794 2094 sub
1810 2069 1916 2095 abbate
1928 2071 1956 2096 S.
1972 2070 2139 2098 Maxentii?

360 2117 530 2143 Sanctitatis
546 2117 756 2152 referendariis
777 2121 803 2143 et
819 2117 922 2143 decret.
947 2117 1118 2145 doctoribus,
1142 2117 1286 2142 licentiam
1306 2117 1431 2153 recipere
1449 2118 1552 2153 possit.
1574 2118 1644 2144 Fiat.
1662 2118 1694 2144 O.
1716 2134 1751 2137 —
1773 2119 1836 2144 Dat.
1855 2119 1998 2145 Florentio
2018 2119 2064 2152 viij
2083 2119 2140 2145 kal.

360 2166 435 2196 Maii,
452 2174 500 2192 an.
517 2167 658 2197 secundo.

1467 2203 1536 2232 1419,
1555 2203 1647 2235 Aprilis
1662 2203 1704 2232 24,
1722 2204 1874 2229 florentiae.

367 2290 430 2321 Reg.
446 2290 540 2321 Suppl.
555 2290 631 2312 Mart.
644 2290 674 2316 V,
690 2294 719 2312 n⁰
734 2290 788 2315 120.
802 2290 844 2313 sol.
861 2290 898 2312 11.
913 2304 943 2307 —
959 2291 1045 2313 Mense
1059 2290 1151 2314 Octoh.
1163 2290 1218 2321 jain
1230 2294 1258 2313 ut.
1274 2290 1425 2313 licentiatus
1441 2290 1550 2313 affertur
1566 2290 1651 2321 (ibid.7
1668 2291 1702 2313 n³⁵
1718 2291 1770 2316 128,
1786 2291 1829 2314 sol.
1847 2291 1916 2319 1901&
1935 2291 1988 2320 129,
2004 2291 2047 2314 sol.
2063 2293 2111 2319 25).

367 2374 391 2398 1.
404 2374 522 2397 Johanne
537 2374 567 2397 de
585 2374 755 2406 Rupeseissa.
771 2388 797 2392 —
811 2374 833 2399 2.
850 2375 926 2397 Petro
941 2375 1049 2398 Buston.

276 2540 420 2576 2132.
449 2549 624 2575 Universitas
647 2550 742 2576 Paris.
769 2550 915 2585 supplicat
939 2551 1065 2576 Mat-tino
1093 2552 1119 2584 V,
1146 2555 1175 2576 ut
1197 2550 1320 2576 durante
1345 2550 1479 2576 absentia
1500 2549 1639 2575 Jolzannis
1666 2550 1797 2575 Gersonis
1820 2549 1989 2576 cancellarii
2010 2551 2145 2584 magz'sliv

364 2598 488 2623 Joltanni
503 2598 693 2624 Breviscoxae
709 2599 828 2632 officium
845 2599 1072 2625 cancellariatus
1089 2600 1226 2635 imponat.

1512 2635 1581 2663 1419,
1597 2635 1656 2660 Maii
1673 2636 1689 2663 1,
1705 2635 1858 2661 Florentiae.

367 2721 579 2754 Beatissimo
602 2728 714 2766 pater.
745 2722 943 2766 Exponitur
966 2723 1000 2755 S.
1018 2724 1060 2755 V.
1086 2735 1149 2767 pro
1172 2729 1270 2767 parte
1298 2722 1509 2756 devotorum
1536 2729 1737 2754 vestrorum
1766 2722 1916 2754 rectoris
1938 2729 1972 2754 et
1997 2722 2146 2755 Univer-

279 2788 395 2820 sitatis
417 2789 525 2821 studii
550 2789 760 2828 parisiens.7
786 2789 882 2833 quod
905 2789 986 2822 licet
1009 2790 1045 2821 in
1063 2789 1284 2833 elargiendis
1306 2789 1559 2822 Universitatis
1586 2788 1793 2833 hujusmodi
1816 2789 2015 2833 suppositis
2037 2791 2146 2833 (post-

278 2867 380 2898 quam
409 2867 473 2900 per
498 2855 732 2887 scientiarum
755 2856 1031 2900 acquisitionem
1058 2868 1182 2888 eorum
1205 2868 1363 2896 cursum7
1387 2862 1426 2888 ut
1454 2855 1614 2888 bravium
1645 2855 1851 2899 pertingant
1876 2862 1910 2888 et
1939 2856 1975 2887 in
2002 2855 2147 2888 faculta-

279 2920 374 2953 tibus
392 2921 525 2966 quibus
543 2922 763 2954 studuerunt
782 2921 932 2954 licencie
949 2923 1200 2966 graduumque
1219 2923 1415 2954 sortiantur
1430 2921 1600 2958 honores5
1621 2921 1773 2954 feliciter
1789 2925 2146 2965 consummaverunt)
