2502 3418
287 322 383 360 1452]
633 335 679 357 ΑΒ
714 335 818 357 ΑΝΝο
853 334 1140 357 MCCCLxxxxw
1176 334 1307 362 USQUE
1343 335 1390 356 AD
1424 335 1563 357 ANNUM
1598 336 1802 358 MCCCCLII.
2086 329 2147 361 711

284 422 357 443 non
384 416 469 443 sunt
497 410 533 443 in
559 421 640 443 usu.
671 409 863 442 Secundus
891 409 958 441 fuit
990 420 1101 453 super
1128 409 1278 441 materia
1309 409 1593 442 reformationis.
1625 410 1777 443 Tercius
1810 412 2013 445 communis
2039 424 2151 457 super

284 476 635 523 supplicacionibus.
654 477 834 518 Quantum
856 476 900 509 ad
922 476 1076 521 primum
1100 476 1196 508 natio
1219 476 1395 519 [Francic]
1418 482 1527 508 tracta
1548 477 1591 509 ad
1614 483 1748 521 partem
1772 477 1873 510 dedit
1894 478 2085 523 deputatos
2106 479 2149 512 ad

284 544 481 578 videndum
505 551 573 577 tam
596 550 727 577 statuta
749 543 888 588 papalia
910 555 1014 588 quam
1036 542 1230 583 facultatis,
1255 549 1290 575 et
1310 543 1543 575 referendum
1569 544 1730 576 facultati
1756 557 1833 576 cum
1864 545 2046 589 deputatis
2071 546 2150 578 alia-

285 624 362 644 rum
385 611 594 648 nacionum,
617 622 687 656 que
709 617 834 643 essent
848 611 1067 655 juramenta,
1091 622 1161 654 que
1183 622 1256 642 non
1277 617 1363 643 sunt
1383 610 1419 642 in
1441 622 1523 651 usu,
1546 617 1585 643 ut
1605 623 1716 656 super
1741 611 1812 644 hiis
1837 624 1906 656 que
1933 619 2018 645 sunt
2037 613 2149 646 facul-

284 679 367 712 tatis
389 685 425 712 et
444 691 517 711 non
539 684 722 719 tenentur,
741 677 892 710 facultas
914 677 1164 722 dispensaret3
1183 684 1218 710 et
1239 689 1350 722 super
1371 677 1456 719 hiis,
1475 690 1545 722 quc
1563 685 1649 711 sunt
1669 678 1809 723 papalia
1826 685 1861 711 ct
1877 691 1949 711 non
1968 685 2149 721 tenentur,

284 746 445 779 mitteret
464 745 621 790 aliquem
644 744 924 778 ambaciatorem
946 744 1105 777 Turonis
1132 744 1227 789 apud
1254 744 1430 790 legatum¹
1455 757 1520 790 pro
1547 745 1827 790 dispensacione
1857 752 1892 778 et
1916 745 2152 779 absolucione

284 812 557 858 impetrandis?
581 813 763 855 Quantum
785 811 828 844 ad
853 812 1053 844 secundum
1078 811 1212 856 placuit
1232 812 1376 844 nacioni
1401 812 1486 845 dare
1515 812 1707 858 deputatos
1733 813 1940 846 nominatos
1966 813 2009 845 ad
2031 825 2154 858 prose-

285 879 470 925 quendum
492 879 676 912 materiam
699 878 970 911 reformationis
994 878 1189 911 dillatorie.
1213 878 1311 911 Nulli
1333 879 1645 924 supplicaverunt.
1835 881 1874 913 L.
1896 881 2008 913 JOLIS.

377 969 454 993 Arch.
469 968 594 993 Univers.
610 968 705 997 Paris„
718 969 777 992 Lib.
792 975 909 999 procur.
925 972 987 992 nat.
1005 968 1114 996 Gallie„
1130 968 1176 991 sol.
1194 968 1259 991 wsb.
1281 969 1316 991 De
1332 968 1380 991 hoc
1400 969 1479 992 etiam
1494 969 1612 1000 quuitur
1626 971 1755 1000 Auctar.‚
1777 978 1803 1001 p.
1824 971 1878 998 873,
1896 970 1924 993 27
1937 978 1995 1001 sqq.
2011 978 2017 993 :
2035 978 2046 993 c(
2062 978 2151 993 omnes

284 1014 310 1038 in
331 1013 479 1045 inceptione
500 1013 541 1036 sui
563 1013 711 1044 magisterii
731 1013 823 1044 jurant
843 1013 927 1036 multu
949 1016 975 1036 et
995 1012 1070 1036 varia
1092 1013 1251 1044 juramenta,
1274 1021 1323 1044 que
1346 1017 1433 1036 tamen
1455 1014 1488 1036 ab
1510 1014 1577 1045 ipsis
1598 1022 1648 1037 non
1671 1015 1855 1043 observantur,
1878 1017 1903 1037 et
1918 1014 1955 1037 sic
1975 1015 2007 1037 de
2026 1014 2151 1046 perjuriis

284 1059 429 1083 timendum
446 1067 468 1083 »-

376 1135 400 1160 1.
417 1135 495 1159 Card.
512 1135 682 1159 Guillelmum
697 1135 728 1157 de
744 1133 927 1157 Estoutevilla.
941 1147 972 1151 —
986 1133 1011 1158 2.
1029 1133 1127 1157 Revera
1143 1133 1316 1165 dispensavit.
1331 1134 1389 1158 Vid.
1406 1134 1474 1157 infra
1490 1143 1517 1166 p.
1535 1135 1578 1157 732
1594 1143 1634 1166 sq.

285 1289 429 1326 2686.
453 1297 590 1324 Facultas
608 1298 768 1324 medicinae
783 1297 907 1324 Iohanni
921 1298 988 1323 Avis
1006 1302 1063 1323 tres
1079 1306 1170 1323 annos
1185 1297 1276 1323 studii
1291 1298 1319 1323 in
1335 1297 1398 1323 alia
1419 1297 1607 1323 Universitate
1621 1307 1675 1334 pro
1691 1298 1816 1334 quinque
1832 1298 1976 1324 mensibus
1995 1303 2148 1335 computat,

373 1356 409 1373 ea
424 1347 591 1374 condicione
607 1351 638 1373 ut
652 1347 808 1383 quotannis
825 1356 910 1373 unum
926 1347 1081 1373 almanach
1095 1356 1228 1382 magnum
1245 1351 1272 1373 et
1286 1356 1371 1373 unum
1385 1356 1504 1384 parvum
1517 1347 1655 1382 facultati
1671 1347 1728 1373 det.

1474 1428 1550 1458 7452,
1567 1428 1701 1455 Februarii
1710 1429 1734 1457 5,
1750 1429 1865 1455 Parisiis.

370 1508 436 1541 Die
458 1507 598 1541 sabbati
619 1513 655 1542 vs*
676 1507 864 1541 Februarii
883 1508 949 1541 fuit
970 1508 1124 1541 facultas
1145 1508 1327 1541 medicine
1349 1515 1545 1541 convocata
1567 1520 1647 1541 cum
1669 1508 1812 1541 cedulla
1830 1508 1866 1541 in
1890 1509 2019 1541 Sancto
2040 1510 2151 1541 Matu-

280 1576 362 1608 rino
384 1587 448 1620 per
470 1575 673 1609 Guerinum
697 1575 740 1608 de
763 1576 949 1608 Roncourt
969 1574 1144 1608 bidellum
1167 1575 1348 1608 facultatis
1371 1582 1453 1620 post
1475 1575 1621 1608 missam
1643 1575 1825 1608 facultatis

370 1642 593 1688 Supplicavit
624 1654 719 1687 mag.
757 1641 944 1675 Johannes
975 1643 1081 1675 Avis¹
1114 1654 1178 1687 pro
1211 1643 1326 1687 gratia
1359 1642 1431 1675 sihi
1470 1642 1588 1675 fienda
1621 1642 1704 1687 quia
1741 1654 1815 1675 non
1848 1641 2003 1675 habebat
2036 1649 2147 1675 totum

280 1717 424 1755 tempus
446 1709 663 1755 requisitum
686 1721 751 1754 pro
774 1709 1014 1742 baccalariatu
1032 1709 1097 1742 sed
1119 1709 1350 1742 defficiebant
1366 1709 1436 1742 sibi
1459 1710 1620 1754 quinque
1638 1721 1798 1751 menses,
1816 1709 1880 1742 sed
1901 1709 2056 1742 habebat
2077 1716 2150 1742 tres

281 1789 396 1810 annos
418 1777 463 1809 de
484 1776 554 1809 alio
577 1776 715 1817 studio;
740 1782 775 1809 et
795 1776 847 1808 illi
870 1783 944 1809 tres
969 1777 1053 1809 anni
1079 1777 1227 1809 fuerunt
1254 1777 1298 1809 de
1326 1777 1446 1821 gracia
1475 1776 1545 1809 sibi
1573 1777 1771 1821 computati
1799 1788 1863 1821 pro
1887 1776 1961 1809 illis
1989 1776 2150 1821 quinque

280 1844 485 1885 mensibus,
509 1850 544 1876 et
563 1843 631 1876 suit
654 1843 725 1876 sibi
745 1843 835 1876 sacta
861 1844 928 1876 ista
956 1843 1071 1888 gratia
1100 1843 1167 1876 sub
1196 1844 1264 1876 ista
1293 1843 1509 1876 condicione
1538 1844 1635 1888 quod
1664 1844 1833 1876 decetcro
1862 1843 2018 1888 singulis
2046 1843 2150 1876 annis

281 1911 375 1944 circa
404 1911 535 1943 festum
567 1910 772 1944 Nativitatis
802 1910 948 1943 Domini
976 1910 1055 1955 ipse
1086 1910 1185 1943 dabit
1213 1911 1373 1943 facultati
1408 1923 1519 1943 unum
1555 1910 1739 1943 almanach
1766 1922 1934 1955 magnum
1970 1916 2005 1943 et
2038 1922 2147 1942 unum

281 1990 444 2024 parvum.

374 2068 521 2091 Comment.
539 2069 588 2091 sac.
603 2067 682 2096 med.‚
696 2068 728 2097 11,
744 2076 771 2099 p.
785 2067 839 2090 108.

375 2113 474 2136 lterum
489 2112 521 2136 de
536 2112 690 2136 kalendario
705 2112 795 2144 agitur
810 2120 852 2136 an.
869 2112 939 2141 1455,
954 2112 1063 2137 Januar.
1081 2113 1094 2134 2
1108 2120 1113 2135 ’.
1133 2121 1143 2135 (ι
1158 2112 1195 2135 Ad
1211 2112 1399 2136 correctionem
1415 2112 1564 2135 kalandurii
1580 2112 1652 2135 dedit
1667 2113 1806 2143 deputatos
1823 2120 1833 2135 »
1852 2112 1962 2135 facultas
1978 2111 2046 2135 med.
2063 2111 2148 2142 (ihid.,

280 2166 308 2189 p.
326 2158 389 2187 136).

374 2232 399 2258 1.
415 2232 466 2261 Qui
481 2233 597 2256 decanus
613 2234 663 2257 sac.
679 2233 747 2258 med.
762 2233 912 2256 nominatus
928 2236 968 2256 cst
983 2241 1026 2257 un.
1039 2233 1143 2256 1470—72
1159 2241 1306 2264 rursusque
1321 2241 1364 2256 un.
1381 2233 1525 2256 1504-1507.

283 2386 428 2424 2687.
452 2396 607 2422 Licentiati
623 2396 651 2422 in
667 2395 810 2430 facultate
826 2395 995 2423 medicinae.

1516 2439 1591 2467 7452.
1607 2438 1695 2464 Martii
1707 2439 1733 2467 2,
1750 2438 1863 2464 Parisiis.

370 2518 436 2551 Die
461 2518 561 2563 jovis
594 2520 628 2551 2²²
659 2519 797 2552 mensis
839 2519 966 2553 Marcii
1000 2520 1085 2552 anni
1120 2519 1305 2552 millesimi
1341 2518 1495 2552 CCCCmi
1527 2517 1822 2563 quinquagesimi
1857 2517 1964 2562 primi
2002 2517 2149 2550 suerunt

282 2585 462 2618 licenciati
550 2586 588 2618 in
613 2586 692 2619 aula
720 2586 858 2619 domini
884 2587 1048 2632 episcopi
1075 2587 1187 2619 Paris.
1212 2598 1276 2631 per
1297 2586 1483 2619 (lominum
1506 2598 1638 2626 mcum,
1666 2585 1852 2617 (lominum
1879 2584 2146 2624 cancellarium,

281 2653 454 2686 videlicet
483 2665 577 2698 mag.
610 2653 808 2686 Robertum
838 2654 1020 2695 Ciboullc,
1053 2660 1087 2686 et
1116 2654 1233 2687 vocati
1263 2654 1306 2685 ad
1339 2653 1527 2685 licenciam
1558 2665 1623 2697 per
1649 2652 1849 2685 Guerinum
1877 2652 1921 2684 ‹le
1950 2653 2146 2693 Roncourt,

282 2720 520 2765 principalem
541 2719 725 2753 bedellum
747 2721 941 2762 facultatis,
965 2721 1164 2753 secundum
1188 2720 1352 2753 ordinem
1375 2720 1436 2764 qui
1458 2719 1623 2764 sequitur
1646 2731 1653 2751 2

374 2815 413 2835 1¹¹⁸
432 2810 505 2843 Mag.
522 2810 689 2836 Temannus
704 2811 740 2837 de
755 2811 884 2837 Goudat.
1323 2810 1364 2839 [³¹¹⁵
1383 2810 1456 2843 Mag.
1474 2810 1621 2835 Johannes
1634 2807 1749 2835 Rose'e2.

373 2866 414 2885 2¹¹⁵
452 2874 485 2879 -—-
523 2860 678 2893 Dyonisius
692 2861 727 2887 dc
744 2861 969 2887 Soubz-le-sour.
1321 2860 1362 2885 5¹¹⁵
1399 2874 1433 2878 —
1471 2859 1618 2884 Johanncs
1633 2859 1792 2884 Renouart.

373 2909 414 2935 3ιη
452 2923 487 2927 -
526 2909 627 2935 Petrus
641 2909 676 2935 de
693 2910 834 2936 llamello.
1321 2909 1362 2934 6ιιὸ
1399 2924 1434 2927 —
1470 2908 1630 2934 Richardus
1646 2907 1778 2940 Goulley.
