2502 3418
378 337 441 372 732
735 360 738 364 -
957 347 1277 370 CHARTULARIUM
1310 346 1503 369 umvans.
1540 346 1671 368 PARIS.
2139 332 2238 368 [1452

378 435 451 456 non
478 424 621 468 possint
641 424 859 469 promoveri,
883 423 914 456 si
942 435 1007 469 per
1032 430 1209 456 rectorem
1232 429 1292 455 aut
1316 428 1573 467 procuratores
1600 421 1786 454 nationum
1813 432 1958 453 suarum
1987 426 2042 452 ter
2067 419 2195 452 moniti
2220 431 2238 451 a

378 486 512 524 talibus
532 503 605 524 non
631 491 850 533 destiterint,
873 491 1044 536 quodque
1071 490 1230 535 quandiu
1252 489 1399 523 stabunt
1424 490 1461 522 in
1481 496 1583 522 veste
1609 489 1725 522 cineta
1746 494 1807 521 aut
1831 494 1930 521 curta
1951 494 2009 520 aut
2035 486 2116 519 aliis
2137 485 2238 518 habi-

377 557 475 591 tibus
496 558 701 591 inhonestis
722 558 909 604 predictis,
934 558 1074 590 nullum
1091 558 1236 603 penitus
1252 564 1375 591 votum
1397 556 1553 590 habeant
1572 556 1609 589 in
1626 556 1703 589 suis
1720 554 1943 596 nationibus,
1962 552 2027 587 nec
2049 554 2144 587 inter
2159 560 2240 587 vota

378 625 534 658 nationis
555 625 679 659 talium
700 633 780 659 vota
802 632 1056 670 computentur
1077 637 1223 670 quoquo
1245 625 1366 657 modo.

467 694 554 726 Item
581 693 675 726 circa
696 693 840 726 easdem
862 692 1167 738 congregationes
1188 691 1379 733 facultatis,
1403 690 1673 732 Universitatis,
1695 697 1756 723 aut
1782 690 1887 723 etiam
1913 689 2072 722 nationis
2093 700 2157 721 seu
2179 700 2241 721 na-

377 760 515 793 tionum
538 760 767 793 statuendum
786 766 820 793 et
840 760 1080 792 ordinandum
1103 759 1285 799 duximus,
1309 765 1417 803 prout
1434 758 1626 791 statuimus
1646 764 1682 790 et
1702 757 1925 798 ordinamus,
1945 757 2011 789 et⁶⁵
2029 756 2240 789 auctoritate

376 827 575 872 apostolica
596 827 830 872 precipimus,
854 833 892 859 ut
908 826 1061 859 honeste
1079 833 1114 859 et
1134 826 1294 871 graviter
1316 825 1517 858 secundum
1540 825 1813 858 condecentiam
1835 823 2014 857 facultatis
2036 830 2071 856 et
2091 822 2241 856 Univer-

377 894 506 935 sitatis,
529 900 588 926 aut
609 894 714 927 etiam
736 893 894 926 nationis
919 893 1166 934 celebrentur,
1190 892 1348 937 fiantque
1374 891 1660 925 deliberationes
1685 891 1942 936 magistrorum
1969 890 2146 931 ordinate,
2174 902 2241 922 nec

379 973 472 994 unus
504 967 624 994 votum
652 960 802 993 alterius
827 960 1080 1005 interrumpat,
1108 960 1173 993 sed
1204 971 1270 992 sue
1301 959 1480 992 sessionis
1508 959 1673 992 ordinem
1701 965 1736 991 et
1760 958 1895 1003 gradus
1921 957 2167 1002 antiquitatem
2198 956 2242 989 ad

377 1028 599 1073 loquendum
630 1028 728 1059 omni
753 1027 861 1060 modo
892 1033 1068 1072 expectet.
1095 1027 1201 1069 Quod
1232 1027 1263 1059 si
1288 1027 1475 1071 contingat
1498 1026 1610 1071 (quod
1632 1025 1737 1069 absit)
1763 1031 1802 1058 ut
1825 1025 1957 1070 aliquis
1985 1024 2240 1069 magistrorum

376 1095 413 1127 in
435 1095 660 1127 manifestam
681 1094 849 1137 injuriam
871 1101 931 1127 aut
951 1093 1207 1127 contumeliam
1228 1094 1286 1127 vel
1306 1093 1510 1127 convicium
1534 1099 1747 1138 prorumpat
1770 1092 1934 1133 alterius,
1957 1091 2128 1136 quamdiu
2152 1090 2243 1123 deli-

377 1162 516 1195 beratio
543 1162 580 1194 in
611 1173 674 1194 sua
697 1161 843 1194 natione
869 1161 1048 1206 procedit,
1074 1167 1289 1206 procurator
1316 1167 1352 1194 et
1379 1161 1545 1206 magistri
1575 1160 1681 1193 talem
1713 1160 1763 1193 sic
1791 1158 2091 1204 blasphemum⁶⁶,
2118 1158 2243 1191 convi-

376 1230 528 1262 ciantem
551 1236 586 1262 et
606 1229 824 1274 injuriosum
846 1241 864 1262 a
886 1241 951 1262 suo
969 1228 1148 1274 repellant
1168 1228 1368 1270 consortio,
1386 1229 1502 1261 donec
1524 1228 1770 1261 satisfactione
1791 1227 1881 1260 sacta
1903 1226 1994 1272 parti
2014 1226 2183 1271 injuriate
2199 1225 2243 1258 ad

376 1296 564 1330 arbitrium
590 1296 743 1329 rectoris
770 1303 804 1329 et
831 1303 986 1341 quatuor
1011 1303 1287 1341 procuratorum
1313 1295 1542 1329 reconciliari
1568 1301 1761 1328 mereatur.
1783 1294 1890 1337 Quod
1913 1294 1944 1327 si
1965 1306 1983 1326 a
2007 1293 2242 1335 clamoribus,

377 1363 620 1397 seditionibus
642 1370 703 1396 aut
722 1364 868 1408 injuriis
894 1364 1023 1408 prefati
1049 1364 1176 1396 moniti
1201 1375 1267 1408 per
1291 1370 1470 1396 rectorem
1491 1363 1548 1396 vel
1570 1368 1844 1408 procuratorem
1871 1373 1944 1394 non
1970 1361 2160 1403 desistant,
2183 1372 2244 1393 ex-

377 1431 716 1464 communicationis
742 1430 922 1463 sententie
951 1430 1099 1464 vinculo
1125 1430 1338 1463 auctoritate
1363 1430 1561 1476 apostolica
1591 1429 1824 1471 innodamus,
1851 1441 1868 1461 a
1899 1440 1967 1473 qua
1996 1440 2069 1461 non
2099 1427 2244 1473 possint

377 1498 532 1540 absolvi,
552 1498 624 1531 nisi
646 1510 663 1531 a
685 1497 902 1531 cancellario
926 1498 1127 1531 Parisiensi
1147 1500 1391 1543 (preterquam
1416 1498 1453 1530 in
1479 1497 1606 1530 mortis
1627 1496 1804 1540 articulo),
1827 1508 1893 1529 nec
1915 1507 2040 1528 eorum
2061 1501 2183 1529 votum
2205 1495 2242 1527 in

377 1565 614 1598 conclusione
635 1565 798 1598 facienda
819 1565 914 1598 dicte
931 1564 1230 1610 congregationis
1252 1577 1369 1610 usque
1391 1565 1434 1597 ad
1456 1576 1581 1597 eorum
1603 1564 1871 1597 absolutionem
1893 1569 2134 1608 computetur.

1162 1690 1269 1724 Circa
1294 1689 1455 1724 bz'dellos.

467 1808 554 1839 Item
582 1806 774 1839 statuimus
795 1813 830 1839 et
855 1806 1067 1839 ordinamus
1093 1806 1353 1840 nichilominus
1380 1807 1583 1840 districtius
1603 1805 1813 1839 inhibentes
1834 1804 2005 1838 omnibus
2030 1810 2066 1837 et
2086 1803 2243 1849 singulis

378 1874 542 1918 ejusdem
568 1873 748 1906 facultatis
773 1873 942 1915 bedellis,
965 1875 1262 1919 cujuscumque⁶⁷
1290 1875 1446 1908 nationis
1468 1875 1635 1915 existant,
1659 1885 1704 1906 ne
1728 1886 1746 1906 a
1772 1872 1976 1906 scolaribus
2000 1871 2244 1904 determinan-

379 1940 490 1982 tibus,
512 1940 743 1982 bachalariis,
765 1941 1010 1983 licentiandiS,
1032 1948 1093 1975 aut
1112 1942 1215 1975 etiam
1239 1942 1498 1987 magistr-andis
1519 1941 1656 1986 aliquid
1681 1941 1825 1986 exigant
1844 1946 1966 1985 preter
1981 1940 2064 1983 jura
2084 1938 2242 1983 antiqua,

375 2020 449 2054 ⁴que
478 2008 613 2041 debent
642 2015 677 2041 et
703 2016 975 2043 consueverunt
1004 2021 1068 2054 per
1097 2010 1246 2042 eosdem
1273 2009 1356 2051 sibi,
1387 2010 1525 2043 ratione
1555 2021 1703 2042 suorum
1733 2008 1946 2048 officiorum,
1974 2013 2010 2040 et
2038 2018 2111 2039 non
2142 2005 2243 2046 alias,

381 2076 502 2109 debite
523 2075 697 2121 persolvi.

469 2175 597 2208 Cetera
628 2181 744 2208 autem
771 2175 950 2208 facultatis
979 2182 1109 2208 statuta
1140 2188 1209 2220 que
1239 2175 1282 2209 ad
1316 2175 1492 2209 honorem
1524 2182 1559 2208 et
1592 2175 1792 2208 decentiam
1826 2173 2006 2207 facultatis
2039 2171 2245 2205 conducere

380 2242 561 2283 videntur,
590 2249 624 2275 et
648 2254 718 2287 que
744 2243 933 2275 commode
959 2243 1158 2275 secundum
1186 2250 1390 2288 temporum
1415 2250 1450 2276 et
1473 2255 1592 2276 rerum
1618 2242 1834 2288 exigentiam
1861 2241 2016 2274 honeste
2047 2246 2082 2273 et
2108 2238 2245 2284 absque

382 2309 594 2342 scandalosa
618 2309 777 2343 novitate
805 2316 961 2354 possunt
981 2309 1181 2352 observari,
1205 2310 1502 2343 commendamus
1529 2317 1564 2343 et
1587 2309 1844 2355 approbamuS,
1868 2314 1902 2341 et
1927 2305 2245 2340 exhortamur'illa

383 2376 582 2418 observari,
608 2377 804 2409 dummodo
830 2377 912 2410 talia
938 2389 1011 2410 non
1037 2377 1121 2419 sint,
1150 2390 1220 2422 que
1246 2390 1355 2423 supra
1381 2378 1527 2423 scriptis
1553 2377 1690 2410 nostris
1720 2376 1863 2410 statutis
1890 2382 1925 2408 et
1954 2372 2245 2407 ordinationibus

383 2443 539 2476 obstent.
571 2444 759 2477 Contraria
787 2445 882 2476 enim
912 2451 946 2477 et
975 2445 1215 2490 repugnantia
1245 2446 1381 2478 nostris
1414 2444 1706 2478 ordinationibus
1736 2443 1946 2477 auctoritate
1976 2431 2174 2486 apostolica
2203 2451 2246 2472 ex

384 2517 478 2543 certa
500 2511 649 2543 scientia
671 2523 896 2553 revocamus,
916 2524 1102 2545 cassamus
1124 2519 1159 2545 et
1180 2511 1413 2557 abrogamus.

475 2578 685 2622 Specialiter
704 2585 822 2611 autem
843 2578 1014 2612 nolumus
1035 2579 1206 2624 aliquem,
1228 2580 1290 2624 qui
1311 2580 1355 2612 de
1377 2592 1470 2613 novo
1492 2580 1529 2612 in
1550 2579 1643 2612 dicta
1660 2578 1827 2612 facultate
1848 2577 1896 2610 Sit
1914 2577 2141 2621 incepturus,
2159 2574 2246 2607 obli-

385 2640 468 2688 gari
487 2645 530 2676 ad
550 2645 753 2688 juramenta
779 2657 848 2690 que
875 2653 1079 2691 sequuntur
1101 2658 1108 2679 :

476 2713 507 2743 1⁰
528 2712 582 2744 Ad
598 2713 842 2755 juramentum
871 2713 962 2745 illud
990 2714 1191 2746 secundum
1218 2715 1254 2746 in
1280 2715 1407 2747 ordine
1424 2716 1712 2759 juramentorum
1739 2713 1776 2745 in
1801 2723 1908 2745 manu
1934 2710 2087 2743 rectoris
2112 2709 2247 2741 sacien-

385 2778 526 2817 dorum,
542 2778 713 2811 videlicet
733 2779 777 2811 de
799 2779 1044 2824 disputatione
1067 2781 1304 2826 quadraginta
1326 2782 1517 2823 dierum⁶⁸,
1534 2787 1568 2814 et
1585 2779 1887 2814 determinatione
1903 2777 2143 2820 Questionum
2165 2780 2248 2819 post

385 2843 626 2887 inceptionem
649 2845 685 2876 in
707 2845 800 2878 dicta
821 2846 1000 2879 facultate.

472 2911 505 2942 2⁰
524 2910 579 2942 Ad
596 2912 839 2954 juran'lentuin
857 2925 1016 2957 sequens
1038 2915 1081 2947 de
1104 2915 1224 2948 eundo
1245 2916 1281 2948 in
1302 2915 1425 2948 habitu
1448 2927 1513 2960 per
1533 2914 1741 2960 quindecim
1759 2914 1885 2946 dies⁶⁹.

2489 3346 2502 3418 Ξ
