2502 3418
286 322 382 359 1420]
632 335 680 356 ΑΒ
715 334 822 356 ANNO
857 333 1145 355 MCCCLxxxxlv
1179 332 1310 361 USQUE
1345 333 1393 354 AD
1427 332 1565 354 ANNUM
1601 332 1807 355 MGCCCL11.
2086 325 2149 358 381

284 490 428 527 2162.
451 508 467 526 ι
483 499 618 535 Epistola
633 499 766 533 magistri
780 498 869 524 Alani
892 498 1058 531 [Cleartier]
1077 497 1117 523 ad
1137 497 1353 523 Universitatem
1369 497 1564 523 Parisiensem
1581 506 1595 523 ›>
1612 497 1647 523 de
1666 497 1751 522 malis
1767 498 1795 522 in
1814 499 1936 523 Francia
1954 499 2108 532 vigentibus
2125 504 2152 525 et

371 548 407 575 de
421 557 485 575 ver-a
497 557 571 584 pace
587 548 625 574 ab
646 547 835 574 Universitate
846 547 1041 583 procuranda.

1539 618 1580 644 Αη.
1599 618 1671 647 1420,
1686 620 1749 650 post
1760 618 1831 644 dunis
1841 618 1865 643 4.

371 734 474 767 Alma
495 741 621 775 mater,
643 734 798 767 fecunda
820 733 906 766 filiis
932 740 967 765 et
987 733 1135 778 copiosa
1161 732 1365 777 discipuliS,
1390 739 1516 765 nature
1537 732 1594 764 lex
1619 732 1777 765 instituit
1801 739 1835 764 et
1859 733 1999 777 equitas
2026 734 2151 766 suadet

282 808 322 834 ut
342 807 508 846 repetant
527 801 697 846 proprios
719 812 862 845 queque
885 811 1058 833 recursus
1080 800 1272 844 redituque
1294 811 1360 832 suo
1383 799 1527 844 singula
1548 799 1741 844 gaudeant.
1768 800 1842 831 Hoc
1864 811 1920 831 me
1943 807 2150 844 preceptum

283 868 434 909 monuit,
453 868 530 913 ipsa
552 867 722 900 excitavit
743 866 932 912 obligatio,
951 873 991 899 ut
1010 873 1216 911 presentem
1236 866 1426 911 epistolam
1444 865 1642 898 scriberem
1664 878 1702 899 ac
1724 866 1759 898 in
1781 866 1905 899 matris
1928 866 2150 899 reflecterem

282 934 435 980 gremio,
461 946 566 979 quam
594 933 637 967 ab
667 934 744 978 ipsa
768 934 914 978 suscepi
940 934 1207 978 professionem
1235 933 1410 966 veritatis.
1440 933 1592 974 Graves,
1624 933 1728 977 equis
1758 933 1895 966 invisas
1926 933 2054 974 oculis,
2077 934 2153 966 ani-

282 1002 424 1046 misque
445 1001 619 1034 molestas
641 1001 841 1046 angustias,
861 1000 994 1045 quibus
1015 1000 1083 1033 hoc
1105 1000 1340 1033 memorabile
1362 1012 1514 1045 regnum
1538 1000 1755 1041 concutitur,
1779 1000 1864 1033 licet
1883 1012 2028 1033 narrare
2050 1000 2155 1033 lacri-

282 1068 350 1101 mis
382 1068 430 1100 sit
458 1068 746 1108 incitamentum,
774 1068 878 1100 etiam
907 1074 942 1100 et
971 1079 1235 1112 supervacuum
1257 1067 1413 1100 videtur.
1441 1068 1527 1099 Nam
1549 1066 1616 1099 hcc
1637 1067 1674 1099 in
1694 1066 1848 1099 fabulam
1872 1067 1997 1112 regnis
2019 1067 2153 1100 exteris

282 1141 317 1167 et
346 1135 383 1167 in
409 1141 576 1167 nostrum
606 1134 844 1180 obprobrium
867 1134 1048 1166 horrenda
1079 1134 1291 1167 recitatione
1315 1134 1508 1167 vilescunt.
1531 1134 1720 1178 Nimisque
1742 1134 1865 1179 (proth
1887 1134 2021 1176 dolor),
2045 1135 2153 1166 nimis

281 1202 426 1247 cognita
446 1214 505 1234 res
527 1208 595 1243 est,
619 1201 831 1246 utinamque
853 1208 1029 1246 perpetuo
1052 1201 1198 1234 silentio
1220 1207 1419 1246 tegeretur,
1443 1207 1677 1245 nostramque
1699 1201 1742 1234 ad
1767 1201 1834 1234 hoc
1855 1208 2060 1234 verteretur
2080 1202 2154 1234 sol-

281 1268 444 1310 licitudo,
468 1275 507 1301 ut
526 1268 713 1301 consulta¹
738 1280 837 1313 pace,
866 1275 1064 1301 restaurata
1084 1268 1188 1309 fama,
1217 1274 1252 1301 et
1271 1268 1416 1301 virtutis
1444 1280 1512 1312 ope
1539 1274 1765 1309 renascente,
1794 1268 1830 1300 in
1857 1268 2019 1313 primevo
2040 1268 2154 1301 felici-

281 1336 364 1368 tatis
386 1342 548 1381 tempora
570 1335 854 1380 respiraremus!

371 1403 442 1436 Sed
475 1415 593 1448 quam,
626 1403 684 1447 pia
715 1409 839 1443 mater,
870 1401 1161 1447 expectabimus²
1189 1414 1332 1443 vocem,
1365 1414 1434 1446 que
1465 1414 1588 1446 pacem
1618 1401 1795 1442 hortetur,
1825 1414 1894 1446 que
1924 1414 2151 1435 communem

281 1481 425 1503 causam
448 1476 483 1502 et
502 1469 668 1514 publicas
690 1469 937 1514 querimonias
960 1470 1104 1502 efferat³
1125 1469 1161 1501 in
1183 1469 1326 1502 lucem?
1346 1469 1413 1502 Cui
1434 1481 1541 1502 aures
1562 1468 1730 1514 prebebit
1749 1481 1837 1513 vaga
1859 1476 1964 1513 atque
1988 1469 2153 1514 dispersa

282 1536 407 1582 populi
428 1536 465 1568 in
486 1536 699 1569 alterutrum
722 1536 923 1581 exasperati
945 1536 1150 1577 moltitudo,
1174 1542 1212 1568 ut
1236 1535 1431 1568 concordia
1457 1536 1610 1569 invicem
1642 1537 1894 1568 mansuescat?
1920 1536 1955 1568 Si
1984 1536 2150 1572 tacueris,

282 1603 363 1648 quis
385 1603 579 1647 loquetur?
609 1604 645 1636 Si
673 1602 764 1636 hanc
792 1610 852 1636 aut
879 1603 975 1635 illam
998 1609 1135 1648 partem
1157 1603 1428 1648 pertimescasb,
1458 1603 1540 1647 quis
1566 1602 1738 1635 audebit?
1763 1603 1799 1635 Si
1827 1603 2049 1647 neglexeris,
2072 1603 2153 1647 quis

282 1670 444 1703 hortator
472 1670 624 1703 sedulus
654 1669 880 1703 remanebit?
905 1670 1019 1704 Vides
1053 1670 1207 1703 hostiles
1242 1670 1399 1715 impetus
1427 1670 1573 1714 antique
1604 1669 1793 1702 inimicitie
1822 1670 2018 1709 irruentes,
2050 1670 2152 1702 vides

282 1737 478 1770 intestinos
510 1737 668 1782 impetus
695 1743 729 1769 et
759 1738 902 1770 furores
930 1737 1132 1777 induratos,
1161 1737 1207 1769 ita
1239 1743 1276 1769 ut
1307 1737 1343 1769 in
1372 1736 1647 1782 nobismetipsis
1678 1737 1872 1769 seviamns.
1911 1737 1989 1779 Que
2024 1737 2151 1777 virtus,

281 1815 409 1848 queso,
437 1810 495 1837 aut
524 1816 594 1848 que
626 1810 785 1848 potestas
807 1804 905 1836 intus
936 1804 1164 1849 impugnata5
1193 1810 1253 1836 aut
1283 1815 1458 1848 oppressa
1484 1804 1643 1836 externis
1673 1803 1907 1848 perdurabit?
1927 1805 2006 1836 Nou
2028 1803 2152 1836 hostes

280 1870 461 1912 verbales,
480 1871 545 1903 sed
567 1883 722 1903 comune
743 1870 878 1903 bellum
892 1872 921 1912 ⁶3
944 1877 1105 1904 exterum
1128 1870 1270 1903 hostem
1292 1871 1404 1911 intus,
1422 1883 1460 1903 ac
1482 1883 1525 1903 ex
1545 1870 1783 1903 interioribus
1800 1870 1936 1903 nostris
1953 1871 2153 1903 exteriores

280 1937 470 1971 habemus.
503 1939 649 1970 Intuere
678 1950 782 1982 quam
814 1938 925 1983 longe
953 1938 1090 1971 distent
1118 1937 1298 1970 bellorum
1327 1938 1499 1983 pacisque
1521 1944 1697 1983 tempora,
1719 1944 1923 1982 quantaque
1945 1950 2084 1970 morum
2107 1938 2154 1970 sit

282 2017 478 2049 rerumque
501 2005 707 2050 disparitas,
731 2017 853 2050 pacem
877 2005 975 2037 bello
996 2012 1231 2038 commutare.
1260 2005 1463 2038 Recordare
1485 2017 1564 2037 cum
1587 2017 1651 2049 per
1672 2004 1854 2050 pacificata
1878 2011 2036 2049 tempora
2058 2005 2152 2049 apud

282 2078 314 2105 te
343 2072 461 2104 studia
491 2079 780 2117 propagarentur
805 2072 1019 2113 litterarum,
1048 2073 1150 2117 quasi
1178 2084 1286 2105 aurea
1314 2072 1435 2105 secula
1456 2073 1535 2105 (lies
1556 2072 1637 2105 illas
1660 2072 1880 2116 prosperari,
1907 2072 2151 2111 elucesce1·e⁷,

282 2138 466 2171 doctrinas
498 2138 605 2171 fidem
639 2139 794 2172 exaltare
825 2146 860 2172 et
890 2140 1100 2172 universum
1132 2151 1197 2184 per
1224 2139 1347 2172 orbem
1382 2139 1548 2184 palmites
1582 2146 1641 2171 tue
1671 2139 1834 2184 gloriose
1864 2139 1955 2170 same
1987 2138 2152 2171 dilatatos

283 2205 431 2238 remotis
461 2205 677 2238 nacionibus
704 2206 871 2239 emisisse
903 2207 1071 2239 nitorem.
1103 2208 1205 2239 Nunc
1234 2206 1302 2239 sub
1330 2218 1446 2239 amara
1475 2212 1697 2251 paupertate,
1720 2212 1831 2246 metu,
1861 2205 2039 2249 angustia,
2062 2205 2152 2237 auti-

282 2283 510 2316 quorumque
533 2272 692 2305 hostium
715 2273 889 2306 servitute
911 2273 1094 2318 variisque
1117 2273 1308 2306 doloribus
1328 2274 1421 2305 uteri
1447 2273 1498 2305 tui
1527 2273 1694 2317 genitura
1715 2272 1784 2304 huc
1807 2279 1841 2304 et
1862 2272 1947 2304 illuc
1970 2272 2153 2317 spargitur

283 2345 450 2382 tanquam
473 2338 575 2371 navis
598 2345 813 2384 tempestate
835 2340 945 2372 fracte
967 2340 1228 2385 superlectiliS,
1257 2352 1326 2384 que
1347 2340 1456 2373 variis
1485 2340 1521 2371 in
1549 2338 1733 2372 littoribus
1755 2338 1903 2383 pellitur
1924 2338 2094 2378 lacerata3
2119 2345 2152 2370 et

282 2417 352 2450 que
373 2405 468 2450 apud
499 2411 533 2438 te
565 2406 740 2438 remansit
768 2407 872 2451 pars⁸
893 2406 1127 2448 venerabilis,
1150 2419 1363 2451 quamquam
1393 2418 1465 2439 non
1491 2407 1630 2450 dejecta
1651 2412 1782 2446 manet,
1805 2405 1931 2437 afflicta
1955 2412 2071 2437 tamen
2091 2405 2150 2449 pio

282 2472 426 2516 cogitur
446 2472 575 2504 affectu
598 2474 802 2505 maternos⁹
829 2473 1013 2518 planxisse
1041 2474 1201 2506 dolores.
1233 2474 1336 2506 I'nde
1365 2473 1470 2506 dolor
1500 2473 1561 2505 ille
1593 2479 1652 2505 tuo
1683 2472 1773 2504 adeo
1802 2472 1901 2504 cordi
1933 2472 2151 2504 constrictus

282 2545 348 2579 est,
373 2545 411 2571 ut
432 2550 504 2571 non
527 2538 649 2583 aliquo
671 2540 853 2584 spiraculo
875 2541 963 2573 soris
985 2548 1165 2585 appareat,
1193 2541 1433 2585 planctusque
1456 2552 1527 2572 11011
1548 2539 1780 2584 querulosos,
1804 2539 1868 2571 sed
1892 2538 1942 2570 rei
1969 2538 2151 2571 officiosos

283 2605 424 2646 educat,
447 2605 503 2637 001
525 2612 560 2637 et
581 2606 611 2637 si
633 2618 705 2638 non
727 2614 952 2648 succurrant,
977 2614 1094 2640 tamen
1116 2607 1334 2640 condoleant
1355 2607 1558 2639 audientes.
1582 2606 1652 2638 Sed
1674 2606 1704 2638 si
1734 2605 1882 2650 proprio
1905 2605 2031 2637 dolore
2058 2611 2152 2650 post-

283 2672 401 2716 posito
423 2671 609 2716 publicum
632 2673 936 2717 preponderares,
959 2674 989 2706 si
1011 2686 1173 2707 eversam
1195 2673 1455 2718 rempublicam
1481 2673 1701 2712 attenderes,
1724 2671 1786 2704 ubi
1813 2671 1929 2716 legeS,
1958 2683 2039 2716 que,
2070 2684 2148 2704 cum

283 2739 378 2771 inter
399 2750 495 2771 arma
516 2739 639 2777 silent,
662 2740 757 2772 inter
777 2740 843 2773 1100
865 2747 932 2773 tam
957 2741 1117 2774 crudelia
1139 2736 1403 2778 obmutescant,
1426 2740 1487 2772 ubi
1509 2740 1574 2781 sas,
1602 2739 1663 2771 ubi
1693 2740 1854 2771 rectum?
1881 2738 2015 2771 Videre
2044 2738 2150 2771 1010111

282 2805 409 2838 videor
430 2806 534 2850 regni
561 2806 741 2850 polliciam
766 2807 868 2851 quasi
890 2807 933 2840 ad
954 2808 1153 2840 contrarias
1173 2807 1276 2852 leges
1298 2819 1493 2852 moresque
1515 2812 1762 2851 repugnantes
1783 2812 2047 2843 conunutatam,
2070 2818 2149 2838 cum

283 2884 346 2917 pro
376 2873 654 2905 mansuetudine
685 2873 808 2906 feritas
840 2881 874 2906 et
906 2886 971 2919 pro
1003 2875 1231 2907 animositate
1262 2874 1298 2906 in
1325 2874 1450 2906 hostes
1476 2872 1756 2918 pusillanimitas
1778 2872 1994 2916 obrepserit.
2024 2873 2148 2904 Timeo
