2502 3418
417 318 483 352 294
998 329 1317 354 cflAnTuLAnlum
1352 328 1542 351 umvssns.
1579 329 1708 350 rmus.
2189 314 2290 352 [1414

506 405 579 438 Mag.
597 405 684 431 Guill.
702 406 855 439 Pelliparii.
1455 404 1528 437 Mag.
1546 404 1612 429 Joh.
1630 403 1723 430 Basin.

524 467 559 471 —
597 453 685 479 Henr,
703 453 801 480 Pelati.
1476 466 1507 471 —-
1546 451 1612 477 Joh.
1629 451 1665 478 de
1681 451 1758 477 Pisis.

595 500 660 526 Joh.
676 501 825 528 Tancardi.
1545 500 1633 526 Guill.
1650 500 1686 526 de
1700 499 1836 525 sardinis.

597 549 662 576 Joh.
679 550 721 576 du
733 550 854 583 Matroy.
1545 548 1689 574 Robertus
1701 546 1888 573 Charmolue.

596 597 667 623 Rob.
684 597 720 624 de
735 597 761 624 S.
779 597 936 624 Germano.
1545 596 1612 622 Joh.
1629 596 1715 630 Gray.

598 646 642 672 Jo.
659 646 782 673 Belardi.
1546 644 1670 671 Jacobus
1684 645 1816 678 Despars.

598 695 685 721 Henr.
703 695 828 729 Doigny.
1547 693 1712 728 Stephanus
1727 694 1763 721 de
1777 694 1900 728 Rovroy.

596 744 720 770 Jacobus
735 742 921 777 Sacquespee.
1548 742 1633 775 Hugo
1648 742 1742 768 Fabri.

598 791 686 817 Guill.
704 791 827 824 Nepotis.
1546 789 1612 816 Joh.
1630 789 1745 816 Cadart.

597 839 692 865 Droco
708 839 823 866 Dccani.
1548 838 1689 864 chricus
1701 837 1840 864 Thibout.

596 888 662 914 Joh.
679 888 794 914 Casson.
1547 887 1646 914 Micael
1662 887 1771 914 Boveti.

597 936 656 962 Yvo
672 936 760 962 Levis.
1547 936 1649 962 Petrus
1663 935 1819 963 Bernicoti.
1925 963 1930 968 st

595 985 695 1011 Petrus
711 984 908 1010 Cardonnelli.
1548 985 1649 1011 Petrus
1664 985 1788 1012 Brachii.
1973 985 2028 1020 130]

523 514 561 1003 lllllllllll

1473 515 1510 1004 ΙΙΙΙΙΙΙΙΙΙΙ

510 1072 653 1096 Comment.
671 1073 720 1095 sac.
735 1072 814 1101 med.⁷
833 1072 853 1100 l,
868 1080 896 1103 p.
912 1072 966 1095 19¹4.
984 1085 1015 1090 —
1030 1072 1094 1096 NoV.
1111 1073 1140 1096 17
1157 1073 1256 1096 electus
1274 1075 1314 1097 est
1334 1072 1449 1096 decanus
1464 1073 1558 1096 Petrus
1574 1073 1717 1104 Bernicoti,
1740 1081 1812 1105 mag.
1828 1073 1855 1097 in
1870 1073 1973 1097 artibus
1988 1077 2014 1098 et
2029 1073 2057 1097 in
2070 1073 2213 1107 medicina,
2228 1073 2293 1106 quia

416 1117 476 1141 Joh.
492 1117 601 1140 Comitis
617 1117 715 1140 electus
729 1117 793 1142 Nov.
808 1117 822 1140 3
837 1120 1017 1141 recusaverat.

418 1269 562 1307 2031..
590 1279 708 1305 Carolus
731 1280 773 1314 VJ,
791 1287 844 1305 rex
858 1281 1041 1313 Francorum,
1059 1280 1164 1306 rectori
1184 1284 1211 1306 et
1236 1280 1423 1306 Universitati
1436 1280 1533 1306 Paris.
1555 1280 1665 1315 scribit,
1684 1281 1713 1307 in
1740 1280 1930 1307 Universitate
1949 1289 2013 1308 esse
2030 1281 2120 1318 plura
2141 1281 2296 1318 supposita

505 1328 656 1362 seditiosa,
675 1337 750 1364 quae
768 1337 869 1365 pacem
886 1329 1005 1355 turbant
1019 1333 1046 1355 et
1061 1329 1258 1356 dissensiones
1278 1333 1437 1365 quaerunt;
1451 1329 1643 1356 eliminentur.
1666 1331 1698 1356 In
1718 1330 1953 1366 processionibus
1975 1334 2004 1356 et
2022 1330 2295 1366 praedicationibus

505 1377 579 1403 nihil
593 1377 774 1412 admittatur,
793 1377 870 1413 quod
886 1377 1025 1414 populum
1041 1377 1081 1404 ad
1095 1377 1266 1404 seditionem
1282 1387 1452 1405 commovere
1471 1379 1575 1415 possit,
1597 1382 1626 1405 et
1641 1378 1682 1404 ad
1699 1378 1854 1405 Concilium
1873 1379 2010 1414 generale
2025 1379 2178 1406 mittantur
2190 1379 2295 1415 fideles

507 1426 576 1461 regi,
595 1435 680 1461 regno
701 1430 728 1452 et
746 1426 826 1461 fidei,
849 1427 989 1462 imprimis
1013 1426 1110 1462 quoad
1132 1427 1329 1463 quaestionem
1344 1427 1484 1453 Iohannis
1506 1427 1603 1453 Parvi.
1620 1427 1701 1454 Nulli
1719 1428 1774 1454 alii
1793 1427 1940 1454 habebunt
1957 1428 2238 1455 salvumconductum
2255 1428 2297 1455 ad

509 1475 663 1501 Concilium
676 1483 713 1501 ex
725 1478 811 1511 parte
825 1475 929 1510 regis&
945 1474 1050 1502 Donne
1062 1474 1078 1502 ὲ
1093 1476 1171 1503 Paris
1185 1476 1212 1503 le
1225 1476 1285 1502 xix⁶
1297 1477 1367 1510 jour
1379 1476 1415 1503 de
1428 1476 1590 1503 Novembre
1603 1476 1662 1503 l'an
1674 1477 1711 1503 de
1723 1484 1807 1511 grace
1821 1477 1875 1503 mil
1887 1478 1993 1511 quatre
2007 1478 2087 1504 cents
2099 1479 2128 1504 et
2142 1478 2291 1512 quatorze,

505 1526 534 1551 et
548 1524 584 1551 de
599 1526 696 1550 nostre
710 1531 798 1558 regne
811 1524 837 1551 le
847 1531 943 1550 xxxve.
963 1535 976 1549 «
993 1525 1015 1551 Il
1029 1527 1072 1551 est
1086 1533 1163 1552 venu
1178 1523 1195 1552 ὲ
1210 1527 1309 1552 nostre
1323 1525 1528 1559 cognoissance
1544 1536 1571 1552 n.

1621 1614 1690 1644 uu.
1706 1614 1820 1642 novemb.
1838 1615 1875 1645 19,
1892 1615 2007 1642 Parisiis.

513 1700 582 1723 Bibl.
601 1703 654 1724 nat.
677 1700 772 1731 Puris„
792 1709 841 1724 ms.
858 1701 905 1724 lat.
926 1701 1014 1730 14851,
1031 1701 1077 1725 sol.
1098 1703 1111 1724 5
1130 1709 1170 1733 sq.
1187 1702 1222 1731 (2¹
1241 1703 1337 1733 purte).
1355 1702 1422 1733 Opp.
1441 1702 1569 1732 Gerson.,
1582 1703 1612 1733 V,
1626 1703 1682 1727 333.
1698 1716 1730 1721 —
1745 1703 1798 1726 Hae
1812 1703 1926 1733 litterae,
1941 1703 2031 1735 utique
2045 1703 2179 1727 Johunnes
2195 1693 2299 1728 Geruod

420 1752 464 1768 eus
479 1745 635 1776 composuit,
652 1745 779 1769 Novemb.
795 1746 824 1768 24
838 1744 865 1768 in
881 1746 1086 1777 congregatione
1099 1745 1287 1770 Univcrsitntis
1304 1746 1375 1778 apud
1390 1747 1417 1771 S.
1432 1747 1597 1771 Bernurdum
1610 1747 1763 1779 publicatae
1778 1750 1849 1772 sunt.

514 1827 538 1853 1.
554 1829 609 1857 vel,
627 1832 656 1852 ut
672 1829 801 1852 Mol-tinus
815 1830 896 1853 Por-<Se
911 1829 936 1853 in
953 1838 1002 1854 ms.
1012 1830 1058 1854 lat.
1068 1831 1150 1857 14852.
1165 1831 1210 1855 sol.
1227 1831 1294 1860 25922,
1310 1831 1412 1862 scribit,
1423 1831 1550 1863 theologi,
1564 1831 1608 1863 qui
1624 1840 1673 1863 pro
1686 1834 1762 1863 purte
1777 1831 1848 1863 regis
1860 1834 1885 1855 ct
1899 1831 2086 1856 Universitatis
2102 1832 2136 1855 nd
2150 1831 2297 1856 Concilium

421 1876 556 1901 venerunt,
573 1874 638 1897 duus
655 1874 798 1897 sententias
814 1874 933 1906 episcopi
945 1875 1030 1899 Puris.
1047 1875 1122 1899 Febr.
1138 1876 1168 1899 2³
1181 1884 1193 1899 «
1210 1875 1341 1900 sustinere
1355 1876 1481 1908 jurarunt
1496 1879 1521 1900 et
1538 1876 1685 1907 defensare,
1701 1876 1768 1900 alias
1785 1885 1836 1900 non
1853 1876 1986 1900 venissent
2001 1876 2034 1900 ad
2049 1876 2183 1908 stipendia
2197 1876 2298 1901 decime

420 1912 543 1944 imposita
559 1921 581 1937 ».
598 1913 656 1937 Vid.
675 1914 742 1945 Opp.
759 1914 886 1943 Gerson„
903 1915 932 1944 V,
950 1916 1004 1939 580.

422 2066 565 2103 2032.
594 2076 769 2102 Universitas
790 2077 885 2103 Paris.
911 2077 1013 2103 scribit
1036 2077 1161 2104 Iohanni
1176 2079 1281 2113 XXIII,
1305 2082 1336 2104 ut
1355 2078 1392 2105 lis
1411 2079 1447 2105 de
1463 2078 1636 2115 praebenda
1658 2080 1688 2105 in
1710 2078 1777 2106 eccl.
1801 2080 1829 2106 S.
1850 2079 1930 2106 Petri
1949 2078 2093 2105 Insulens.
2123 2080 2298 2106 Tornacens.

509 2124 611 2160 dioec„
630 2134 716 2160 quam
730 2124 825 2151 Adam
840 2125 876 2152 de
891 2127 1065 2161 Franseriis,
1083 2136 1158 2162 mag.
1174 2131 1238 2162 art„
1253 2127 1368 2162 generis
1383 2128 1559 2154 claritudine
1575 2128 1739 2163 insignitus,
1749 2129 1814 2164 jam
1825 2137 1880 2164 per
1893 2129 1928 2156 14
1943 2136 2055 2154 menses
2063 2129 2191 2165 pacifice
2204 2128 2300 2165 possi·

509 2173 605 2208 debat,
624 2183 680 2200 non
695 2174 724 2200 in
739 2174 821 2200 curia
836 2175 927 2210 Rom„
946 2175 986 2201 ad
1004 2185 1091 2211 quam
1107 2185 1160 2212 per
1172 2176 1350 2203 Balduinum
1367 2176 1403 2203 de
1423 2176 1539 2212 Frigido
1561 2179 1658 2204 Monte
1673 2178 1780 2203 citatus
1796 2181 1847 2212 est,
1866 2176 2028 2212 decidatur,
2043 2177 2097 2203 sed
2105 2178 2196 2213 juxta
2207 2176 2300 2214 privi-

511 2223 602 2258 legia⁴
623 2232 678 2259 per
693 2223 809 2259 judices
830 2224 966 2250 Parisiis.
992 2225 1057 2251 Dat.
1081 2226 1112 2252 in
1135 2227 1234 2252 nostra
1255 2226 1481 2260 congregatione
1500 2227 1628 2261 generali
1653 2227 1776 2254 Parisius
1790 2227 1870 2261 apud
1890 2227 1917 2254 S.
1934 2226 2117 2253 Maturinum
2139 2227 2299 2254 solenniter

507 2273 649 2299 celebrata
664 2273 710 2299 die
725 2273 821 2306 prima
836 2274 944 2300 mensis
959 2274 1136 2302 Decembris.
1153 2284 1166 2299 (ι
1183 2275 1325 2309 Cogimur
1341 2286 1366 2301 n.

1637 2321 1707 2351 1414,
1724 2320 1840 2348 Decomb.
1858 2321 1877 2350 1,
1893 2321 2010 2347 Parisil‘e.

514 2404 630 2429 ,Μίνιαῑα
649 2405 763 2430 chartac.
787 2405 814 2429 in
835 2406 911 2430 Arch.
934 2410 988 2431 nnt.
1010 2407 1105 2437 Paris.‚
1126 2408 1149 2431 M
1170 2409 1222 2438 65⁸,
1243 2413 1272 2431 n⁰
1287 2409 1326 2432 53.
1348 2422 1379 2427 —
1401 2409 1436 2432 De
1456 2408 1538 2432 simili
1560 2417 1642 2432 causa
1663 2409 1829 2433 Universitas
1852 2409 1945 2433 scribit
1964 2417 2013 2441 pro
2035 2417 2105 2441 mag.
2127 2409 2244 2433 Hemone
2265 2409 2298 2433 de

422 2448 567 2479 Magnisres,
585 2457 655 2480 mag.
672 2452 720 2473 nrt.
738 2453 763 2473 et
778 2450 848 2474 stud.
863 2450 951 2481 theol„
969 2452 1055 2483 quoad
1070 2452 1228 2476 heneficium
1243 2453 1378 2485 quoddam
1393 2453 1420 2476 in
1435 2453 1518 2477 dioec.
1535 2454 1691 2477 Trecorensi
1706 2453 1790 2485 (ibid.‚
1807 2458 1836 2477 n⁰
1851 2455 1900 2484 58).

516 2532 540 2557 1.
556 2533 615 2557 vid.
631 2533 665 2556 ni⁵
683 2534 743 2557 1977
759 2537 784 2557 ct
800 2535 870 2558 2016.

425 2658 735 2696 2033.Jol1annes
753 2671 858 2696 Gerson
874 2679 969 2697 coram
986 2680 1059 2706 rege,
1082 2671 1206 2698 dominis
1224 2677 1251 2699 et
1267 2673 1415 2710 praelatis
1435 2675 1464 2700 in
1483 2674 1554 2700 aula
1573 2683 1588 2700 α
1605 2674 1694 2700 bassa
1711 2683 1727 2701 »
1748 2676 1776 2700 S.
1793 2674 1882 2700 Pauli
1900 2674 2059 2700 orationem
2074 2672 2169 2708 habet,
2192 2681 2298 2709 appro-

512 2717 608 2743 batam
631 2718 668 2743 ab
693 2719 889 2746 Universitate.
909 2720 1020 2746 Partim
1043 2721 1153 2756 eadem,
1180 2731 1256 2757 quae
1278 2731 1353 2749 anno
1369 2724 1448 2757 1413,
1478 2723 1575 2750 Octob.
1592 2725 1607 2750 4
1625 2724 1806 2759 pronuntiat.
1827 2723 1896 2758 Agit
1915 2722 1950 2749 de
1970 2731 2046 2759 pace
2063 2721 2250 2757 procuranda
2270 2725 2299 2748 et

513 2765 690 2792 demonstrat
710 2776 724 2793 e
745 2768 842 2794 multis
862 2768 964 2794 allatis
986 2770 1146 2804 sententiis,
1164 2771 1287 2807 sumptis
1307 2780 1322 2797 e
1342 2772 1556 2799 Justificatione
1578 2773 1660 2799 ducis
1680 2773 1868 2806 Burgundiao
1887 2771 2013 2798 Parisiis
2035 2770 2185 2806 damnata,
2210 2778 2297 2806 quam

513 2816 659 2840 contraria
677 2815 747 2841 haec
766 2816 898 2843 doctrina
910 2818 981 2855 paci
997 2819 1045 2844 sit.
1066 2819 1120 2857 Qui
1134 2819 1254 2855 impedit
1269 2829 1303 2846 ne
1318 2820 1379 2846 dux
1393 2821 1580 2856 Burgundiae
1592 2830 1675 2847 suum
1689 2830 1812 2847 errorem
1828 2823 1989 2855 cognoscat,
2006 2818 2239 2846 condemnandus
2255 2822 2300 2845 est

514 2866 544 2888 nt
561 2864 661 2897 fautor
682 2864 846 2891 haereticae
860 2866 1025 2902 pravitatis,
1045 2867 1129 2894 etc.⁴.
1147 2877 1162 2894 ‹
1185 2869 1295 2902 Quodsi
1314 2878 1405 2906 papa,
1429 2869 1506 2905 quod
1525 2870 1612 2904 absit,
1633 2869 1896 2906 deprehenderetur·
1916 2869 2026 2895 notorie
2049 2870 2146 2903 fat-ere
2164 2867 2297 2904 predicte
