2502 3418
422 322 486 355 578
992 328 1312 352 anaTULAmUM
1348 327 1538 349 UNlVERS.
1579 327 1709 349 rmus.
2189 311 2288 348 [1436

516 407 579 438 Reg.
597 406 691 437 Suppl.
709 406 810 437 Eugen.
827 406 868 436 lv,
887 410 916 428 n⁰
931 405 984 435 311,
1002 405 1046 428 sol.
1063 405 1117 428 220.
1134 403 1200 427 lbid.
1220 407 1248 425 n⁰
1262 402 1317 431 312,
1340 403 1384 426 sol.
1404 403 1442 431 88,
1462 402 1514 426 alia
1530 402 1561 425 de
1581 401 1629 424 boc
1646 400 1815 432 supplicatio,
1834 403 1859 424 et
1876 399 1981 432 quidem
1999 398 2133 423 Guillelmi
2148 399 2287 428 Pommier,

421 451 512 475 eadem
525 451 566 474 die
580 452 657 474 facta.

424 583 568 620 2476.
596 591 763 618 Guillelmus
782 591 817 617 de
832 591 945 626 Algia¹7
963 591 991 616 in
1007 595 1063 616 art.
1078 595 1105 616 et
1125 590 1267 616 medicina
1286 598 1372 623 mag„
1389 597 1479 625 nuper
1497 588 1536 614 ad
1551 587 1744 614 sacerdotium
1758 589 1914 622 promotus,
1933 584 2080 621 supplicat
2094 585 2222 619 Engenio
2241 585 2285 616 W,

510 646 540 667 ut
553 642 582 668 in
597 641 740 676 facultate
755 641 915 667 medicinae
930 641 1024 666 Paris.
1041 648 1138 674 regere
1152 643 1178 665 et
1192 638 1266 664 alios
1282 642 1364 664 actus
1377 638 1566 664 scholasticos
1581 645 1712 663 exercere
1726 635 1814 662 libere
1830 639 1858 661 et
1872 635 1950 660 licite
1960 633 2287 670 possit.—-Coneessum

511 693 545 718 ut
565 692 675 725 petitur
739 691 768 717 C.
788 691 956 717 AmmNENs.
973 705 1008 708 —
1020 690 1085 715 Dat.
1103 689 1247 715 Florentio
1262 688 1483 722 quintodecimo
1497 688 1554 714 kal.
1572 687 1679 715 Marcii.
1695 693 1775 712 anno
1789 685 1905 719 quinto.

515 816 532 839 S
592 816 598 838 l
627 816 715 846 Eugen
743 814 776 837 IV
816 818 827 830 ο
841 814 886 837 313
913 814 946 837 τοι
969 813 996 836 Gb
1563 776 1635 805 1436,
1648 775 1780 802 Februarii
1794 775 1830 804 15,
1850 774 2002 801 Florentiae.

536 824 589 847 upp
604 832 610 839 .
721 831 728 838 .
779 832 785 843 ‚
798 823 813 837 n
889 831 895 843 ,
952 830 958 836 .
999 830 1005 836 .

513 899 536 924 1.
560 900 607 923 An.
631 899 699 928 1435,
719 898 812 922 octob.
837 898 875 927 2¹,
896 898 1015 921 Johanne
1037 897 1061 920 le
1085 896 1262 920 Mousturdier
1285 896 1418 925 defuncto,
1438 895 1494 927 ejus
1517 903 1598 927 nepos
1621 895 1702 919 Guill.
1724 895 1756 918 de
1778 894 1855 926 Algia
1876 894 1964 918 claves
1982 894 2160 917 Bibliothecae
2179 893 2289 917 Nostrae

419 944 544 968 Dominae
564 944 665 975 accepit
679 944 841 973 (anxmx,
859 942 1019 967 Anciennes
1040 942 1104 966 bibl.
1120 943 1153 966 de
1167 941 1260 970 Paris,
1278 942 1297 969 1,
1317 950 1344 972 p.
1365 942 1413 970 52).
1435 941 1530 964 Postea
1550 940 1700 964 benefactor
1716 940 1765 963 suit
1786 939 1898 971 Collegii
1920 948 1991 971 mag.
2010 938 2130 963 Gervasii
2146 938 2289 962 Christiani

419 989 544 1019 (Reczteil
557 991 591 1013 de
605 992 693 1013 toules
707 988 745 1012 les
760 988 957 1012 deliaca-aciens
1017 989 1056 1011 du
1073 987 1178 1016 Colleqe
1190 986 1437 1014 Louis-le-Gramt,
1458 986 1526 1015 1751,
1543 994 1570 1017 p.
1585 985 1650 1013 612).

418 1166 562 1203 2477.
588 1174 741 1201 Licentiati
755 1174 783 1200 in
796 1173 940 1208 facultate
955 1173 1123 1199 medicinae.

1641 1223 1714 1252 7438.
1728 1223 1814 1249 nat-tii
1833 1223 1869 1252 10,
1886 1223 2000 1249 Parisiis.

507 1317 608 1348 Facta
630 1315 696 1348 suit
717 1314 955 1360 congregatio
974 1313 1155 1347 facultatis
1173 1314 1209 1346 in
1232 1314 1361 1347 Sancto
1383 1313 1564 1346 Maturino
1581 1318 1616 1345 xa
1636 1312 1761 1345 Marcii
1782 1312 1825 1345 ad
1849 1311 2121 1357 expedicionem
2142 1323 2286 1344 eorum-

417 1384 497 1416 ‹lem
520 1382 802 1416 baccalariorum
826 1388 861 1414 et
887 1382 1035 1415 suerunt
1059 1388 1145 1414 tunc
1171 1381 1369 1426 presentati
1391 1380 1538 1413 domino
1561 1379 1777 1412 cancellario
1795 1378 1950 1412 ecclesie
1971 1378 2100 1419 Paris„
2123 1385 2158 1411 et
2178 1378 2285 1411 licen-

415 1451 496 1484 ciati
532 1449 805 1483 convenienter.
838 1450 880 1482 Et
913 1449 981 1482 fuit
1013 1448 1102 1481 ordo
1131 1448 1283 1481 licencie
1314 1448 1408 1486 talis,
1431 1454 1466 1481 et
1497 1447 1705 1480 nominatus
1737 1453 1793 1479 est
1821 1458 1916 1491 mag.
1949 1447 1991 1478 H.
2023 1445 2182 1479 Thibout
2220 1457 2285 1491 pro

414 1518 583 1552 Julianne
605 1524 640 1550 et
661 1517 843 1550 Robertus
864 1516 1038 1550 Pethevin
1061 1528 1125 1561 pro
1143 1515 1326 1561 Cappella.

505 1618 578 1650 Mag.
596 1617 740 1643 Robertus
754 1616 903 1645 Julianne.
923 1622 973 1646 1”⁵,
989 1616 1184 1642 Normannus.

521 1681 557 1685 —
593 1666 767 1699 Arnulphus
782 1665 818 1692 de
833 1665 959 1698 Capella,
975 1670 1027 1694 2¹¹⁵,
1044 1664 1179 1691 Gallicus.

509 1756 654 1779 Comment.
670 1756 718 1778 sac.
736 1754 815 1783 med„
829 1755 861 1781 ΙΙ,
875 1763 901 1785 p.
913 1755 936 1777 3.
947 1767 978 1771 —-
993 1753 1093 1777 Ibidem
1107 1753 1230 1776 additur:
1249 1761 1260 1776 α
1278 1753 1341 1776 Item
1358 1761 1428 1784 mag.
1445 1752 1525 1778 Guill.
1541 1752 1573 1776 de
1586 1753 1705 1782 Cumcra,
1718 1752 1784 1776 nlius
1801 1752 1960 1781 licentiatus,
1974 1751 2146 1783 principinvit
2157 1751 2206 1774 sub
2217 1759 2288 1782 mag.

416 1801 479 1824 Roh.
495 1800 619 1824 Pctbcvin
632 1799 710 1831 xxviij
727 1799 814 1823 Martii
831 1807 899 1822 anno
915 1799 1015 1822 eodem.
1033 1807 1044 1821 »

420 1969 565 2006 2478.
590 1978 744 2004 Licentiati
760 1977 787 2003 in
800 1977 944 2012 facultate
957 1977 1143 2003 decretorum.

1642 2029 1716 2058 7436,
1732 2028 1819 2054 Martii
1834 2029 1872 2057 19,
1888 2028 2002 2054 Parisiis.

510 2118 575 2151 Die
598 2118 736 2150 decima
758 2128 851 2149 nona
874 2116 1012 2149 mensis
1029 2116 1154 2149 Marcii
1229 2116 1469 2150 cancellarius
1486 2116 1572 2149 hora
1591 2117 1694 2162 quasi
1712 2116 1820 2150 tercia
1843 2123 1925 2161 post
1942 2115 2131 2161 prandium
2150 2114 2291 2148 vocavit

422 2198 549 2219 omnes
570 2184 813 2218 licentiandos
830 2195 894 2229 per
911 2184 1053 2228 signeta
1075 2190 1111 2216 ut
1129 2184 1165 2216 in
1187 2184 1383 2216 crastinum
1404 2183 1492 2217 hora
1514 2196 1607 2217 nona
1629 2190 1882 2229 comparerent
1902 2184 1939 2216 in
1959 2182 2038 2216 aula
2060 2182 2197 2215 domini
2220 2181 2293 2227 epi-

423 2254 523 2298 scopi
545 2252 657 2286 Paris.
680 2251 724 2284 ad
749 2251 931 2283 licentiam
953 2250 1212 2296 recipiendam.
1235 2251 1305 2293 Qui
1327 2251 1472 2296 quidem
1502 2251 1712 2284 licentiandi
1740 2251 1800 2284 illa
1828 2251 1899 2291 die,
1926 2250 2098 2284 videlicet
2120 2249 2291 2283 vicesima

424 2321 554 2361 Martii,
578 2330 705 2352 omnes
726 2324 1010 2363 comparuerunt
1031 2318 1177 2363 dempto
1200 2330 1293 2363 mag.
1315 2318 1463 2351 Nicolao
1485 2318 1716 2359 Provostelli,
1739 2325 1774 2351 et
1801 2318 1930 2351 tradito
1961 2317 2079 2350 rotulo
2102 2328 2166 2362 per
2196 2328 2289 2362 mag.

424 2387 637 2420 (laufridum
664 2385 849 2427 Cuillier',
874 2397 966 2430 mag.
995 2385 1031 2417 in
1063 2385 1246 2430 theologia
1276 2387 1352 2430 (per
1379 2385 1511 2418 dictum
1545 2385 1730 2418 dominum
1757 2385 2013 2418 cancellarium
2043 2384 2087 2417 ad
2108 2383 2290 2417 licentiam

424 2454 621 2488 faciendam
644 2453 865 2498 deputatum)
892 2464 1023 2497 magno
1053 2451 1199 2485 bedello
1227 2452 1420 2493 facultatis,
1444 2464 1571 2485 omnes
1595 2453 1711 2486 vocati
1739 2453 1887 2485 suerunt
1908 2452 2036 2485 ordine
2064 2450 2232 2496 sequenti
2258 2456 2293 2483 et

425 2520 740 2566 solempnitatibus
763 2519 935 2552 adhibitis
956 2532 995 2552 ac
1011 2520 1230 2564 juramentis
1263 2519 1341 2552 fieri
1363 2519 1481 2553 solitis
1503 2526 1538 2552 et
1557 2519 1744 2553 consuetis
1766 2532 1830 2565 per
1855 2520 1956 2565 ipsos
1982 2518 2157 2564 prestitis,
2180 2517 2293 2551 licen-

427 2590 507 2621 tiam
529 2601 546 2621 a
573 2588 710 2633 prefato
731 2599 825 2632 mag.
850 2586 1027 2620 Gausrido
1059 2593 1277 2631 receperunt
1307 2587 1342 2619 in
1368 2586 1531 2620 absentia
1562 2599 1655 2632 mag.
1687 2586 1862 2620 Johannis
1883 2586 2057 2627 Chussarn
2087 2584 2292 2618 cancellarii

428 2655 605 2700 preceusi.
629 2655 699 2697 Qui
720 2654 868 2699 quidem
890 2654 980 2686 ordo
1003 2654 1168 2698 sequitur
1189 2660 1225 2686 ct
1241 2660 1297 2687 est
1312 2654 1393 2687 talis
1412 2666 1419 2686 :

515 2755 632 2787 Egidius
647 2754 760 2786 Rapiot,
1293 2754 1347 2780 sub
1362 2755 1484 2782 domino
1499 2755 1565 2781 Joh.
1581 2755 1712 2782 Huberti.

517 2805 613 2829 Frater
629 2803 724 2829 Guido
738 2803 774 2828 (le
789 2802 930 2832 Vatetot2,
1375 2820 1409 2823 —
1500 2805 1601 2831 Livino
1616 2805 1762 2831 Neuelinc.

517 2852 663 2877 Joliauucs
678 2852 713 2877 de
728 2851 933 2884 l'opaincourt,
1375 2870 1409 2872 —-
1500 2854 1633 2881 liuberti.

518 2902 615 2926 Frater
631 2900 794 2933 Stephanus
809 2900 922 2930 Lohier,
1372 2918 1406 2921 --
1498 2902 1574 2929 Guil.
1592 2902 1627 2929 de
1638 2902 1734 2932 Conti.
1748 2902 1814 2929 abb.
1832 2902 1859 2928 S.
1874 2901 2041 2929 Katherine.

554 2949 591 2972 73.
