2502 3418
384 310 427 342 26
964 318 1282 340 CHARTULAIUUM
1317 317 1505 339 umvssRS.
1543 317 1672 338 rmus.
2147 301 2246 338 [1397

383 393 669 438 irregularitates
686 399 920 438 generentur,
935 399 1083 437 propter
1099 392 1195 437 quod
1215 392 1337 436 plures
1354 391 1439 423 boni
1451 392 1608 435 juvenes
1630 390 1794 435 religiosi
1811 390 1852 422 ad
1872 389 2091 422 studendum
2107 387 2247 420 habiles

385 460 428 493 ad
449 460 582 493 dictum
605 460 798 505 collegium
822 471 929 492 causa
955 459 1127 492 studendi
1155 459 1206 491 ire
1235 458 1476 499 retardantur,
1499 458 1595 503 quod
1617 457 1710 490 cedit
1734 457 1770 489 in
1791 468 1960 502 magnum
1983 455 2143 488 dedecus
2165 454 2249 487 reli-

386 527 506 572 gionis
536 527 802 572 maximumque
830 527 1022 571 dampnum
1050 526 1286 570 plurimorum
1312 537 1318 558 :
1342 525 1558 558 diffinitores
1580 524 1775 570 predictam
1799 523 2101 557 consuetudinem
2127 521 2249 554 abusi-

385 606 462 627 vam
484 594 758 626 considerantes
783 600 818 626 et
837 605 910 626 non
931 599 1190 626 consonantem
1218 592 1360 634 rationi,
1383 592 1564 625 diffiniunt
1589 591 1686 636 quod
1711 598 1853 624 acetero
1879 590 1948 623 tale
1974 589 2154 634 bejaniuin
2184 600 2249 634 per

385 661 526 706 aliquos
548 673 612 694 seu
634 661 788 705 aliquem
806 672 878 693 non
896 660 1068 701 solvatur7
1088 666 1121 692 et
1142 660 1178 692 in
1194 659 1326 692 virtute
1348 665 1470 692 sancte
1491 658 1706 691 obediencie
1723 665 1758 691 et
1774 657 1841 691 sub
1858 656 2249 690 excommunicacionis

385 740 476 773 pena
494 740 596 772 quam
619 728 740 760 ferunt
759 727 796 760 in
817 727 887 760 hiis
909 727 1069 771 scriptis⁷
1088 726 1294 759 monicione
1312 726 1484 758 canonica
1505 726 1694 770 premissa,
1713 737 1752 758 ac
1774 724 1993 770 privacionis
2015 735 2080 756 sue
2102 723 2249 768 pensio-

384 795 455 836 nis,
473 795 677 840 precipiunt
693 794 862 827 omnibus
883 800 918 826 et
938 793 1094 839 singulis
1116 793 1318 826 scolaribus
1335 793 1421 826 dicti
1438 792 1597 838 collegii,
1616 804 1660 825 ne
1681 792 1812 837 aliquis
1834 792 2008 836 deinceps
2028 802 2117 823 ausu
2138 797 2250 823 teme-

386 862 480 895 rario
502 868 686 907 presumat
706 873 770 906 per
791 873 830 894 se
850 861 907 894 vel
929 873 992 906 per
1012 860 1119 893 alium
1143 860 1279 893 directe
1299 860 1357 893 vel
1377 860 1554 893 indirecte
1580 860 1753 892 inducere
1775 859 1831 892 vel
1851 858 2072 903 compellere
2093 857 2248 903 aliquem

385 929 429 961 ad
458 928 672 962 solvendum
704 928 838 961 dictum
870 927 1053 972 bejanium
1082 927 1139 960 vel
1169 927 1213 960 al)
1241 927 1368 960 eodem
1400 927 1546 972 exigere
1572 927 1629 960 vel
1660 927 1755 971 exigi
1783 937 1979 971 procurare
2008 924 2249 970 quovismodo

385 995 522 1040 aliquid
544 995 689 1028 nomine
712 995 797 1027 dicti
818 994 965 1039 bejanii,
989 994 1233 1038 precipientes
1254 993 1322 1026 sub
1345 994 1468 1026 eadem
1491 994 1604 1026 forma
1626 1000 1661 1026 et
1685 993 1789 1038 penis
1818 992 1930 1037 priori
1954 991 2166 1032 scolarium,
2188 991 2249 1036 qui

385 1069 441 1095 est
461 1062 504 1094 de
526 1062 687 1107 presenti
709 1068 741 1094 et
762 1061 823 1106 qui
843 1061 907 1093 erit
931 1061 967 1093 in
988 1061 1161 1101 futurum,
1180 1073 1224 1093 ne
1246 1060 1406 1105 paciatur
1425 1060 1482 1094 vel
1500 1060 1677 1094 sustineat
1697 1059 1937 1104 quovismodo
1959 1059 2056 1103 quod
2077 1058 2143 1091 hec
2164 1070 2250 1091 con-

385 1129 540 1162 suetudo
566 1128 714 1161 abusiva
745 1128 781 1160 in
812 1128 908 1161 dicto
938 1127 1095 1173 collegio
1125 1128 1253 1160 amodo
1284 1127 1512 1169 observetur,
1543 1127 1609 1161 sed
1637 1127 1728 1160 hanc
1758 1133 1964 1172 presentem
1997 1126 2248 1159 diffinitionem

385 1195 645 1228 inviolabiliter
665 1202 699 1228 et
720 1195 906 1240 perpetuis
927 1194 1153 1239 temporibus
1173 1195 1278 1227 saciat
1297 1194 1560 1228 ohservari2....

474 1263 563 1295 Cum
586 1262 709 1307 plures
728 1262 868 1307 priores
886 1268 919 1294 et
941 1261 1068 1294 decani
1085 1261 1173 1295 Ord.
1189 1261 1351 1295 Cluniae.
1366 1268 1579 1294 tenerentur
1599 1268 1631 1294 et
1655 1268 1844 1294 teneantur
1860 1262 1897 1294 in
1919 1261 2076 1294 diversis
2098 1259 2251 1293 summis

388 1329 620 1375 pecuniarum
643 1328 847 1361 scolaribus
868 1328 1015 1373 collegii
1041 1328 1295 1361 Cluniacensis
1316 1328 1477 1361 Parisius
1503 1328 1648 1361 racione
1674 1329 1889 1373 pensionum
1919 1339 2064 1360 suarum
2091 1326 2253 1360 scolasti-

386 1408 522 1437 carum,
543 1396 603 1440 qui
624 1407 697 1428 non
719 1402 914 1428 tenuerunt
934 1395 1094 1428 scolares
1116 1395 1152 1427 in
1174 1395 1270 1428 dicto
1291 1395 1448 1440 collegio
1462 1422 1469 1432 ,
1496 1395 1665 1428 ordinant
1685 1395 1794 1428 certis
1815 1395 1859 1427 de
1880 1395 1999 1427 causis
2021 1394 2251 1436 diffinitoreS,

388 1463 485 1508 quod
506 1463 605 1508 prior
627 1462 819 1495 scolarium
843 1462 1004 1494 Parisius
1025 1462 1270 1507 predictorum
1294 1462 1444 1506 recipiat
1463 1468 1605 1494 aeetero
1627 1462 1815 1507 pecuniam
1842 1461 1997 1494 debitam
2027 1473 2091 1506 pro
2121 1461 2253 1494 ahsen—

388 1530 498 1570 tibus‚
521 1529 582 1574 qui
603 1541 675 1563 non
696 1530 843 1561 suerunt
863 1529 899 1561 in
921 1528 1091 1573 collegio,
1115 1535 1149 1561 et
1169 1529 1266 1573 quod
1288 1528 1378 1561 nulli
1399 1528 1501 1561 alteri
1523 1528 1695 1570 solvatur,
1718 1535 1752 1561 et
1772 1529 1869 1573 quod
1891 1528 2057 1561 deductis
2081 1528 2251 1573 expensis

386 1597 489 1629 factis
510 1596 547 1628 in
567 1596 698 1641 litigio,
723 1602 804 1628 ante
826 1595 945 1628 omnia
966 1595 1172 1640 precipiunt
1192 1595 1287 1628 dicto
1314 1595 1426 1640 priori
1450 1595 1511 1640 qui
1533 1607 1627 1628 nunc
1649 1602 1716 1636 est,
1739 1602 1774 1628 et
1799 1596 1859 1640 qui
1887 1596 1954 1628 erit
1974 1595 2031 1628 vel
2052 1595 2161 1628 suerit
2186 1607 2251 1640 pro

387 1669 562 1708 tempore,
580 1662 648 1695 sub
669 1663 800 1695 virtute
818 1669 941 1695 sancte
956 1661 1170 1694 obediencie
1186 1669 1221 1695 et
1241 1662 1632 1694 excommunicacionis
1650 1674 1752 1707 pena7
1772 1662 1868 1707 quod
1890 1662 1982 1695 dieta
1999 1662 2149 1707 pecunia
2166 1674 2252 1695 con-

389 1736 547 1763 vertatur
568 1730 604 1762 in
625 1729 814 1762 utilitatem
835 1729 997 1774 collegii,
1020 1735 1055 1762 et
1075 1741 1147 1761 non
1169 1729 1409 1774 singularium
1433 1741 1684 1774 personarum,
1701 1730 1801 1774 juxta
1823 1729 2093 1762 ordinacionem
2116 1729 2254 1762 domiui

388 1797 640 1830 Cluniacensis
660 1796 716 1829 vel
738 1796 871 1841 prioris
893 1796 1054 1840 majoris,
1073 1802 1108 1828 et
1128 1796 1224 1840 quod
1246 1796 1356 1829 eciam
1381 1795 1424 1828 de
1446 1795 1607 1840 predicta
1628 1797 1779 1841 pecunia
1800 1803 1964 1829 teneatur
1986 1796 2140 1829 reddere
2160 1808 2255 1829 com—

389 1870 511 1909 potum
533 1863 728 1896 camerario
750 1863 935 1907 provincie
958 1863 1118 1895 Francie.

483 1962 550 1985 Bibl.
570 1965 621 1985 nat.
639 1961 733 1990 Paris„
750 1969 799 1984 ms.
821 1961 867 1984 lat.
884 1969 961 1983 nouv.
977 1969 1034 1992 aeq.
1058 1961 1127 1990 2263,
1152 1961 1196 1984 sol.
1219 1962 1248 1983 86
1263 1964 1288 1983 et
1310 1961 1361 1984 86b.
1381 1975 1410 1979 —
1430 1961 1464 1984 Ut
1486 1969 1566 1992 supra
1586 1961 1673 1992 posita
1693 1961 1823 1984 ordinatio
1841 1961 1872 1984 de
1893 1961 1996 1992 bejanio
2012 1961 2185 1992 intelligatur,
2200 1961 2253 1992 leg.

391 2007 425 2031 W.
441 2007 596 2036 ΕΑυιιιαιυε,
610 2006 661 2030 Die
676 2007 869 2030 alcademische
883 2006 1044 2036 Deposition
1060 2006 1219 2036 (Franksurt⁷
1234 2006 1314 2035 1895).

482 2090 506 2115 1.
525 2090 573 2113 MS.
591 2098 595 2113 :
614 2098 624 2112 <1
639 2090 671 2112 ad
688 2098 710 2113 )>.
723 2103 754 2107 ·-—
769 2089 794 2114 2.
811 2089 934 2120 Sequitur
953 2089 1084 2112 ordinatio
1100 2098 1151 2121 qua
1167 2089 1442 2112 excommunicationis
1458 2089 1587 2113 sententia
1602 2089 1627 2112 in
1646 2098 1689 2113 eos
1705 2090 1766 2118 lata,
1782 2090 1826 2121 qui
1844 2090 1950 2113 statutis
1970 2090 2134 2122 temporibus
2149 2090 2254 2122 pensio-

391 2143 448 2158 nem
462 2134 627 2157 scholaribus
644 2143 694 2157 non
711 2135 824 2162 solvunt,
839 2135 1019 2165 suspenditur.
1033 2135 1086 2157 lloc
1099 2142 1165 2157 anno
1182 2134 1207 2157 in
1223 2134 1296 2157 curia
1310 2134 1469 2158 Parlamenti
1484 2135 1614 2166 agebatur
1630 2135 1698 2158 inter
1713 2135 1837 2166 priorem,
1852 2135 2010 2166 magistrum
2026 2144 2071 2158 s<u
2087 2139 2214 2159 rectorem
2230 2138 2255 2159 et

390 2179 522 2202 scholares
539 2178 649 2210 Collegii
664 2179 829 2203 Cluniacens.
847 2187 876 2202 ex
891 2187 943 2202 una
957 2182 1041 2210 purte,
1065 2182 1090 2202 et
1112 2179 1227 2210 priorem
1247 2182 1272 2202 et
1295 2183 1451 2202 conventum
1466 2180 1492 2203 S.
1509 2179 1613 2202 Martini
1636 2180 1667 2202 de
1689 2179 1795 2211 Campis
1810 2188 1840 2203 ex
1855 2180 1947 2203 ultera.
1966 2181 2015 2203 Iste
2028 2183 2171 2203 conventus
2186 2179 2254 2203 obli-

391 2227 468 2255 gatus
489 2227 545 2247 erat
568 2224 703 2247 annuatim
728 2223 831 2246 duobus
853 2223 972 2246 terminis
997 2223 1148 2254 pensionem
1172 2225 1203 2246 40
1226 2223 1287 2247 libr.
1312 2224 1395 2254 puris.
1419 2224 1521 2247 solvere
1544 2224 1577 2247 ad
1601 2224 1817 2247 sustvntationom
1839 2225 1852 2247 2
1874 2225 2048 2253 scholarium;
2071 2225 2116 2248 sed
2133 2225 2188 2256 jam
2207 2233 2255 2256 pel·

391 2268 456 2299 81s2
470 2277 551 2291 annos
567 2269 721 2298 (1386-1394)
736 2268 801 2291 nihil
818 2268 942 2298 solverat,
956 2268 992 2291 ita
1008 2271 1037 2291 ut
1055 2268 1189 2298 obligatus
1205 2271 1274 2291 esset
1289 2268 1314 2291 in
1330 2269 1375 2291 340
1389 2268 1451 2291 libr.
1470 2268 1545 2292 Prior
1560 2272 1585 2292 et
1599 2272 1741 2292 conventus
1758 2270 1784 2292 S.
1801 2269 1906 2292 Martini
1927 2269 2098 2300 appellabant
2115 2270 2149 2292 ad
2163 2269 2255 2293 Parla-

392 2316 516 2341 mentum,
530 2313 575 2336 uhi
591 2313 659 2336 inter
674 2313 726 2335 alia
742 2316 912 2335 asseruerunt
931 2321 958 2336 se
974 2321 1031 2335 esse
1046 2316 1190 2343 exemptos.
1206 2314 1252 2335 Ast
1267 2313 1299 2335 ad
1317 2313 1474 2336 solutionem
1490 2313 1566 2337 Febr.
1589 2314 1615 2336 21
1639 2313 1803 2337 condemnati
1819 2317 1889 2342 sunt,
1906 2317 1931 2337 et.
1944 2314 2071 2337 sententia
2084 2314 2255 2345 pronuntiata

391 2361 431 2381 est
445 2358 505 2383 Jun,
522 2359 535 2380 8
552 2358 637 2387 (ΑΙ-01].
654 2360 707 2380 nat..
725 2357 819 2385 Paris„
835 2358 881 2380 X¹a
895 2358 934 2387 44,
952 2357 996 2380 sol.
1013 2358 1067 2380 323.
1083 2357 1122 2380 Cf.
1139 2358 1185 2380 Χιιι
1199 2358 1270 2387 4784,
1287 2358 1331 2381 sol.
1348 2357 1424 2387 310b).

398 2539 537 2575 1744.
560 2549 660 2574 Hector
672 2548 803 2574 declarat
818 2547 969 2573 Robertum
985 2546 1020 2573 de
1037 2547 1170 2572 Fraxinis
1185 2546 1343 2572 scholarem
1359 2547 1454 2572 Paris.
1472 2548 1500 2572 in
1507 2548 1574 2582 jure
1590 2556 1652 2573 can.
1670 2556 1733 2573 esse
1749 2552 1775 2573 et
1791 2549 1881 2573 νίιιιιηι
1895 2549 2080 2583 Rotomagum
2097 2548 2217 2574 'nister-e.

1598 2638 1671 2667 1397,
1688 2638 1804 2664 Octobris
1818 2639 1841 2667 9,
1858 2639 1970 2664 ΡανῘεῘῘε.

483 2725 671 2757 Universis
690 2731 878 2769 presentes
894 2725 1030 2757 litteras
1051 2724 1271 2769 inspecturis
1287 2726 1414 2757 Petrus
1429 2724 1632 2766 Cauchon¹,
1649 2732 1768 2758 rector
1789 2726 2045 2759 Universitatis
2062 2726 2254 2770 magistro-

396 2803 471 2824 rum
495 2797 528 2823 et
552 2791 743 2824 scolarium
762 2791 921 2824 Parisius
943 2791 1180 2832 studentium7
1204 2791 1355 2824 salutem
1378 2791 1415 2823 in
1436 2792 1591 2824 Domino
1613 2793 1882 2836 sempiternam.
1902 2794 1948 2826 Ut
1972 2793 2020 2825 ait
2041 2793 2252 2826 Seneca2....

395 2858 484 2890 Hinc
506 2864 561 2890 est
581 2858 678 2902 quod
700 2859 786 2890 nos³
869 2870 993 2891 verum
1015 2858 1263 2891 testimonium
1285 2858 1519 2903 perhibemus
1541 2858 1638 2903 quod
1658 2858 1812 2892 dilectus
1834 2866 1959 2892 noster
1978 2858 2198 2893 venerabilis
2220 2865 2255 2892 et

516 2916 540 2938 4.
