2502 3418
412 325 477 357 258
990 335 1311 357 CHARTULARIUM
1346 333 1537 356 UNtvssns.
1575 332 1704 355 rmus.
2188 319 2288 356 [1413

416 421 493 441 rum
525 410 759 442 ecclesiarum
789 417 847 442 aut
879 410 1148 443 ecclesiasticos
1175 409 1274 442 viros
1304 407 1519 453 improbitas
1547 407 1767 451 opprimere„
1795 406 2021 439 lacessereve
2046 405 2218 439 mollitur.
2243 407 2289 440 At

415 488 501 508 vero
519 476 625 509 nobis
643 488 760 520 nuper
777 477 931 509 innotuit
950 476 1253 521 quemadmodum
1272 474 1396 519 presul
1414 474 1587 519 egregius
1602 473 1772 505 dominus
1787 472 1982 516 episcopus
1998 472 2287 514 Maeloviensis¹‚

416 543 471 575 vir
493 543 641 587 generis
670 543 884 575 claritudine
911 549 946 575 etv
966 542 1175 575 celebritate
1201 542 1272 575 vite
1300 541 1493 574 admodum
1516 540 1750 584 conspicuus,
1775 539 1930 572 ecclesie
1951 539 2107 572 invictus
2133 540 2235 585 pugil
2256 547 2289 573 et

418 615 540 652 pastor
562 609 839 649 solertissimus7
863 610 1054 642 occasione
1071 609 1180 652 juris-3,
1208 608 1305 652 quod
1333 607 1370 639 in
1391 606 1607 651 quibusdam
1631 605 1734 638 silvis
1755 606 1833 650 ipse
1855 605 2212 651 predecessoresque
2234 607 2289 640 sui

417 676 634 709 inconcusse
661 676 877 714 habuerunt,
902 688 919 708 a
942 676 1088 708 domino
1110 675 1154 707 de
1184 674 1393 707 Montesorti
1415 686 1479 706 sue
1501 673 1660 705 diocesis
1687 684 1856 717 magnum
1879 679 1914 705 et
1939 672 2180 706 intollerabile
2208 685 2290 718 gra-

417 754 544 774 vamen
565 754 764 787 perpessus
781 749 847 775 est.
868 742 1052 786 Siquidem
1072 742 1140 774 iste
1162 741 1249 773 baro
1267 747 1396 785 gentes
1414 739 1574 784 episcopi
1594 739 1671 783 capi
1688 739 1770 771 fecit
1787 745 1823 771 et
1838 738 2045 772 carceribus
2061 740 2287 785 mancipavit,

418 820 535 853 neque
558 816 641 853 post
660 810 895 841 monitionem
923 808 1146 840 amicabilem
1175 814 1211 840 et
1237 819 1279 839 ex
1310 807 1455 839 caritate
1483 812 1684 839 manantem
1716 812 1821 850 atque
1852 806 1956 838 etiam
1987 813 2070 851 post
2096 807 2287 851 juridicam

417 876 651 908 monitionem
677 876 774 920 ipsas
795 875 907 908 voluit
932 875 1138 907 restituere.
1156 874 1261 907 Unde
1283 880 1432 918 propter
1448 873 1706 905 contumaciam
1729 872 1831 905 talem
1850 880 2068 906 memoratus
2094 874 2289 919 episcopus

418 949 547 975 terram
572 943 695 986 prefati
718 942 855 974 domini
878 941 1126 974 ecclesiastico
1149 940 1343 985 supposuit
1368 940 1574 972 interdicto,
1597 940 1666 982 Qui
1688 939 1792 972 miles
1813 940 1850 972 in
1871 951 1937 972 suo
1959 939 2140 973 obstinato
2162 953 2290 986 propo-

419 1009 487 1041 sito
519 1020 756 1053 perseverans
784 1008 827 1040 ad
859 1008 982 1040 sedem
1013 1007 1247 1052 apostolicam
1278 1006 1484 1052 appellavit.
1507 1007 1685 1049 Quocirca
1706 1013 1826 1039 vestre
1855 1007 2053 1040 sanctitatis
2082 1007 2291 1041 celsitudini

418 1075 652 1108 devotissime
675 1074 935 1119 supplicamus,
959 1081 1138 1119 quatenus
1160 1086 1302 1106 causam
1325 1074 1411 1106 dicti
1433 1074 1596 1119 episcopi
1618 1086 1683 1118 pro
1699 1074 1782 1118 jure
1803 1085 1842 1106 ac
1863 1073 2028 1106 libertate
2049 1074 2203 1107 ecclesie
2226 1087 2291 1108 sue

418 1142 600 1177 certantis,
624 1142 700 1186 ipsa
725 1142 894 1174 sanctitas
916 1141 1089 1186 dignetur
1109 1140 1242 1173 habere
1264 1141 1562 1181 commendatam,
1585 1147 1620 1173 ut
1651 1141 1782 1173 ceteris
1803 1140 1957 1173 ecclesie
1987 1141 2132 1185 prelatis
2160 1141 2290 1175 fiducia

412 1209 508 1252 juris
531 1208 767 1240 ecclesiastici
790 1208 927 1249 tuendi,
951 1208 1056 1240 etiam
1085 1214 1206 1252 spreta
1227 1208 1430 1240 offensione
1453 1214 1653 1252 potentum,
1676 1214 1868 1240 accrescat.
1892 1208 2057 1252 Denique
2078 1207 2185 1241 nobis
2206 1208 2292 1242 filiis

418 1275 559 1307 sincere
582 1274 789 1307 obcdicntie
810 1281 931 1307 vestre
953 1281 1101 1319 paterne
1123 1275 1337 1315 sanctitatis,
1359 1275 1435 1319 ipsa
1458 1287 1601 1320 queque
1618 1274 1756 1319 jubeat⁷
1779 1281 1846 1307 etc.

509 1373 624 1396 *Minuta
637 1373 752 1395 chartac.
769 1373 793 1395 in
808 1373 885 1396 Arch.
895 1376 948 1396 nat.
962 1372 1058 1401 Paris„
1071 1373 1094 1396 M
1107 1374 1159 1402 05⁵,
1172 1377 1200 1395 n⁰
1213 1373 1255 1396 157
1269 1372 1341 1402 (olim
1354 1374 1383 1396 Α.
1395 1374 1434 1396 33.
1448 1375 1540 1402 nnnn).
1553 1386 1574 1390 —
1588 1373 1642 1396 llne
1653 1372 1879 1396 litterneinsertue
1894 1376 1955 1396 sunt
1965 1372 2093 1404 epistolae
2107 1373 2138 1395 nd
2151 1373 2290 1404 quemdam

418 1417 572 1448 episcopum
581 1418 600 1445 2,
613 1417 657 1448 qui
669 1425 775 1439 causam
793 1417 864 1448 opud
880 1425 977 1448 papam
995 1418 1083 1440 fovere
1098 1417 1198 1441 debuit.
1211 1418 1309 1440 Nomen
1322 1425 1408 1449 papae
1423 1421 1448 1440 et
1459 1417 1585 1448 temporis
1602 1420 1663 1440 nota
1678 1417 1779 1440 cruitur
1792 1425 1805 1440 e
1818 1417 1881 1448 Reg.
1893 1417 2082 1440 Lnteran.Joh.
2093 1418 2221 1447 xxnt,n0
2235 1418 2290 1447 168,

418 1462 462 1486 rol.
481 1462 547 1490 2211»,
564 1462 609 1484 ubi
626 1470 695 1493 papa
712 1470 724 1484 e
741 1462 840 1489 Lauda,
858 1463 870 1485 7
890 1462 944 1485 kal.
957 1462 1015 1485 Jnn.
1031 1470 1073 1485 an.
1090 1462 1127 1484 41⁰
1143 1464 1194 1491 (an.
1212 1462 1281 1489 1413.
1299 1462 1421 1485 Deeemb.
1437 1461 1486 1492 26),
1503 1462 1591 1485 omnia
1607 1462 1639 1485 nd
1659 1462 1707 1485 hoc
1727 1461 1861 1493 negotium
1881 1462 2040 1493 pertinentia
2058 1465 2174 1493 perorat..
2190 1463 2290 1486 Rudul-

417 1506 487 1537 plius
499 1506 566 1532 scil..
579 1506 700 1529 dominus
713 1506 761 1529 toci
776 1506 807 1529 de
823 1506 982 1532 monteforti.
998 1506 1141 1529 Rohertum
1157 1506 1312 1538 episcopum
1324 1510 1349 1530 et
1364 1506 1501 1530 ecclesium
1517 1507 1686 1530 Macloviens.
1700 1506 1869 1529 libertatibus
1883 1510 1908 1529 et
1922 1506 2015 1529 usibus
2031 1506 2058 1529 in
2074 1506 2151 1535 silva,
2168 1515 2180 1530 <t
2196 1506 2292 1538 gallice

415 1551 446 1574 de
474 1551 611 1575 Brctelimz
628 1551 696 1573 dicte
716 1551 810 1580 dinem,
828 1551 964 1582 spoliavit.
984 1551 1124 1582 Negotium
1144 1559 1216 1582 popa
1237 1551 1371 1574 commisit
1385 1551 1488 1574 officiali
1506 1551 1601 1581 raris„
1615 1551 1659 1582 qui
1675 1554 1766 1574 contra
1781 1551 1950 1582 Rndulphum
1965 1551 2119 1582 procederet
2139 1551 2162 1582 («
2178 1551 2291 1575 Gravem

415 1595 576 1618 venerabilis
601 1597 634 1624 n).
650 1595 837 1618 verisimiliter
861 1596 1013 1627 episcopus,
1033 1596 1065 1618 ad
1087 1604 1165 1627 quem
1181 1595 1348 1619 Universitus
1368 1596 1470 1624 scribit,
1489 1599 1528 1619 est
1543 1596 1693 1619 Bernartius
1714 1596 1746 1619 de
1770 1596 1917 1625 Chevenon,
1938 1595 2020 1627 episc.
2040 1596 2219 1627 Ambianens„
2245 1596 2290 1628 qui

415 1648 458 1663 un.
479 1640 548 1668 1412,
567 1640 688 1663 Decemh.
707 1640 769 1669 (vid.
788 1642 920 1670 Anauon,
937 1641 969 1669 H,
986 1649 1013 1671 p.
1032 1641 1085 1669 135,
1102 1643 1157 1663 not.
1174 1641 1197 1671 6)
1221 1641 1329 1664 Romam
1346 1649 1404 1663 cum
1421 1640 1481 1663 aliis
1497 1642 1631 1671 profectus
1646 1643 1695 1668 cst,
1712 1644 1738 1663 et
1756 1641 1823 1668 1413,
1842 1640 1914 1669 Jun.,
1929 1640 1983 1672 jam
2003 1648 2126 1663 reversus
2145 1644 2202 1664 erat
2222 1640 2293 1670 (Bel.

413 1685 447 1708 dc
464 1684 669 1715 &tint-Derim,
685 1685 714 1712 V,
732 1685 781 1715 72).

509 1769 533 1792 1.
556 1768 685 1791 Rohertus
705 1769 736 1791 dc
757 1769 835 1797 Mota,
859 1768 939 1800 episc.
960 1768 1130 1794 Macloviens.
1146 1768 1180 1791 ab
1202 1777 1246 1792 an.
1269 1769 1339 1798 1389,
1364 1768 1429 1792 Nov.
1453 1770 1466 1792 8
1486 1769 1558 1800 (Reg.
1575 1769 1656 1792 Aven.
1673 1769 1754 1792 Clem.
1772 1769 1826 1797 Vll,
1843 1769 1896 1793 vol.
1912 1769 2001 1799 LVItI,
2018 1770 2062 1793 sol.
2079 1770 2102 1798 2,
2118 1769 2143 1792 in
2164 1773 2292 1801 quaterno

416 1813 539 1844 provis.).
555 1827 582 1830 —
599 1813 623 1837 2.
639 1813 824 1836 Vcrisimiliter
839 1813 921 1844 episc.
934 1813 1103 1837 Ambianens.
1118 1813 1157 1836 Cf.
1175 1821 1257 1844 supra
1270 1816 1370 1837 notam.

421 1975 710 2012 1982.Ca1-olus
733 1986 769 2010 VI
782 1987 878 2019 refert,
903 1986 1093 2011 L'niversilate
1108 1986 1206 2012 Paris.
1221 1985 1415 2022 supplicante,
1441 1985 1511 2021 quid
1534 1985 1613 2012 bulla
1629 1985 1768 2012 Johanm's
1788 1987 1889 2011 XXIII
1903 1985 2056 2022 appellata
2075 1986 2199 2019 quintus
2218 1986 2290 2012 arti-

505 2035 589 2060 culus
604 2033 764 2059 conlineat⁴
782 2038 809 2059 et
823 2034 960 2069 quomodo
977 2035 1111 2069 magistri
1125 2038 1152 2060 et
1165 2034 1313 2061 scholares
1328 2038 1386 2060 tam
1402 2044 1420 2060 α
1430 2043 1512 2071 papa
1527 2043 1613 2070 quam
1630 2043 1647 2059 a
1664 2043 1729 2069 rege
1742 2034 1924 2070 privilegium
1937 2034 1973 2060 de
1988 2043 2042 2060 non
2054 2034 2194 2060 trahendo
2205 2038 2289 2060 extra

505 2092 599 2108 muros
615 2083 709 2109 Paris.
730 2087 867 2118 quantum
884 2083 924 2108 ad
940 2083 1082 2118 beneficia
1099 2084 1127 2109 in
1143 2083 1236 2110 rotulo
1255 2084 1404 2118 contentis,
1421 2084 1605 2110 obtinuerint.
1624 2085 1778 2118 Confirmat
1793 2083 1863 2109 haec
1875 2083 2040 2119 privilegia.
2056 2082 2161 2110 Donnd
2181 2082 2196 2110 ὲ
2212 2083 2290 2110 Paris

503 2132 528 2158 le
545 2131 662 2158 sixieme
674 2133 743 2166 jour
759 2133 794 2158 de
810 2132 910 2158 Juillet
924 2133 982 2158 l'an
1000 2133 1035 2159 de
1047 2141 1131 2166 grace
1145 2133 1199 2159 mil
1212 2133 1302 2159 CCCC
1315 2135 1344 2160 et
1358 2134 1455 2163 treize,
1469 2135 1498 2160 et
1512 2134 1548 2160 de
1563 2135 1660 2160 nostre
1675 2141 1764 2167 regne
1775 2133 1801 2159 le
1815 2133 1924 2167 xxxiije.
1943 2143 1956 2157 «
1971 2133 2070 2159 Nostre
2084 2133 2151 2159 bien
2166 2131 2248 2160 atnoe
2261 2142 2286 2158 ι).

1682 2218 1749 2247 1413,
1765 2218 1827 2243 dum
1840 2219 1865 2247 6,
1882 2218 1998 2244 Parisiis.

510 2252 583 2278 Bm...
601 2252 630 2281 V,
646 2252 700 2275 204.
716 2266 746 2269 -—
764 2253 887 2276 ordonn.
900 2253 946 2276 des
961 2252 1029 2280 rois,
1046 2253 1076 2284 X,
1090 2252 1145 2276 155.

508 2335 532 2359 1.
548 2335 606 2360 Vid.
622 2343 702 2367 supra
719 2335 819 2358 bullum
835 2340 864 2358 n⁰
880 2336 948 2359 1941.

421 2444 560 2481 1983.
597 2453 773 2479 Universitas
789 2454 886 2479 Paris.
903 2453 1006 2479 scribit
1027 2454 1132 2480 laccho
1152 2454 1187 2480 de
1213 2454 1365 2489 Clmtillon,
1385 2455 1526 2490 allegato
1547 2457 1746 2482 Cnirsrsilalis
1768 2460 1794 2482 et
1811 2456 1899 2482 sociis
1922 2456 1972 2492 qui
1987 2459 2174 2492 portaverant
2195 2455 2291 2482 bullas

504 2502 630 2538 papales
647 2506 673 2528 el
690 2502 727 2528 ab
745 2503 806 2538 ejus
826 2502 988 2528 hominihus
1004 2503 1209 2529 detinebantur
1224 2504 1252 2530 in
1268 2504 1442 2539 carceribus,
1459 2505 1621 2531 libertatem
1638 2505 1733 2531 donet.

1677 2587 1747 2616 1473,
1761 2587 1824 2612 ιΙαΙῘῘ
1836 2587 1872 2616 19,
1888 2586 2001 2612 Parisiis.

506 2671 601 2702 Pour
622 2670 785 2703 l⁷amiral.
809 2672 899 2704 Tres
922 2671 1022 2704 chier
1043 2679 1076 2704 et
1104 2671 1189 2705 bien
1211 2676 1301 2705 ame.
1325 2672 1353 2705 Il
1375 2679 1430 2705 est
1450 2685 1534 2718 vray
1555 2686 1624 2718 que
1645 2686 1784 2706 comme
1800 2675 1837 2719 ja
1858 2674 1959 2719 piece
1980 2685 1999 2706 a
2019 2685 2112 2706 nous
2134 2684 2290 2707 eussons

417 2737 545 2769 envoie
567 2739 583 2769 ἐι
606 2744 709 2770 court
731 2738 775 2770 de
798 2739 946 2771 Romme
967 2751 1031 2783 par
1047 2739 1178 2772 devers
1199 2744 1323 2772 nostre
1345 2740 1439 2772 saint
1459 2743 1545 2785 pere
1562 2741 1707 2773 maistre
1725 2740 1954 2782 G[uillaume]
1972 2740 2144 2773 Bourdon
2165 2747 2289 2773 nostre

415 2809 580 2847 suppost7
600 2815 693 2847 pour
710 2805 915 2837 certainnes
936 2805 981 2838 de
1005 2818 1073 2838 nos
1094 2805 1305 2851 besongnes
1322 2807 1506 2852 expedier,
1525 2814 1560 2840 et
1580 2811 1685 2852 apres
1702 2808 1837 2840 certain
1854 2807 2061 2851 expedition
2078 2806 2143 2839 des
2159 2806 2291 2840 choses

419 2880 487 2912 que
509 2868 570 2913 luy
590 2870 697 2902 avion
720 2871 934 2915 enjoinctes7
957 2872 1031 2904 sust
1060 2884 1103 2904 au
1134 2879 1259 2906 retour
1280 2885 1372 2918 pour
1392 2885 1485 2907 nous
1507 2881 1652 2919 aporter
1672 2874 1876 2906 certainnes
1896 2873 2016 2906 bulles
2037 2879 2236 2906 contenans
2255 2872 2290 2906 Ie

539 2927 576 2950 33.
