2502 3418
349 324 415 357 656
930 330 1252 354 CHARTULAmUM
1288 329 1480 352 UNIVERS.
1519 329 1651 351 PARIS.
2127 316 2227 354 [1445

351 414 387 440 et
407 414 652 446 contumaces,
677 413 712 439 et
733 418 806 439 non
827 412 952 439 contra
973 405 1067 438 bene
1088 411 1253 450 agentes.
1278 404 1407 437 Dicere
1432 403 1527 436 enim
1553 403 1651 448 quod
1673 415 1738 448 pro
1759 410 1839 436 actu
1859 403 2006 436 virtutis
2027 403 2075 437 sit
2094 403 2227 448 aliquis

352 473 722 507 excommunicandus
744 480 775 506 et
799 479 898 506 extra
920 472 1110 505 ecclesiam
1133 471 1383 516 proiciendus,
1406 470 1498 503 male
1520 470 1614 515 sapit
1636 470 1674 502 in
1695 469 1779 502 fide.

446 540 709 575 Tertiadecima
732 540 919 574 conclusio.
938 539 1027 573 Cum
1047 538 1248 572 secundum
1272 537 1415 570 beatum
1437 537 1724 582 Augustinum¹³
1745 537 1876 569 festum
1898 537 2078 569 fatuorum
2101 547 2228 581 supra-

353 608 489 641 dictum
511 608 653 640 initium
676 614 711 640 et
732 607 910 652 originem
930 606 1131 650 sumpserit
1151 617 1169 637 a
1191 605 1343 650 paganis
1360 611 1395 637 et
1411 603 1627 649 gentilibus,
1646 604 1707 648 qui
1725 603 1858 636 similia
1875 602 2034 636 ludibria
2054 603 2091 635 in
2111 602 2227 647 capite

351 675 513 708 Januarii
536 674 717 707 faciebant
736 674 780 706 ad
801 673 977 706 honorem
998 672 1090 713 Jani,
1115 683 1220 716 quem
1244 672 1357 703 Deum
1386 682 1468 703 esse
1491 670 1703 711 credebant,
1725 677 1761 703 et
1781 670 1839 703 cui
1860 669 2008 715 ydolum
2029 668 2229 702 fabricave-

353 748 445 783 rant,
473 742 510 774 in
536 742 641 786 cujus
667 746 867 785 conspectu
893 746 928 772 et
952 739 1055 783 quasi
1081 738 1135 770 illi
1164 737 1403 771 sacrificando
1426 736 1608 770 faciebant
1632 736 1740 770 ludos
1768 736 2012 782 supradictos,
2039 735 2228 769 christiani

354 808 489 841 debent
517 808 667 841 maxime
694 807 776 840 talia
803 806 961 839 ludibria
987 806 1123 838 evitare
1152 811 1187 837 et
1208 805 1350 849 sugere,
1379 816 1424 836 ne
1454 816 1494 836 ea
1519 804 1686 837 faciendo
1718 810 1779 837 aut
1803 803 2012 837 assistendo
2037 803 2230 836 videantur

354 876 581 921 paganizare,
616 881 651 907 et
677 874 786 919 ydolo
812 873 891 906 Jani
916 872 1011 905 velle
1039 871 1279 905 reverentiam
1309 878 1344 904 et
1371 871 1548 903 honorem
1572 871 1703 912 facere,
1732 877 1767 904 et
1793 871 1946 909 maxime
1974 870 2118 915 quando
2147 869 2229 903 talia

353 943 489 975 fuerint
510 942 545 974 in
567 941 747 986 principio
769 940 943 980 Januarii,
967 939 1028 984 qui
1050 938 1093 971 ab
1115 939 1195 983 ipso
1215 939 1305 971 Jano
1327 950 1460 970 nomen
1482 938 1635 982 accepit.

444 1007 720 1053 Quartodecima
741 1006 931 1040 conclusio.
960 1006 997 1039 Si
1022 1005 1088 1045 illi,
1117 1005 1179 1050 qui
1205 1005 1453 1050 supradictum
1479 1005 1612 1037 festum
1640 1011 1911 1038 consueverunt
1936 1005 2069 1045 facere,
2095 1003 2232 1036 fuerint

354 1076 397 1109 de
419 1075 597 1120 premissa
619 1074 713 1106 beati
736 1073 935 1118 Augustini
956 1072 1168 1105 auctoritate
1190 1071 1414 1104 sufficienter
1435 1078 1483 1112 et,
1506 1071 1679 1116 precipue
1703 1083 1766 1116 per
1782 1083 1887 1104 suum
1910 1070 2102 1116 prelatum,
2124 1070 2232 1103 certi—

355 1142 462 1182 ficati,
491 1141 655 1182 advisati,
678 1152 760 1185 ymo
786 1139 976 1180 admoniti,
1003 1151 1048 1172 ne
1079 1139 1241 1184 predicta
1266 1138 1424 1171 ludibria
1456 1138 1627 1171 decetero
1653 1138 1798 1177 faciant,
1823 1144 1858 1170 et
1885 1137 2039 1170 maxime
2065 1137 2102 1169 in
2131 1137 2231 1182 prin-

354 1209 449 1254 cipio
465 1208 638 1248 Januarii,
655 1219 700 1240 ne
717 1207 932 1252 paganizare
954 1212 1015 1239 aut
1038 1205 1233 1239 idolatrare
1249 1205 1454 1246 videantur,
1473 1211 1508 1238 et
1523 1205 1657 1238 deinde
1679 1205 1848 1237 indurato
1867 1211 1902 1237 et
1918 1204 2095 1249 pertinaci
2111 1204 2232 1236 animo

355 1275 574 1308 eontrarium
597 1274 763 1315 fecerint,
787 1280 912 1307 contra
933 1273 1018 1306 illos
1039 1280 1208 1318 tanquam
1231 1273 1268 1305 in
1292 1272 1363 1305 fide
1385 1279 1594 1317 suspectos,
1617 1278 1652 1304 et
1672 1271 1933 1317 paganicorum
1956 1271 2090 1304 rituum
2111 1270 2232 1303 insec-

357 1350 456 1376 tores
482 1349 537 1375 est
564 1341 839 1386 procedendum
868 1347 903 1374 et
924 1352 989 1385 per
1008 1340 1265 1385 inquisitorem
1286 1339 1447 1372 heretice
1469 1339 1657 1384 pravitatis
1679 1345 1714 1371 et
1739 1350 1819 1371 cum
1841 1338 2072 1371 invocatione
2093 1336 2232 1370 brachii

357 1409 547 1450 secularis,
570 1409 601 1441 si
622 1419 715 1453 opus
735 1408 858 1440 fuerit.

444 1477 532 1508 Acta
553 1476 701 1508 suerunt
721 1474 787 1508 hec
808 1475 1016 1519 supradicta
1042 1481 1078 1507 et
1097 1473 1271 1507 conclusa
1292 1472 1446 1518 epistola
1469 1473 1611 1506 scilicet
1635 1484 1705 1518 que
1732 1472 1967 1517 premittitur,
1989 1478 2024 1505 et
2049 1470 2234 1516 qualifica-

357 1543 487 1583 tiones,
513 1543 550 1575 in
574 1542 645 1575 fine
669 1542 968 1587 congregationis
989 1541 1197 1574 venerande
1218 1540 1398 1574 facultatis
1425 1539 1611 1585 theologie
1635 1539 1673 1572 in
1694 1539 1941 1573 Universitate
1962 1538 2174 1579 Parisiensi,
2196 1538 2233 1571 in

357 1611 486 1643 Sancto
509 1609 718 1642 Mathurino
735 1608 917 1642 celebrata
939 1621 1034 1641 anno
1052 1607 1198 1641 Domini
1218 1609 1252 1640 M
1264 1607 1386 1641 CCCC
1398 1606 1645 1650 XL11110gdie
1662 1606 1725 1651 xija
1741 1606 1879 1639 mensis
1897 1605 2030 1647 Martii,
2049 1616 2114 1650 per
2128 1616 2234 1650 orga-

357 1689 441 1709 num
470 1676 678 1709 venerande
704 1675 1046 1720 circumspectionis
1073 1682 1108 1708 et
1135 1674 1288 1708 scientie
1314 1674 1383 1707 viri
1408 1673 1573 1719 magistri
1601 1673 1761 1706 Eustasii
1787 1673 1831 1706 de
1857 1671 2042 1713 Mesnillo,
2070 1671 2107 1704 in
2133 1683 2233 1705 sacra

357 1743 542 1788 theologia
566 1743 791 1788 professoris
813 1749 848 1776 et
871 1742 998 1775 decani
1020 1742 1185 1787 ejusdem
1209 1741 1403 1782 facultatis,
1432 1747 1515 1786 post
1540 1747 1715 1773 maturam
1741 1739 2058 1781 deliberationem,
2082 1750 2233 1784 presen-

357 1811 455 1844 tibus
480 1809 755 1843 venerabilibus
782 1816 816 1843 et
842 1810 1119 1854 circumspectis
1145 1809 1249 1850 viris,
1276 1808 1462 1854 magistris
1493 1807 1658 1841 Johanne
1686 1807 1730 1840 de
1756 1808 1943 1846 Vernone,
1972 1805 2136 1840 Johanne
2167 1806 2234 1838 Be-

359 1878 477 1918 roudi,
496 1877 695 1911 Guillelmo
714 1877 914 1918 Evrardist,
934 1876 1093 1910 Roberto
1115 1875 1267 1921 Cybole,
1286 1875 1452 1909 Johanne
1472 1875 1609 1916 Vineti,
1633 1876 1740 1907 Petro
1762 1874 1806 1907 de
1822 1873 1997 1908 Vaucello
2015 1879 2050 1906 et
2069 1872 2234 1906 Johanne

358 1945 402 1978 de
423 1945 540 1985 Oliva,
563 1944 600 1977 in
620 1944 806 1989 theologia
827 1944 1026 1989 magistris,
1049 1956 1130 1976 cum
1152 1943 1321 1988 pluribus
1342 1943 1423 1975 aliis
1445 1942 1581 1975 ibidem
1603 1940 1853 1987 presentibus.
1955 1942 1994 1973 L.
2017 1941 2232 1973 Poumnm.

451 2043 520 2066 Bibl.
541 2043 703 2072 Divionens.,
719 2051 768 2067 ms.
785 2044 830 2066 837
847 2043 921 2074 (491),
937 2051 996 2065 cum
1012 2042 1185 2073 inscriptione
1206 2045 1234 2065 ut
1253 2042 1279 2065 in
1299 2041 1470 2071 editionibus,
1488 2041 1532 2064 sol.
1547 2040 1641 2071 53-56b,
1658 2048 1671 2063 e
1687 2049 1738 2072 quo
1754 2040 1834 2063 editio
1850 2039 1938 2071 prima
1956 2047 2017 2062 mox
2032 2038 2148 2062 citanda.
2163 2038 2232 2062 Bibl.

357 2091 410 2111 nat.
427 2088 522 2120 Paris„
539 2096 589 2112 ms.
608 2088 655 2112 lat.
675 2089 736 2111 9945
756 2088 889 2117 (menan),
906 2087 951 2110 sol.
973 2087 1038 2112 16912.
1055 2087 1135 2111 Petri
1149 2087 1271 2111 Blesens.
1293 2086 1360 2117 Opp.
1376 2087 1474 2110 omnia
1490 2085 1621 2116 (Parisiis,
1644 2085 1723 2115 1667),
1740 2093 1766 2116 p.
1784 2085 1897 2108 782-788.
1917 2084 2018 2113 Mmroe,
2040 2083 2151 2107 Patrol.
2173 2083 2234 2113 lat„

357 2136 375 2156 t.
390 2133 487 2161 CCVII,
502 2141 528 2164 p.
546 2133 688 2157 1169-1176.
706 2131 889 2159 Ι)’Λκω;κτιιὲ,
908 2132 974 2157 Coll.
985 2133 1060 2162 jud.y
1075 2132 1108 2161 12,
1120 2140 1147 2162 p.
1160 2132 1272 2154 243-248.
1289 2131 1454 2154 Prohibitum
1470 2133 1510 2154 est
1526 2131 1622 2153 festum
1634 2131 1767 2153 fatuorum
1780 2129 1806 2152 in
1822 2129 1941 2152 ecclesiis
1958 2128 2007 2151 sub
2023 2136 2108 2159 poena
2124 2135 2235 2159 suspen-

358 2177 439 2200 sionis
455 2178 572 2200 omnium
587 2180 764 2208 proventuum
784 2177 930 2200 ecclesiast.
947 2177 973 2199 in
989 2176 1089 2200 Concil.
1106 2176 1188 2199 Busil.
1205 2184 1247 2199 an.
1268 2177 1337 2205 1435,
1353 2175 1413 2201 Jun.
1432 2176 1446 2198 9
1461 2175 1547 2204 (Mon.
1566 2175 1670 2199 Concil.
1686 2181 1750 2204 qen.
1766 2181 1837 2198 saec.
1853 2174 1916 2203 XV,
1934 2176 1955 2197 t.
1973 2174 2005 2201 ΙΙ,
2024 2181 2051 2204 p.
2067 2173 2113 2195 804
2128 2174 2189 2204 sq.),
2210 2175 2237 2196 et

358 2229 404 2253 per
426 2222 639 2252 Praymaticam
658 2222 835 2246 sanctionem
851 2221 913 2250 (vid.
933 2221 1056 2245 Ordonn.
1073 2222 1119 2245 des
1137 2221 1205 2249 rois,
1226 2224 1246 2243 t.
1267 2221 1336 2249 XIII,
1356 2228 1382 2251 p.
1404 2220 1469 2250 287).
1489 2219 1615 2243 Diversus
1636 2222 1676 2242 est
1695 2219 1782 2243 ludus
1797 2218 1967 2249 episcopalis,
1985 2217 2017 2241 de
2033 2225 2084 2248 quo
2104 2217 2234 2248 quaedam

358 2266 471 2289 diximus
489 2267 631 2295 Chartul.‚
648 2267 693 2293 ῙΙΙ,
710 2275 736 2297 p.
754 2267 807 2294 175,
824 2269 878 2289 not.
895 2266 917 2289 2.
937 2266 1034 2289 Contra
1050 2266 1146 2288 festum
1159 2266 1292 2288 fatuorum
1308 2264 1427 2293 Gznsos,
1446 2264 1513 2295 ΟΜ).
1531 2265 1562 2293 ΙΙ,
1578 2264 1634 2291 109;
1652 2264 1697 2291 ΙΙΙ,
1714 2264 1771 2291 309,·
1788 2263 1829 2291 lv,
1841 2263 1896 2287 620.
1912 2262 2061 2285 Ludovicus
2075 2261 2233 2292 archiepisc.

359 2311 503 2334 senonens.
519 2314 543 2334 et
559 2311 709 2342 Stephanus
725 2310 841 2333 vicarius
858 2310 1023 2342 inquisitoris
1038 2309 1114 2341 regni
1129 2309 1255 2333 Franciae
1271 2317 1303 2332 an
1318 2310 1387 2338 1445,
1403 2309 1469 2332 Nov.
1486 2309 1524 2338 24,
1542 2308 1683 2340 epistolum
1696 2307 1885 2331 Universitatis
1901 2306 1988 2330 solum
2003 2309 2138 2337 exponunt
2151 2305 2235 2335 (Gall.

358 2354 463 2383 christ..
481 2356 535 2381 ΧΠ,
551 2356 687 2384 lustrum„
702 2364 729 2386 p.
745 2356 775 2378 95
788 2358 847 2387 sq.).
861 2355 920 2379 Vid.
934 2355 1015 2378 etiam
1027 2354 1164 2385 Cunnum,
1178 2354 1250 2379 Hist.
1266 2356 1298 2378 de
1311 2354 1411 2378 Rauen
1423 2360 1490 2378 sous
1504 2353 1533 2377 la
1546 2353 1721 2377 dominatum
1734 2352 1871 2383 anyIaise,
1885 2360 1912 2383 p.
1930 2352 1975 2374 205
1990 2359 2039 2382 sq..
2058 2350 2092 2374 ad
2107 2358 2150 2374 an.
2166 2350 2236 2375 1446.

452 2444 476 2469 1.
491 2445 557 2468 Edd.
570 2452 575 2468 ’.
592 2453 603 2467 «
615 2445 810 2468 declaravimus
824 2453 844 2469 r.
857 2458 885 2462 —-
896 2444 920 2469 2.
934 2444 1017 2468 Edd.:
1032 2452 1163 2468 «exarare
1178 2452 1199 2467 r.
1212 2457 1237 2462 —
1250 2443 1273 2468 3.
1286 2443 1334 2466 Ms.
1346 2443 1404 2466 Div.
1415 2451 1421 2466 z
1434 2451 1446 2466 (ι
1459 2442 1579 2474 lugurire
1589 2450 1615 2470 »ς
1628 2442 1703 2465 edd.:
1718 2450 1729 2464 «
1742 2449 1849 2465 currere
1859 2449 1882 2464 i).
1893 2455 1923 2458 —
1933 2439 1959 2465 4.
1975 2441 2024 2463 Ms.
2035 2439 2110 2463 Div.:
2125 2448 2136 2462 (ι
2148 2439 2237 2463 Infan-

359 2489 399 2512 cia
414 2497 435 2512 ».
452 2502 481 2507 -
494 2488 519 2514 5.
533 2490 580 2512 Ms.
598 2489 701 2513 Divion.
718 2489 807 2520 potius
825 2498 837 2512 (z
853 2497 995 2520 corporum
1005 2497 1026 2513 ».
1038 2502 1068 2506 ——
1083 2489 1108 2514 6.
1119 2489 1150 2512 V.
1163 2497 1191 2519 g.
1207 2488 1297 2512 Trecis
1313 2488 1376 2519 (vid.
1394 2491 1444 2510 num
1457 2488 1629 2519 sequentem).
1641 2500 1668 2504 —
1681 2486 1706 2512 7.
1717 2486 1784 2510 Edd.
1797 2494 1803 2510 :
1819 2495 1830 2509 α
1847 2486 1939 2509 effluat
1949 2493 2011 2509 ».—
2022 2485 2047 2510 8.
2062 2483 2234 2507 proverbium

359 2533 445 2556 adhuc
465 2534 491 2556 in
507 2534 666 2565 quibusdam
682 2534 832 2565 regionibus
856 2534 991 2557 usitatum.
1010 2547 1038 2551 —
1055 2533 1080 2558 9.
1107 2533 1230 2564 Capitula
1250 2533 1407 2564 quandoque
1426 2532 1491 2555 haec
1512 2533 1578 2555 festa
1600 2531 1787 2563 permiserunt,
1809 2539 1871 2553 nam
1885 2539 1910 2553 v.
1931 2538 1956 2561 g.
1979 2529 2068 2553 Trecis
2088 2528 2235 2560 capitulum

361 2578 387 2601 S.
409 2578 479 2601 Petri
495 2587 537 2602 an.
554 2578 624 2608 1372,
640 2579 750 2603 Januar.
771 2579 810 2609 10,
827 2579 913 2602 solum
933 2578 1072 2610 prohibuit
1087 2578 1142 2601 suis
1162 2577 1271 2601 vicariis
1290 2577 1424 2601 celebrare
1443 2578 1539 2600 festum
1560 2577 1693 2600 fatuorum
1713 2585 1724 2599 «
1746 2584 1807 2599 sans
1832 2583 1861 2598 sa
1880 2574 2041 2606 permission
2058 2582 2069 2596 »
2087 2573 2150 2603 (vid.
2167 2573 2236 2597 Bou-

361 2629 431 2651 ·rio'r,
458 2623 530 2647 Hise.
551 2625 583 2646 de
602 2624 630 2647 la
651 2623 718 2647 ville
732 2624 765 2647 de
790 2624 901 2654 Troyes,
923 2624 957 2653 ΙΙ,
975 2632 1002 2655 p.
1022 2624 1088 2653 264).
1106 2637 1138 2641 —
1155 2622 1196 2648 10.
1215 2622 1273 2646 Vid.
1294 2622 1595 2650 Ducant-litusens&
1613 2629 1638 2645 v.
1656 2621 1818 2651 Kalendae;
1837 2620 1970 2648 Βουτιοτ,
1993 2619 2012 2642 Ι.
2033 2627 2065 2646 c„
2087 2619 2107 2647 Ι,
2127 2627 2155 2650 p.
2174 2618 2238 2646 494·ι

363 2667 475 2695 Cas-rm,
490 2668 531 2691 La
546 2668 599 2697 sete
611 2669 656 2692 des
672 2668 745 2693 Fous
759 2668 777 2692 ιὶ
792 2669 947 2697 Besancon.
961 2668 987 2691 in
1003 2668 1086 2692 Μόνη.
1103 2669 1136 2692 de
1153 2667 1182 2692 la
1194 2674 1249 2692 soc.
1267 2666 1450 2691 d'e'mulation
1466 2667 1505 2690 du
1521 2666 1624 2695 Doubs,
1640 2665 1785 2695 1877-1878,
1798 2673 1825 2696 p.
1837 2665 1896 2693 388;
1913 2657 2000 2693 Di'nm,
2016 2663 2170 2688 Comment.
2183 2662 2235 2687 his-

362 2711 451 2735 tow-ica
463 2712 497 2735 de
509 2712 639 2742 episcopis
650 2719 807 2742 puerorum
820 2713 989 2743 moguntiae,
1003 2713 1074 2742 1756,
1087 2721 1113 2744 p.
1128 2713 1157 2735 28
1171 2713 1232 2744 sq.).
1243 2725 1274 2730 —-
1283 2711 1325 2736 ss.
1337 2711 1459 2735 Facultas
1472 2710 1586 2742 singulis
1597 2710 1813 2733 conclusionibus
1830 2718 1841 2733 (t
1854 2708 2065 2741 quulificationes
2075 2715 2086 2731 )
2103 2706 2234 2738 adjungit,

363 2763 436 2786 quas,
452 2764 510 2778 cum
530 2756 595 2779 nihil
616 2756 676 2779 novi
696 2757 816 2786 afferant,
833 2756 913 2780 immo
933 2757 1065 2780 succincte
1085 2757 1141 2789 jam
1163 2757 1232 2780 dicta
1247 2756 1405 2788 exprimant,
1422 2755 1543 2779 consulto
1563 2755 1720 2778 omittimus.
1738 2768 1766 2772 —
1783 2754 1824 2779 12.
1839 2754 1906 2777 Edd.
1925 2761 1930 2777 ι
1953 2762 1964 2777 ι
1982 2753 2038 2776 sine
2058 2751 2194 2775 habitibus
2209 2754 2236 2774 et

363 2799 525 2822 vestimentis
541 2798 736 2830 ecclesiasticis,
755 2801 824 2825 sicut
840 2801 866 2826 in
882 2800 1043 2832 quibusdam
1058 2801 1177 2825 ecclesiis
1191 2801 1296 2833 pridem
1311 2800 1361 2824 ruit
1374 2801 1556 2828 observatum
1572 2799 1655 2830 etqui
1670 2799 1832 2822 contrarium
1848 2798 1966 2828 fecerint,
1981 2796 2076 2820 utendo
2092 2795 2194 2819 scilicet
2207 2795 2235 2818 in

363 2843 459 2866 divinis
474 2844 568 2867 officiis
583 2845 745 2868 vestimentis
759 2846 927 2875 secularium,
940 2849 986 2870 aut
999 2847 1142 2870 stultorum
1156 2854 1178 2875 »,
1190 2849 1241 2870 etc.
1251 2859 1282 2864 -
1291 2845 1331 2870 13.
1344 2846 1373 2868 In
1386 2853 1506 2869 sermone
1519 2845 1559 2868 De
1574 2843 1793 2869 Circumcisione
1802 2835 1921 2868 Domini
1931 2843 2020 2873 (Opp.,
2030 2840 2151 2870 Parisiis,
2162 2839 2237 2869 1700,¹

364 2888 392 2916 V,
406 2896 432 2919 p.
448 2889 493 2911 903
508 2891 586 2919 sqq.).
603 2902 629 2907 --
647 2889 689 2915 14.
702 2890 751 2913 Ms.
767 2890 869 2914 Divion.
882 2894 907 2914 et
923 2890 982 2915 edd.
999 2899 1004 2914 ε
1021 2900 1032 2914 «
1048 2891 1158 2914 Errardi
1175 2899 1197 2915 n.
