2502 3418
398 361 462 394 516
970 370 1300 392 CHARTULARlUM
1338 369 1530 391 oraveris.
1568 370 1697 391 rmus.
2103 356 2263 393 [1430-31

399 488 543 525 2372.
572 497 746 523 Universitas
762 497 829 522 duci
850 496 1037 531 Burgundiae
1057 496 1158 522 scribit
1173 500 1203 522 ut
1222 495 1335 529 Puella,
1354 496 1382 521 in
1402 495 1540 522 ditionem
1562 496 1623 531 ejus
1646 495 1775 529 redacta,
1798 496 1827 521 in
1846 503 1948 521 manus
1958 495 2095 530 justitiae
2116 494 2265 521 Ecclesiae

487 553 650 579 remittatur
665 557 752 588 atque
767 553 899 578 Parisios
915 562 1014 579 secure
1028 553 1160 586 ducatur,
1178 555 1205 578 et
1219 553 1275 586 fiat
1288 551 1315 577 ei
1324 560 1479 587 processus
1499 551 1535 578 de
1552 551 1698 578 idolatriis
1717 551 1896 587 reliquisque
1911 551 2042 577 materiis
2054 551 2139 586 fidem
2156 560 2267 577 concer-

488 602 629 628 uentibus.

1596 637 1671 666 7430,
1686 637 1747 663 Maii
1757 637 1851 666 25-26,
1865 636 1981 662 Parisiis.

492 726 538 748 Vel
554 726 652 748 amissa
672 725 793 756 epistola,
815 725 889 756 cujus
908 725 1034 748 memoria
1054 728 1175 748 servatur
1192 724 1219 747 in
1237 725 1320 747 altera
1342 724 1420 756 epist.
1439 724 1499 747 duci
1517 724 1687 756 Burgundiae
1706 724 1789 747 missa
1802 725 1841 754 (n0
1855 725 1935 754 2374),
1951 724 1993 747 vel
2007 724 2099 747 eadem
2114 727 2153 747 est
2168 731 2198 747 ac
2212 723 2267 755 epi-

399 770 468 793 stola
483 770 575 793 vicarii
591 770 765 801 inquisitoris.
780 771 807 792 In
823 769 921 800 priore,
936 772 1062 800 quantum
1077 777 1107 792 cx
1122 769 1206 792 altera
1220 772 1340 800 apparet,
1354 769 1456 792 nullam
1473 769 1505 792 de
1519 769 1645 800 episcopo
1661 769 1814 792 Belvacensi
1830 769 1866 798 (P.
1883 768 2015 798 Cauchon)
2032 768 2190 791 mentionem
2205 767 2268 791 Uni-

398 815 511 838 versitas
527 815 665 846 injecerat;
678 823 756 845 quam
774 815 799 837 in
816 815 907 842 altera,
927 813 1070 844 instigante
1086 813 1144 844 ipso
1165 813 1297 842 Cauehon,
1312 813 1423 837 addidit.
1436 813 1566 841 Johanna,
1584 814 1646 837 Maii
1659 814 1696 842 23,
1712 817 1790 845 capta
1807 813 1857 836 fuit
1870 813 1898 836 in
1913 813 2046 836 territorio
2064 816 2123 836 ante
2140 812 2268 844 Compen-

398 859 471 882 dium
494 859 553 887 sito,
576 860 608 882 ad
629 859 711 882 dioec.
733 859 885 881 Belvacens.
903 858 1050 889 pertinente
1066 858 1202 889 (oppidum
1223 858 1379 889 Compendii
1402 866 1463 881 vero
1479 858 1562 881 dioec.
1582 858 1765 881 Suessionens.
1782 858 1850 889 ruit),
1870 861 1896 881 et
1914 857 1956 881 die
1976 859 2005 881 25
2024 857 2131 880 nuntius
2151 857 2267 880 Parisios

397 907 553 935 pervenerat
567 904 746 934 (chnfflmr,
761 904 862 927 Proces
876 904 909 926 de
923 903 1034 926 Jeanne
1047 902 1139 931 ιίἈνε,
1158 903 1199 931 lv,
1213 911 1239 933 p.
1256 903 1322 932 458).
1337 902 1412 926 Certe
1426 903 1492 926 haec
1507 902 1629 933 epistola,
1646 902 1668 926 si
1683 902 1871 934 distinguenda
1884 905 1933 932 est,
1947 902 2046 933 scripta
2064 905 2104 925 est
2118 902 2208 925 eadem
2226 901 2268 925 die

398 957 450 980 qua
466 949 569 972 litterae
589 948 680 971 vicarii
698 947 829 978 generalis
846 947 1013 978 inquisitoris
1035 946 1152 978 [Martini
1166 947 1275 978 Billory,
1290 947 1320 971 Ο.“
1339 947 1377 976 Ρ.,
1396 955 1467 978 mag.
1482 947 1575 979 theol.]
1590 947 1621 970 de
1636 947 1727 970 eodem
1740 947 1845 978 negotio
1861 947 1894 970 ad
1909 947 2002 970 ducem
2017 946 2196 977 Burgundioe,
2212 946 2230 970 i.
2244 954 2268 970 e.

398 993 459 1017 Maii
475 994 504 1016 26
517 993 694 1023 (QUICHERAT‚
712 992 822 1022 Proces,
836 993 855 1019 1,
872 1000 899 1022 p.
917 992 966 1021 12),
981 992 1022 1014 vel
1033 991 1088 1022 jam
1104 991 1167 1014 Maii
1181 992 1219 1020 25,
1234 995 1263 1015 ut
1277 991 1404 1015 scribitur
1418 991 1445 1015 in
1458 1000 1507 1015 ms.
1521 992 1567 1015 lat.
1586 993 1656 1021 88:38,
1673 992 1718 1015 fol.
1735 991 1777 1015 35¹²
1794 992 1942 1021 (fortassej
1954 994 2015 1022 post
2029 998 2086 1015 mxv
2100 991 2127 1013 in
2143 990 2269 1022 originali

398 1038 562 1061 solummodo
576 1037 645 1060 linea
663 1037 720 1065 suit,
739 1044 790 1067 qua
807 1036 894 1067 prima
911 1036 1000 1059 littera
1015 1036 1150 1067 sequentis
1167 1044 1178 1059 ι
1194 1037 1260 1059 Jour
1273 1044 1285 1059 »
1301 1036 1466 1067 incipiebat).
1482 1036 1547 1060 Cum
1562 1036 1665 1060 litterae
1680 1036 1846 1068 inquisitoris
1861 1039 1915 1059 tam
1930 1044 1945 1059 a
1961 1035 2064 1058 notario
2080 1034 2270 1059 Universitatis*

399 1086 425 1106 et
439 1082 526 1105 curiae
542 1081 686 1112 episcopal.
703 1089 714 1103 α
732 1081 756 1103 le
772 1081 907 1104 Fourbeur
929 1088 950 1110 »,
977 1088 1056 1112 qnam
1072 1089 1087 1104 a
1100 1080 1188 1104 scriba
1204 1081 1393 1104 Universitatis
1421 1089 1432 1104 «
1450 1081 1548 1104 Hebert
1563 1089 1585 1109 »‚
1602 1081 1722 1112 signatae
1736 1081 1799 1110 sint,
1813 1081 1917 1104 litterae
1929 1084 1983 1103 tam
1998 1079 2173 1111 inquisitoris,
2189 1086 2267 1111 quam

398 1126 582 1151 Universitutis
596 1125 803 1149 considerandae
816 1129 885 1154 sunt,
902 1133 968 1157 quas
985 1126 1097 1149 fortasse
1114 1125 1280 1149 Universitns
1294 1129 1322 1149 ut
1338 1134 1399 1149 suas
1415 1126 1441 1149 in
1455 1126 1538 1149 altera
1555 1126 1667 1157 epistola
1683 1125 1743 1149 duci
1759 1125 1931 1157 Burgundiae
1945 1125 2028 1148 missa
2043 1124 2202 1156 designavit.

397 1294 540 1329 2373.
570 1303 747 1328 Πηὶνθνείἰαε
760 1303 857 1329 Paris.
875 1302 1019 1328 deliberat
1034 1302 1069 1328 de
1083 1302 1188 1328 litteris
1204 1302 1388 1328 destinandis
1404 1302 1443 1328 ad
1458 1311 1551 1337 regem
1564 1305 1683 1338 propter
1698 1306 1814 1337 captam
1829 1301 1989 1327 Johannam
2005 1300 2101 1327 d'Arc.

1631 1389 1706 1419 7430.
1723 1389 1792 1415 dutrii
1804 1390 1850 1418 22,
1866 1389 1980 1415 Parisiis.

483 1478 548 1510 Die
570 1478 639 1522 xxij
662 1478 760 1511 Junii
776 1478 844 1511 fuit
865 1479 1102 1523 congregatio
1122 1478 1160 1511 in
1183 1479 1218 1511 S.
1241 1478 1436 1518 Maturino,
1460 1484 1544 1518 etc.,
1567 1489 1678 1522 super
1702 1476 1835 1510 litteris
1862 1476 2090 1509 destinandis
2116 1476 2264 1509 domino

394 1545 471 1590 regi
493 1552 642 1590 propter
662 1545 852 1590 puellam¹,
872 1552 940 1578 ele.

485 1643 593 1666 Memor.
610 1643 659 1666 sac.
676 1643 783 1672 decret„
800 1643 818 1672 I,
837 1643 882 1666 fol.
897 1643 950 1665 122.
966 1656 997 1660 --
1012 1642 1164 1672 Founmna,
1179 1642 1220 1666 La
1234 1642 1345 1672 faculte'
1355 1643 1386 1666 de
1398 1642 1500 1672 de'cret,
1517 1642 1537 1674 1,
1558 1650 1585 1673 p.
1604 1642 1658 1671 253,
1676 1641 1725 1664 hac
1740 1641 1877 1664 occasione
1894 1643 2003 1664 annotat
2018 1641 2081 1670 (not.
2098 1641 2131 1670 1),
2151 1640 2266 1664 codicem

393 1695 443 1709 non
455 1687 615 1718 completum
626 1695 692 1715 esse,
705 1690 729 1710 et
742 1688 894 1710 facultatem
905 1695 972 1710 anno
984 1687 1084 1715 eodem,
1096 1686 1180 1717 April.
1194 1687 1232 1716 19,
1246 1686 1464 1710 deliberationem
1477 1686 1564 1718 quoad
1574 1686 1722 1710 Johannam
1732 1686 1817 1714 d’Are,
1829 1685 1891 1708 Maii
1904 1685 1934 1708 19
1944 1685 2082 1716 Rotomagi
2093 1685 2266 1716 publicatam,

392 1731 526 1754 habuisse.
541 1732 591 1755 Sed
605 1735 659 1755 tam
675 1731 830 1755 deliberatio
847 1740 926 1763 quam
941 1739 1083 1763 processus
1099 1731 1287 1762 Rotomagens.
1303 1740 1355 1754 non
1371 1731 1404 1754 ad
1418 1740 1460 1754 an.
1478 1732 1548 1759 1430,
1565 1731 1611 1754 sed
1626 1731 1669 1755 ad.
1685 1739 1727 1754 un.
1744 1731 1803 1754 1431
1819 1730 1961 1762 pertinent.
1975 1730 2048 1753 Alter
2065 1737 2140 1753 error
2155 1729 2266 1753 chrono-

392 1776 494 1807 logicus
509 1776 536 1799 in
551 1779 606 1799 not.
620 1777 647 1804 2;
662 1780 714 1799 tres
732 1776 860 1807 epistolae
873 1776 1061 1800 Universitatis
1075 1784 1126 1799 non
1142 1776 1186 1799 ad.
1202 1784 1245 1799 an.
1261 1776 1329 1802 1429.
1346 1776 1391 1799 sed
1409 1776 1441 1799 ad
1457 1784 1500 1799 an.
1517 1776 1578 1799 1430
1593 1776 1746 1799 referendae
1762 1778 1832 1798 sunt.

486 1859 510 1884 1.
529 1860 643 1883 Litterae
658 1859 847 1883 Universitatis
863 1860 948 1884 Paris.
963 1861 996 1883 ad
1011 1869 1100 1891 regem
1112 1861 1143 1883 de
1156 1861 1278 1884 Johunna
1293 1861 1368 1884 d'Arc
1386 1861 1484 1884 mensis
1499 1860 1572 1884 Junii
1587 1860 1701 1883 amissae
1715 1863 1786 1883 sunt.
1801 1859 1904 1883 Scimus
1920 1863 2007 1882 tamen
2022 1867 2053 1882 ex
2071 1859 2267 1883 Abbi-eviatore

391 1911 539 1934 processus
555 1904 734 1934 (QUICRERAT,
749 1905 791 1934 lv,
807 1913 834 1936 p.
846 1906 900 1934 262)
915 1909 940 1928 et
955 1913 967 1928 e
983 1905 1109 1928 relatione
1123 1905 1208 1936 ipsius
1221 1905 1291 1929 Petri
1307 1905 1430 1929 Cauchon
1445 1905 1475 1935 (Ι,
1490 1905 1574 1935 4,13)‚
1589 1913 1677 1935 regern
1695 1904 1805 1935 Angliae
1822 1912 1881 1927 cum
1899 1912 1947 1927 suo
1961 1903 2072 1927 consilio
2086 1906 2147 1926 tunc
2160 1902 2267 1926 minime

394 1948 504 1971 inertem
524 1949 615 1972 fuisse.
632 1950 652 1972 A
671 1949 804 1980 principio
824 1950 921 1980 agebat
936 1958 995 1972 cum
1011 1950 1076 1973 duce
1088 1950 1261 1981 Burgundiae
1276 1953 1302 1973 et
1319 1950 1439 1973 ,Iohanne
1456 1950 1488 1973 de
1508 1949 1702 1980 Luxemburgo,
1719 1952 1748 1972 ut
1767 1949 1858 1972 Puella
1873 1948 1925 1971 sibi
1940 1948 2104 1980 redderetur,
2122 1951 2148 1971 et
2162 1947 2267 1971 tandem

394 1994 501 2016 Petrum
515 1994 646 2024 Cauchon,
665 1994 691 2016 in
710 1994 785 2025 cujus
806 1994 918 2017 dioecesi
936 1998 1014 2026 capta
1033 1994 1090 2023 suit,
1108 1998 1309 2026 persuaserunt,
1325 1995 1358 2018 ad
1377 1995 1467 2026 ipsum
1486 1994 1618 2025 pertinere
1637 2001 1793 2025 processum
1808 1993 1939 2016 instruere
1952 1996 1977 2016 et
1992 1992 2110 2016 Puellam
2123 1992 2268 2024 requirere.

395 2038 514 2069 Epistola
530 2046 612 2069 supra
627 2042 772 2062 memorata
786 2038 813 2061 id
830 2039 965 2070 negotium
980 2039 1115 2070 tangebat.

399 2205 543 2241 2374.
573 2213 748 2239 Universitas
763 2214 831 2239 duci
843 2214 1031 2249 Burgundiae
1045 2215 1146 2240 iterum
1165 2214 1275 2249 scribit,
1294 2219 1324 2240 ut
1336 2214 1440 2241 Puella
1458 2214 1532 2240 inter
1549 2223 1652 2240 manus
1671 2213 1852 2249 inquisitoris
1865 2213 1938 2248 fidei
1954 2213 2079 2239 Parisiis
2094 2213 2266 2247 remittatur,

488 2262 529 2288 vel
544 2263 587 2297 (ut
602 2272 674 2288 nunc
690 2263 836 2298 adjungit)
850 2264 935 2289 Petro
953 2263 1085 2289 Cauchon
1102 2264 1235 2300 episcopo
1246 2264 1422 2298 Belvacensi,
1436 2264 1517 2299 cujus
1529 2262 1766 2299 injurisdictione
1777 2262 1928 2298 spirituali
1940 2266 2028 2298 capta
2040 2262 2106 2297 fuit,
2123 2262 2266 2297 tradatur,

488 2312 570 2337 atad
585 2312 797 2347 reparationem
818 2312 954 2338 scandali
969 2321 1024 2348 per
1043 2321 1106 2338 eam
1125 2313 1262 2338 suscitati
1283 2313 1446 2338 instruatur
1455 2321 1610 2348 processus
1625 2311 1706 2347 fidei.
1729 2311 1889 2337 Secundum
1909 2320 2048 2337 rumorem
2064 2311 2173 2337 inimici
2187 2311 2269 2337 ducis

488 2362 583 2386 omnia
609 2361 781 2397 impendent,
809 2365 838 2386 ut
862 2361 966 2387 Puella
987 2370 1040 2396 per
1064 2362 1124 2387 vias
1144 2362 1309 2397 exquisitas
1334 2371 1370 2388 ex
1390 2363 1450 2397 ejus
1471 2365 1617 2398 potestate
1648 2360 1834 2387 redimatur&
1859 2361 1980 2394 Escript.
2009 2371 2022 2385 «
2047 2352 2189 2387 Combien
2210 2368 2268 2394 que

487 2410 634 2436 autreffois
648 2420 673 2436 ».

1571 2447 1645 2476 7430.
1661 2449 1722 2472 ante
1736 2446 1797 2472 dum
1813 2446 1852 2475 14,
1867 2446 1982 2472 Parisiis.

493 2533 662 2562 Qucummr,
678 2535 788 2564 Proces,
805 2535 825 2564 Ι,
841 2543 867 2566 p.
884 2536 907 2558 8.
926 2549 955 2553 —
972 2536 1079 2558 VALLET
1099 2543 1133 2558 ns
1156 2536 1307 2566 Vuuvnms,
1321 2536 1422 2560 Preces
1436 2537 1468 2559 de
1483 2535 1708 2559 condamnation
1727 2536 1760 2559 de
1776 2535 1884 2559 Jeanne
1897 2535 1982 2563 Darc,
1998 2542 2025 2565 p.
2040 2535 2064 2556 6.
2079 2547 2107 2551 -
2121 2533 2148 2556 Si
2162 2533 2228 2556 hanc
2244 2535 2269 2555 et

400 2581 550 2607 sequentem
566 2578 692 2609 epistolas
708 2579 801 2602 Petrus
817 2579 940 2603 Cauchon
963 2580 1154 2611 Compendium
1174 2581 1300 2611 portavit,
1321 2583 1350 2603 ut
1369 2582 1450 2603 refert
1466 2580 1651 2604 Abbreviator
1666 2586 1813 2610 processus
1830 2579 2009 2608 (chflERAT‚
2030 2579 2071 2606 IV,
2093 2586 2119 2609 p·
2142 2578 2187 2600 262
2207 2578 2267 2609 sq.)‚

399 2620 488 2652 ibique
500 2623 570 2652 apud
586 2623 680 2646 ducem
695 2623 864 2654 Burgundiae
879 2625 933 2648 Jul.
948 2625 977 2647 14
993 2624 1043 2647 suit
1056 2624 1142 2655 (ibim,
1158 2625 1178 2655 I,
1194 2633 1222 2656 p.
1239 2625 1287 2655 14),
1311 2625 1360 2648 hae
1380 2625 1508 2656 epistolae
1521 2627 1580 2647 ante
1595 2624 1648 2647 Jul.
1674 2625 1703 2647 14
1724 2626 1785 2653 (non
1809 2623 1874 2647 Julii
1888 2624 1925 2651 14,
1942 2626 1971 2646 ut
1990 2626 2052 2654 post
2067 2622 2227 2650 QumnERA'r
2241 2625 2267 2644 et

400 2665 505 2688 VALLET
522 2674 556 2689 DE
572 2667 711 2690 Vmivum
726 2668 806 2699 vulgo
820 2668 957 2698 asseritur)
973 2669 1087 2700 scriptae
1102 2672 1172 2692 sunt.

492 2749 516 2773 1.
533 2750 655 2773 Fortasse
668 2750 722 2781 jam
746 2751 779 2774 ad
799 2760 876 2774 aures
892 2752 1081 2782 magistrorum
1098 2756 1265 2783 pervenerat,
1281 2753 1414 2776 orationes
1429 2753 1579 2784 liturgicus,
1595 2760 1661 2784 quae
1680 2752 1782 2775 missali
1797 2752 1985 2781 insererentur,
1999 2752 2159 2782 compositas
2177 2750 2266 2779 fuisse,

399 2795 427 2815 ut
438 2793 528 2816 Puella
543 2802 555 2816 e
568 2798 698 2824 potestate
716 2795 883 2818 inimicorum
899 2796 992 2820 illaesa
1009 2797 1178 2820 liberaretur.

2486 3066 2488 3069 ⁴
2483 2900 2502 3041 masa
2496 2887 2502 2893 Ἄ
2489 2858 2502 2878 η

2495 3387 2502 3399 -.
2497 3349 2502 3378 ,ΗΑ
2487 3212 2502 3343 „nnuma-222*
