2502 3418
273 342 370 379 1423]
619 355 664 376 An
699 355 804 378 ANNo
838 355 1126 377 MCCCLxxxxw
1157 356 1287 384 USQUE
1324 357 1371 378 An
1406 357 1543 378 ANNUM
1581 358 1783 380 mccccmi.
2067 352 2130 383 413

271 499 415 536 2205.
444 508 618 534 Universitas
636 508 732 534 Paris.
751 517 823 542 mag.
844 507 1035 542 Reginaldum
1058 508 1093 533 de
1117 508 1289 542 Brabantia,
1308 518 1382 543 mag.
1401 513 1455 535 art.
1481 513 1507 535 et
1530 510 1558 535 in
1576 510 1643 544 jare
1663 519 1726 536 can.
1748 510 1935 546 licentiatum,
1964 514 2131 539 monasterii

360 558 387 584 S.
404 557 483 583 Petri
495 561 633 591 curatum,
653 558 830 583 commendat
844 557 958 582 cuidam
977 557 1109 593 episcopo
1124 557 1329 592 (verisimiliter
1344 558 1516 593 Leodiensi),
1533 567 1567 584 ne
1583 559 1723 595 impediat
1736 560 1805 595 quin
1820 562 1931 594 fructas
1945 570 2012 587 suos
2026 571 2040 587 e
2055 562 2130 587 dicto

359 606 496 641 beneficio
519 607 667 643 percipere
685 607 789 643 possit.
806 607 871 633 Dat.
893 607 923 633 in
946 609 1044 633 nostra
1059 608 1285 641 congregatione
1305 608 1432 641 generali
1449 608 1527 642 apud
1544 609 1569 634 S.
1587 609 1769 635 Maturinum
1794 611 1934 637 celebrata
1949 612 2038 638 die
2054 620 2131 637 anno

357 656 443 682 Dom.
464 657 540 686 1422.
560 667 573 681 «
588 657 616 683 Si
631 657 793 683 venerande
805 657 835 682 in
851 657 964 683 Christo
977 658 1059 690 pater
1075 667 1099 683 υ.

1569 694 1643 723 1422,
1662 695 1775 720 Parisiis.

361 759 479 783 Minuta
495 759 610 783 chartac.
626 759 651 782 in
666 759 744 783 Areh.
761 762 813 782 nat.
830 759 923 786 Paris..
941 760 964 782 M
978 761 1028 789 65⁵,
1043 764 1072 782 n⁰
1087 760 1131 783 103
1146 759 1217 789 (olim
1232 761 1261 783 A.
1277 761 1315 784 33.
1332 760 1386 790 dd).

269 955 412 992 2206.
439 963 557 990 Carolus
575 965 630 998 Vll,
645 965 815 989 Francorum
832 972 891 996 rex,
903 963 1086 999 parlamento
1099 964 1261 989 Pictavensi
1276 963 1405 995 mandat,
1420 967 1449 988 ut
1462 963 1642 997 francilisiae
1656 963 1862 1000 libertatesque
1876 965 2025 991 Ecclesiae
2041 965 2132 992 Galli-

357 1022 448 1039 canae
470 1013 598 1048 integrae
613 1017 757 1045 maneant,
783 1021 873 1048 neque
893 1021 994 1038 aarum
1017 1016 1100 1038 extra
1121 1022 1236 1047 regnam
1256 1013 1396 1038 Franciae
1421 1014 1583 1047 auferatur,
1604 1022 1695 1048 neque
1715 1014 1949 1049 resignationum,
1977 1015 2128 1050 bullarum,

353 1072 537 1099 processuum
551 1071 569 1088 α
582 1062 650 1088 sede
665 1061 827 1097 apostolica
843 1066 965 1087 ortorum
978 1071 1047 1087 cura
1063 1062 1213 1096 habeatur,
1228 1062 1338 1098 quoties
1354 1061 1389 1087 de
1405 1061 1601 1096 electionibus,
1616 1063 1881 1097 confirmationibus
1897 1064 2132 1091 collationibusve

357 1112 556 1147 beneficiorum
573 1115 682 1146 agetur.
701 1110 805 1138 Donnd
816 1110 832 1138 Ξι
845 1112 983 1145 Bourges,
997 1112 1023 1138 le
1035 1112 1096 1145 viije
1109 1112 1178 1145 jour
1190 1112 1225 1138 de
1239 1112 1361 1141 Fevrier,
1378 1112 1435 1137 l’an
1447 1112 1483 1137 de
1497 1120 1580 1144 grace
1592 1112 1645 1138 mil
1659 1113 1720 1138 ΙΙΙΙο
1732 1113 1795 1139 vint
1809 1115 1837 1140 et
1851 1114 1927 1140 deux
1941 1116 1970 1140 et
1984 1115 2019 1141 de
2034 1116 2132 1140 nostre

356 1170 445 1195 regne
460 1162 486 1188 le
500 1162 635 1195 premier.
652 1171 666 1185 «
686 1161 784 1187 Nostre
799 1168 960 1195 procureur
971 1161 1087 1193 general
1103 1171 1128 1186 n.

1471 1212 1546 1241 1423,
1562 1211 1693 1237 Februarii
1705 1212 1729 1241 8,
1745 1212 1845 1238 Bituris.

361 1308 438 1332 Arch.
454 1311 508 1332 nat.
524 1308 617 1336 Paris.y
633 1308 677 1331 x··
689 1309 758 1335 8604.
775 1308 819 1331 tol.
832 1309 871 1331 60.
888 1320 914 1324 —
932 1308 1055 1332 Preuvcs
1068 1309 1113 1331 des
1129 1307 1238 1332 liberte's
1253 1309 1285 1332 de
1300 1308 1403 1339 l'eylise
1416 1309 1568 1339 qallicane,
1586 1309 1617 1336 11,
1634 1312 1703 1340 part.
1719 1310 1742 1338 3,
1757 1318 1784 1340 p.
1802 1311 1844 1338 33;
1860 1310 1984 1335 ordonn.
1998 1312 2044 1335 des
2061 1311 2128 1340 νοιέ,

267 1354 334 1382 xm,
353 1354 390 1377 22.
406 1366 437 1370 -—-
451 1353 500 1376 Pro
517 1353 644 1377 Chartul.
661 1353 772 1376 sufficiat
784 1352 811 1375 id
829 1355 971 1375 annotare:
984 1352 1113 1375 Martinus
1129 1353 1147 1375 V
1162 1352 1286 1376 carolum
1301 1353 1347 1376 Vll
1362 1356 1438 1376 antea
1451 1357 1476 1376 et
1491 1357 1582 1385 postea
1598 1354 1709 1377 diversis
1725 1354 1810 1377 modis
1823 1355 1968 1386 admonuit,
1984 1359 2013 1379 ut
2027 1356 2130 1379 ordina-

266 1398 350 1422 tiones
366 1406 408 1421 an.
426 1397 486 1421 1418
502 1399 593 1429 (supro
609 1397 642 1420 ni*
655 1398 724 1425 2101,
741 1398 820 1427 2102),
836 1397 904 1420 sieut
918 1397 974 1428 ejus
987 1400 1063 1428 pater
1079 1397 1188 1420 Carolus
1202 1398 1235 1420 Vl
1252 1399 1357 1427 fecerat,
1372 1402 1516 1422 revocaret.
1535 1399 1584 1422 Sed
1598 1402 1659 1422 tunc
1677 1399 1820 1423 incassum.
1835 1400 1892 1425 Vid.
1910 1400 1944 1423 ad
1959 1400 2023 1424 haec
2040 1401 2128 1424 ΒΕΛυ-

267 1450 365 1473 conix-r,
381 1443 452 1467 Hist.
468 1444 500 1467 de
517 1443 629 1467 Charles
650 1441 710 1471 VII,
729 1445 746 1465 t.
762 1443 794 1471 ΙΙ,
810 1451 836 1473 p.
853 1442 908 1473 313,
924 1442 970 1465 316
983 1450 1041 1473 sqq.

267 1638 432 1676 22063'.
463 1648 638 1679 Universitas
651 1656 704 1683 pro
718 1647 913 1683 prosperitate
926 1647 1002 1682 regis
1014 1646 1146 1681 Angliae,
1165 1646 1267 1672 ducum
1282 1646 1460 1680 Bedfordiae
1474 1650 1500 1672 et
1515 1647 1701 1681 Burgundiae
1714 1647 1812 1673 divina
1827 1648 1960 1674 celebrat.

1447 1743 1521 1773 1423,
1536 1743 1667 1769 Februarii
1680 1744 1715 1773 73,
1731 1745 1844 1770 Parisiis.

354 1841 419 1874 Die
439 1841 500 1886 xiij
518 1841 705 1874 Februarii
727 1841 763 1873 in
781 1841 888 1873 domo
905 1842 983 1874 frat.
1002 1841 1271 1874 Predicatorum
1294 1841 1330 1874 in
1352 1841 1461 1874 missa
1478 1853 1543 1885 pro
1560 1841 1800 1885 prosperitate
1822 1842 1933 1887 regis,
1952 1842 2126 1887 regentis,

265 1908 402 1942 domini
425 1909 529 1942 ducis
551 1908 780 1954 Burgundie‚
803 1912 892 1953 [pro]
910 1908 1107 1941 offertoriis
1127 1909 1173 1953 xij
1197 1909 1279 1941 den.

358 2020 427 2045 Bihl.
443 2023 496 2044 nat.
510 2021 605 2050 Paris„
621 2029 671 2044 ms.
687 2021 733 2044 lat.
750 2022 819 2050 5494,
833 2029 859 2052 p.
874 2021 913 2044 22.
928 2034 958 2038 --
974 2020 1076 2044 Similia
1089 2021 1214 2052 leguntur
1229 2020 1261 2043 nd
1277 2020 1355 2045 Febr.
1366 2021 1395 2043 19
1410 2021 1445 2051 (p.
1462 2022 1514 2050 23);
1531 2029 1574 2044 an.
1590 2021 1659 2050 1425,
1673 2021 1732 2045 Jan.
1748 2022 1762 2044 9
1778 2023 1813 2052 (Ρ.
1824 2022 1873 2051 49).

263 2225 407 2262 2207.
431 2234 574 2259 Martinus
594 2235 617 2260 V
635 2233 775 2268 declarat,
793 2234 1013 2268 reformationes
1030 2242 1081 2259 seu
1101 2233 1335 2259 commutationes
1350 2233 1511 2267 gratiarum
1532 2237 1559 2259 et
1578 2233 1771 2267 collationum,
1791 2243 1863 2269 quas
1879 2234 1978 2270 plures
1997 2234 2126 2260 doctores

356 2283 553 2309 Universitatis
568 2283 663 2309 Paris.
679 2292 694 2309 ‹
708 2287 826 2319 propter
841 2283 995 2308 divisiones
1011 2287 1036 2309 et
1053 2291 1174 2317 guerras
1191 2283 1314 2317 vigentes
1333 2291 1347 2308 »
1363 2292 1413 2308 sea
1431 2282 1499 2308 aliis
1516 2291 1552 2308 ex
1567 2282 1663 2308 causis
1691 2291 1706 2308 ‚x
1721 2283 1774 2308 sub
1791 2283 1890 2309 eadem
1907 2287 2001 2309 tamen
2023 2283 2094 2309 data
2111 2293 2125 2309 »

352 2337 382 2358 ut
404 2332 434 2358 in
456 2333 549 2369 primo
574 2332 676 2367 rotulo,
701 2332 892 2365 obtinuerunt,
916 2332 1031 2358 easdem
1051 2333 1163 2358 omnino
1185 2341 1245 2357 cam
1265 2332 1371 2366 gratiis
1389 2333 1416 2357 in
1433 2333 1494 2367 ipso
1516 2331 1607 2357 rotulo
1625 2332 1735 2367 petitis,
1754 2341 1768 2358 (4
1786 2337 1812 2358 et
1829 2333 1866 2357 ab
1885 2333 1926 2358 cis
1946 2333 2126 2367 originaliter

352 2381 536 2408 descendisse
550 2391 575 2416 »‚
595 2381 744 2408 habendas
761 2390 832 2409 esse.
852 2382 999 2408 Publicata
1015 2382 1045 2408 in
1061 2381 1228 2408 cancellaria
1243 2382 1273 2415 iij
1290 2382 1347 2407 kal.
1362 2382 1467 2411 Martii,
1483 2390 1530 2407 an.
1549 2382 1600 2415 ij.
1617 2392 1630 2405 (ι
1647 2382 1722 2408 Cum
1739 2390 1791 2408 nos
1805 2382 1921 2408 dudum
1938 2393 1961 2408 n.

1489 2479 1564 2508 7423.
1579 2479 1711 2505 Februarii
1723 2481 1765 2506 27.

354 2529 417 2552 Cod.
434 2529 492 2551 Vnt.
509 2529 556 2552 lat.
572 2529 641 2557 4990,
658 2528 703 2552 sol.
719 2528 785 2552 170b.

262 2669 406 2706 2208.
436 2679 609 2705 Universitas
625 2680 719 2705 Paris.
735 2679 804 2714 fecit
819 2680 1064 2714 congregationem
1083 2679 1254 2714 generalem,
1274 2679 1388 2715 quando
1411 2680 1482 2705 venit
1501 2679 1616 2704 nuntias
1639 2679 1674 2704 de
1697 2683 1834 2715 occupato
1850 2683 1936 2715 ponte
1957 2679 1992 2705 de
2009 2679 2124 2706 Mezclan

345 2737 399 2764 per
411 2728 529 2763 Anglos.

1495 2778 1570 2807 1423,
1588 2778 1673 2803 Martii
1684 2778 1708 2807 4,
1725 2778 1837 2804 Parisiis.

353 2875 427 2912 Bibl‘.
442 2879 495 2899 nat.
519 2875 612 2903 Puris„
635 2884 683 2900 ms.
707 2875 752 2898 lot.
779 2876 847 2903 5494,
870 2884 897 2906 p.
922 2876 960 2899 23.
983 2889 1011 2893 —
1035 2876 1211 2906 Francigenae
1234 2884 1261 2898 sc
1285 2875 1451 2898 tradiderunt
1471 2875 1556 2898 Martii
1581 2876 1591 2897 1
1619 2875 1681 2904 (vid.
1709 2875 1809 2899 Chron.
1831 2877 1864 2899 de
1887 2876 2058 2905 Monszrelet,
2082 2877 2122 2903 lv,

260 2928 286 2951 p.
301 2921 345 2943 137
359 2921 437 2951 sqq.).
453 2920 565 2943 Nuntius
582 2920 669 2943 Martii
686 2921 699 2943 3
713 2919 828 2943 Parisios
840 2920 910 2942 venit
922 2920 1009 2950 (Arch.
1026 2923 1090 2949 nat„
1107 2920 1153 2942 X¹=
1166 2920 1226 2942 1480
1250 2920 1294 2943 fol⁴
1311 2920 1374 2949 270).
