2502 3418
403 322 443 354 50
978 326 1293 349 CHAR'rULAnnJM
1329 324 1517 346 UNivans.
1554 322 1682 344 lunis.
2155 303 2254 339 [1403

490 406 630 431 Martinus
645 405 739 433 Gazel,
1448 398 1516 424 Rad.
1534 397 1669 425 manche,

491 455 591 480 Petrus
605 455 640 480 de
654 454 814 482 Aussonno,
1447 447 1512 473 Joh.
1528 445 1649 474 Belardi,

491 503 567 529 Guil.
584 502 619 528 de
634 502 762 531 Camera,
1449 496 1519 522 Rob.
1537 495 1572 520 de
1587 495 1690 520 Sancto
1705 492 1861 520 Germano,

493 551 638 576 Alhericus
653 550 763 577 Divitis,
1448 544 1506 569 Jac.
1523 540 1708 575 Sacquespe'e,

492 598 637 623 Johannes
652 596 765 625 d'Ans⁴v
1449 593 1536 618 Henr.
1554 591 1678 624 Doigny,

493 648 638 673 Johannes
652 646 781 675 Comitis,
1450 641 1550 666 Petrus
1564 639 1658 668 Biteti.

492 696 638 721 Johannes
653 694 777 728 Leporis.
1449 688 1526 714 Guil.
1543 687 1666 720 Nepotis,

492 745 616 771 Thomas
631 745 668 770 Le
682 745 792 777 Mauge.
1451 737 1543 762 Droco
1556 736 1671 764 Decani,

493 794 592 819 Petrus
606 793 701 821 Μὶοῑο,
1450 786 1514 811 Joh.
1532 786 1612 813 Rose‚

492 841 524 866 G.
542 841 577 866 de
593 840 720 869 Senonis,
1452 835 1551 861 Petrus
1566 834 1656 862 Parvi,

493 889 632 915 llenricus
647 888 744 916 Palati,
1329 880 1331 891 ¹
1451 882 1580 908 Nicolaus
1592 882 1627 907 (le
1643 881 1726 909 Mola.

492 938 557 963 Joh.
575 936 750 970 Tanquardi‚
1452 930 1592 956 Oliverius
1607 928 1781 955 Gambelini.
2064 924 2118 960 [39]

493 985 610 1018 Egidius
625 985 660 1010 de
676 984 845 1011 Durlendio,

497 1072 595 1095 Comm.
611 1072 658 1094 sac.
675 1071 753 1100 med.,
766 1072 785 1100 Ι,
801 1079 828 1102 Ρ.
845 1071 883 1094 77.
895 1084 926 1087 —
940 1071 1004 1093 Nov.
1021 1071 1033 1092 7
1050 1070 1176 1093 Henricus
1193 1069 1294 1100 Doigny
1309 1068 1475 1092 continuatus
1490 1070 1530 1090 est
1542 1068 1655 1090 decanus
1670 1065 1812 1089 facultatis.

496 1155 519 1179 1.
538 1156 608 1178 Idem
624 1155 667 1186 qui
684 1155 752 1177 infra
769 1163 780 1177 «
796 1155 827 1177 de
843 1155 894 1177 Ens
911 1162 922 1176 n
939 1154 1098 1177 nominatur.
1112 1154 1170 1177 Jam
1186 1153 1211 1176 in
1226 1153 1352 1177 Chartul.
1369 1153 1405 1176 ΙΙΙ
1419 1152 1541 1181 occurrit,
1557 1160 1598 1175 an.
1613 1153 1682 1181 1385,
1698 1151 1757 1174 Joh.
1770 1151 1800 1173 de
1816 1151 1895 1179 nens,
1909 1157 1980 1180 mag.
1993 1151 2043 1171 art.

411 1299 550 1336 1776.
573 1310 715 1335 Johannes
731 1308 844 1342 Morio-e,
861 1308 1003 1343 quondam
1017 1316 1108 1334 comes
1120 1307 1235 1333 abbatis
1248 1309 1275 1333 S.
1291 1307 1380 1341 Eligii
1393 1307 1529 1341 defuncti,
1548 1306 1645 1341 litigat
1659 1309 1757 1332 contra
1771 1306 1884 1331 Petrum
1895 1303 2085 1338 d'Orgemont,
2100 1302 2262 1338 episcopum

494 1359 597 1392 Paris„
617 1359 673 1393 qui,
692 1358 803 1383 ratione
818 1361 1009 1393 computorum
1025 1357 1131 1392 injuria
1147 1357 1249 1392 petita,
1268 1356 1441 1382 domicilium
1460 1356 1598 1382 Jolzannis
1617 1355 1777 1381 violaverat.
1801 1354 1974 1380 Universitas
1991 1361 2109 1378 causam
2124 1351 2262 1378 Iohannis

493 1407 674 1443 amplectitur
687 1411 714 1432 et
729 1415 822 1432 coram
839 1407 919 1432 curia
931 1405 1108 1442 parlamenti
1122 1406 1224 1440 desert.

1596 1442 1670 1470 1403,
1687 1440 1746 1466 ΜαῘῘ
1760 1441 1844 1468 15-17,
1861 1439 1976 1465 Parisiis.

496 1531 610 1563 Mardi
630 1532 783 1575 xvejour
799 1531 842 1563 de
864 1531 955 1575 May.
973 1550 1016 1554 —
1032 1531 1141 1563 Entre
1158 1530 1391 1563 l'Universite
1412 1530 1456 1562 de
1478 1529 1577 1561 Paris
1595 1535 1630 1561 et
1649 1529 1802 1561 messire
1818 1527 1931 1561 Jehan
1948 1526 2102 1559 Moriee’
2123 1531 2263 1571 prestre

407 1604 442 1630 et
462 1597 630 1638 escolier,
654 1597 945 1642 compl[aignant]
967 1609 1011 1629 en
1039 1609 1098 1629 cas
1119 1597 1163 1629 de
1185 1597 1318 1629 saisine
1346 1603 1381 1629 et
1410 1596 1453 1628 de
1482 1595 1687 1628 nouvellete
1709 1595 1815 1628 d'une
1843 1601 1931 1639 part,
1954 1600 1990 1626 et
2013 1593 2198 1637 l'evesque
2219 1591 2264 1625 de

408 1664 507 1697 Paris
528 1670 706 1708 opposant
728 1664 863 1696 d'autre
884 1670 974 1708 part.

498 1730 744 1763 L'Universite
766 1742 922 1775 propose
944 1737 978 1763 et
998 1730 1048 1763 dit
1070 1742 1139 1775 que
1161 1737 1261 1763 entre
1290 1742 1349 1763 ses
1370 1736 1490 1763 autres
1517 1730 1616 1762 droiz
1637 1736 1672 1762 et
1701 1729 1898 1774 privileges
1919 1740 1936 1761 a
1958 1739 1998 1760 ce
2020 1727 2116 1760 droit
2136 1733 2171 1760 et
2192 1726 2265 1771 pri»

409 1797 528 1842 vilege
545 1809 614 1841 que
635 1797 819 1841 l'evesque
839 1797 883 1829 de
905 1797 1004 1829 Paris
1028 1797 1082 1829 n'a
1104 1796 1202 1829 nulle
1224 1797 1321 1841 prise
1343 1808 1406 1829 sur
1429 1796 1520 1837 eulz,
1549 1803 1584 1828 et
1603 1808 1648 1828 en
1669 1802 1752 1829 sont
1772 1807 1817 1828 en
1839 1794 2055 1840 possession
2076 1800 2112 1827 et
2131 1793 2266 1827 saisine

410 1871 445 1896 et
463 1864 556 1897 alias
581 1870 780 1908 proposent
799 1863 902 1896 selon
922 1863 1002 1896 leur
1021 1863 1238 1908 complainte
1260 1863 1363 1896 selon
1384 1863 1539 1908 laquelle
1561 1874 1718 1908 propose
1740 1869 1775 1895 et
1796 1849 1942 1895 conclut
1963 1867 2040 1894 tout
2066 1860 2264 1906 pertinens,

411 1937 445 1963 et
466 1933 483 1962 a
504 1942 628 1963 cesser
650 1930 694 1962 de
716 1930 783 1963 telz
810 1929 876 1962 saiz
902 1942 964 1974 par
990 1930 1174 1974 l'evesque
1195 1937 1230 1962 et
1256 1942 1318 1974 par
1347 1930 1504 1963 maniere
1535 1930 1579 1962 de
1608 1929 1703 1962 droit
1723 1941 1768 1962 ou
1790 1929 1834 1962 de
1856 1927 2170 1962 restablissement
2197 1926 2268 1960 soit

406 1997 520 2046 romiz
541 1997 677 2029 Morice
698 2008 742 2029 en
769 1996 886 2029 l'estat
907 1996 992 2041 qu’il
1014 1997 1123 2029 estoit
1146 1997 1188 2030 ab
1215 1997 1336 2037 inicio,
1364 2003 1399 2029 et
1422 2008 1614 2029 recreance
1642 1996 1691 2028 lui
1720 1996 1790 2029 soit
1809 1996 1913 2028 faicte
1936 2007 1981 2028 ou
2002 1994 2201 2040 provision.
2225 1995 2267 2027 Et

411 2075 456 2095 en
476 2069 551 2095 tant
575 2063 661 2107 qu'il
681 2075 703 2108 y
722 2075 740 2095 a
762 2074 805 2095 eu
827 2062 916 2095 abus
945 2069 980 2095 et
1009 2066 1128 2103 exces,
1152 2063 1312 2107 requiert
1339 2074 1408 2107 que
1436 2069 1555 2095 toutes
1582 2063 1651 2095 foiz
1681 2074 1750 2107 que
1779 2062 1965 2106 l'evesque
1991 2067 2202 2106 attemptera
2222 2072 2268 2093 en

412 2129 479 2162 telz
500 2132 620 2170 exces,
638 2129 709 2162 soit
728 2129 974 2174 condempnez
996 2141 1040 2161 en
1061 2140 1077 2161 c
1099 2141 1192 2162 mars
1214 2129 1304 2170 d'or,
1322 2136 1357 2162 et
1377 2141 1446 2174 que
1463 2136 1544 2162 touz
1565 2129 1618 2162 les
1640 2135 1812 2174 supposts
1830 2129 1874 2162 de
1893 2128 2129 2162 l'Universite
2150 2127 2268 2160 soient

413 2207 558 2240 exemps
580 2195 682 2228 dudit
702 2207 860 2240 evesque
881 2202 955 2228 tant
984 2195 1070 2240 qu'il
1099 2207 1178 2228 sera
1199 2207 1369 2241 evesque,
1393 2203 1425 2229 et
1448 2196 1491 2229 de
1512 2208 1580 2229 son
1600 2195 1742 2237 official,
1770 2202 1805 2228 et
1833 2195 1883 2229 lui
1909 2195 2029 2229 soient
2052 2194 2188 2228 renduz
2208 2205 2268 2240 ses

414 2262 518 2311 biens
545 2274 588 2294 au
610 2262 727 2295 moins
749 2274 811 2307 par
833 2262 1145 2312 restablissernent
1168 2269 1202 2295 et
1221 2263 1294 2295 ‘soit
1318 2274 1403 2295 creu
1425 2263 1490 2295 des
1515 2263 1587 2295 dits
1612 2263 1729 2304 biens,
1752 2262 1900 2295 attendu
1921 2274 1961 2295 ce
1982 2273 2052 2307 que
2074 2261 2126 2294 dit
2145 2267 2212 2303 est,
2234 2266 2270 2294 et

414 2329 564 2361 amende
594 2328 808 2373 proufitable
834 2335 869 2361 et
893 2329 946 2361 les
975 2329 1025 2373 iiij
1049 2329 1142 2362 clers
1164 2329 1225 2373 qui
1251 2336 1313 2362 ont
1338 2329 1471 2362 excede
1499 2332 1515 2362 a
1542 2330 1693 2362 amende
1720 2329 1920 2363 honorable
1948 2329 2005 2374 icy
2031 2341 2075 2362 au
2103 2328 2177 2361 lieu
2204 2327 2269 2373 des

414 2399 519 2428 exces
540 2402 574 2428 et
597 2407 641 2427 en
661 2395 888 2428 l'assemblee
914 2395 958 2427 de
984 2395 1216 2428 l'Universite
1242 2403 1277 2428 et
1296 2396 1446 2429 amende
1468 2396 1682 2441 proufitable
1704 2397 1748 2429 de
1776 2398 1810 2429 M
1835 2396 1898 2429 lib.
1923 2398 1940 2429 a
1962 2395 2098 2429 chacun
2124 2406 2216 2440 pour
2235 2394 2269 2427 le

415 2468 491 2494 tout
512 2468 546 2493 et
562 2462 597 2495 in
612 2461 764 2494 solidum
781 2469 815 2494 et
837 2462 928 2494 tenir
949 2462 1088 2506 prison,
1105 2474 1147 2494 au
1170 2462 1288 2495 moins
1309 2475 1378 2507 que
1391 2463 1531 2497 Morice
1549 2464 1619 2496 soit
1639 2475 1785 2508 exemps
1798 2468 1972 2508 perpetuo
1989 2462 2093 2495 dudit
2112 2472 2270 2506 evesque

415 2534 449 2559 et
470 2527 609 2568 official,
632 2540 674 2560 au
697 2528 814 2560 moins
835 2527 868 2560 le
890 2531 1019 2572 proces
1041 2528 1182 2569 durant,
1205 2535 1239 2561 et
1260 2529 1419 2573 despens
1441 2529 1651 2574 dommages
1673 2530 1852 2562 interesce
1875 2536 1909 2562 et
1929 2529 2088 2574 despens
2110 2528 2194 2572 (Sic).

503 2595 550 2626 Le
572 2606 770 2639 procureur
790 2594 836 2627 du
859 2606 923 2639 roy
943 2606 1098 2639 propose
1120 2601 1154 2627 et
1175 2595 1226 2628 dit
1246 2607 1328 2640 que,
1347 2596 1566 2629 nonobstant
1587 2608 1656 2641 que
1676 2596 1861 2641 l’evesque
1882 2596 1926 2629 de
1947 2596 2047 2629 Paris
2068 2595 2153 2628 n’ait
2173 2594 2270 2639 prise

415 2663 433 2693 a
453 2660 551 2693 Paris
573 2672 617 2692 ne
639 2661 682 2693 de
707 2672 813 2705 corps
840 2673 883 2693 ne
915 2661 959 2693 de
980 2661 1084 2693 biens
1107 2662 1271 2703 n’arrest,
1303 2662 1525 2695 nonobstant
1554 2674 1688 2707 pource
1715 2675 1785 2708 que
1813 2663 1967 2696 messire
1990 2662 2105 2696 Jehan
2133 2660 2270 2694 Morice

415 2727 525 2759 disoit
544 2727 642 2760 avoir
670 2731 789 2771 preste
820 2730 837 2760 ἐι
865 2726 981 2760 l'abbe
1010 2728 1053 2760 de
1081 2729 1228 2772 Νογοῐι2
1250 2728 1340 2772 jadis
1361 2730 1393 2773 vj
1416 2736 1546 2770 tasses,
1569 2742 1616 2762 un
1638 2737 1848 2774 promoteur
1868 2729 2010 2775 appelle
2030 2730 2072 2762 N.
2094 2728 2138 2761 de
2158 2723 2272 2761 Ville—

414 2805 529 2826 nueve
547 2800 581 2825 et
601 2793 830 2838 l'appariteur
847 2794 890 2826 de
911 2794 1096 2839 l‘evesque
1117 2795 1223 2827 firent
1244 2796 1555 2828 commandement
1573 2808 1635 2829 sur
1650 2798 1680 2829 J.
1699 2797 1863 2829 Micheau
1881 2796 2078 2837 couturier,
2097 2795 2143 2828 ou
2164 2793 2272 2828 estoit

412 2860 443 2892 la
464 2859 632 2892 chambre
659 2860 759 2892 dudit
788 2867 942 2904 prestre,
969 2871 1038 2905 que
1066 2861 1136 2893 l’en
1166 2861 1245 2894 leur
1264 2862 1349 2895 feist
1377 2869 1571 2896 ouverture
1599 2863 1643 2895 de
1673 2863 1705 2896 la
1729 2863 1897 2896 chambre
1923 2863 2027 2896 dudit
2055 2868 2208 2907 prestre,
2230 2872 2272 2894 ce

535 2918 557 2940 7.
