2502 3418
288 323 383 359 1450]
630 338 676 360 AB
711 339 816 360 ANNO
851 338 1138 360 MCCCLxxxxw
1172 338 1303 366 USQUE
1338 339 1385 360 AD
1420 339 1557 360 ANNUM
1593 340 1798 361 macconi.
2082 332 2144 363 691

285 443 430 481 2656.
459 454 634 480 Universitas
654 455 749 481 Paris.
774 455 929 481 remedium
952 455 1066 491 quaerit
1091 459 1190 481 contra
1212 459 1386 491 receptorem
1407 455 1567 488 talliarum,
1592 456 1640 490 (sui
1661 465 1678 481 a
1695 456 1791 482 multis
1813 457 1883 482 veris
1904 459 2051 490 officiariis
2072 459 2142 492 suis,

374 512 395 529 ν.
411 513 439 537 g.
457 503 567 530 bedello
587 504 747 530 medicinae
762 508 790 530 et
804 504 932 530 nationis
947 505 1143 530 Normanniae
1163 505 1290 540 aliisque
1305 505 1464 540 suppositis
1488 505 1583 539 vadia,
1608 505 1627 531 i.
1645 514 1669 531 e.
1693 505 1818 540 praedes
1838 507 1952 542 recepit.
1977 509 2040 532 Cum
2055 508 2145 543 paulo

372 555 459 578 antea
473 552 666 578 cancellarius
682 553 832 587 Franciae,
847 553 1015 579 Guillelmus
1031 553 1082 579 des
1103 554 1210 587 Ursins,
1234 554 1450 580 Universitatem
1464 554 1658 589 objurgaverit
1673 554 1708 579 de
1721 554 1862 580 abusibus
1878 559 1904 580 et
1920 555 1955 581 de
1975 557 2146 582 necessitate

372 602 596 635 reformationis,
618 611 650 627 eo
668 602 882 638 praetermisso,
902 603 1077 637 vicesgerens
1097 603 1306 628 conservatoris
1329 603 1542 628 thesaurarium
1559 603 1708 634 Franciae,
1731 612 1804 638 mag.
1822 603 1978 630 Iohannem
1998 605 2142 639 Bureau4,

372 658 485 676 monere
497 650 596 676 debuit
610 654 640 676 ut
655 651 808 677 desisteret
823 660 841 676 a
856 651 1056 677 vexationibus
1072 656 1099 678 et
1115 652 1201 677 vadia
1217 653 1390 685 restitueret,
1405 661 1466 677 eum
1484 652 1764 685 ezcommunicaudo,
1782 654 1808 678 si
1824 662 1878 678 non
1894 653 2030 679 obediret.
2045 655 2147 679 Hector

369 703 523 733 praeterea
538 708 599 725 cum
613 699 762 735 deputatis
779 700 898 726 eundem
913 700 1012 734 adivit,
1028 701 1077 736 qui
1087 705 1183 727 tamen
1194 701 1269 726 sicut
1285 701 1480 727 cancellarius
1492 701 1658 735 observavit,
1675 710 1790 727 necesse
1807 711 1868 727 esse
1883 706 1913 727 ut
1929 702 2102 728 Universitus
2114 713 2144 729 se

368 749 547 782 reformaret,
566 757 627 774 cum
643 749 726 775 multi
742 749 852 775 abusus
866 751 1115 783 committerentur,
1134 759 1148 776 (ς
1164 754 1190 776 et
1204 750 1287 776 multi
1299 750 1427 776 dicerent
1442 759 1472 776 se
1485 751 1638 786 supposita
1660 751 1868 783 Universitatis,
1888 751 1937 786 qui
1952 755 2061 777 tantum
2078 756 2143 778 sunt

366 796 479 832 publici
499 797 668 831 tabernarii,
687 802 860 824 mercatores
876 803 903 824 et
923 799 977 824 alii
995 799 1142 833 abusores,
1163 799 1244 825 immo
1260 799 1288 825 in
1305 800 1429 825 maximo
1449 809 1564 825 numero
1581 810 1605 826 ›>.
1629 801 1803 826 Universitas
1824 800 1872 826 det
1894 801 2008 826 nomina
2028 810 2142 826 suorum

369 845 586 880 officiariorum;
601 847 678 882 quod
693 851 785 873 rector
805 849 903 881 facere
920 849 1070 882 recusavit,
1089 857 1155 874 nam
1171 848 1343 874 credendum
1360 858 1422 874 esse
1437 848 1535 883 sigillo
1557 848 1723 875 rectoriae2.
1742 849 1812 875 Inde
1829 849 1948 875 clientes
1965 849 2143 875 thesaurarii

369 895 520 930 quemdam
542 896 710 931 magistrum
727 896 755 922 in
771 900 826 922 art.
846 901 872 922 et
894 897 1001 933 injure
1017 906 1081 924 can.
1102 897 1272 932 studentem,
1291 899 1341 933 qui
1360 898 1680 924 excommunicationem
1701 898 1879 924 thesaurarii
1895 899 2025 933 urgebat,
2043 899 2141 925 incar-

368 949 544 972 ceraverunt.
566 945 741 971 Universitas
755 950 874 982 propter
889 946 940 972 hoc
957 947 1067 972 minata
1079 950 1123 973 est
1135 956 1251 973 cessare
1265 955 1283 972 a
1296 947 1484 981 sermonibus,
1501 956 1556 973 non
1572 951 1666 973 tamen
1681 948 1812 973 cessavit.

1431 1037 1507 1066 1450,
1522 1037 1609 1063 Martii
1623 1037 1710 1066 75-23‚
1727 1037 1841 1063 Parisiis.

370 1125 487 1147 Auctor.
506 1124 645 1153 Chartul„
664 1124 695 1151 II,
718 1133 743 1155 p.
761 1125 813 1152 799,
832 1125 927 1153 22-801,
945 1125 984 1148 38.
1003 1138 1034 1142 —
1056 1125 1108 1147 Has
1131 1125 1251 1156 querelas
1270 1125 1325 1156 jam
1346 1128 1422 1148 antea
1442 1128 1467 1147 et
1488 1128 1580 1156 postea
1596 1126 1761 1148 Universitas
1782 1129 1873 1148 eontra
1893 1125 2032 1148 officiarios
2053 1126 2141 1157 regios

276 1167 404 1191 exhibuit.
419 1168 584 1192 neminimus
598 1169 722 1192 lectorem
738 1169 771 1192 ad
787 1171 904 1193 Auctar.
922 1170 953 1193 II.

370 1251 394 1276 1.
411 1252 470 1276 Fuit
480 1252 602 1276 dominus
614 1253 646 1276 de
658 1253 684 1276 la
700 1254 836 1284 Iloussnye
850 1257 874 1276 et
889 1254 920 1276 de
934 1254 1051 1285 Monglat
1064 1254 1089 1276 in
1102 1254 1173 1283 Bria,
1185 1257 1279 1277 etcum
1290 1263 1370 1277 uxore
1381 1262 1429 1277 sua
1445 1254 1574 1278 Germana
1591 1255 1726 1278 Iiesseline
1741 1256 1905 1278 fundationes
1921 1255 1981 1278 fecit
1992 1255 2017 1278 in
2029 1256 2140 1279 ecclesia

277 1297 324 1320 SS.
338 1297 518 1321 Innocentium
533 1298 606 1329 (Reg.
622 1298 691 1327 Vut.,
710 1298 743 1320 n¹⁸
757 1299 812 1327 398,
831 1299 876 1322 sol.
893 1299 951 1327 14’4;
967 1299 1023 1329 462,
1043 1299 1085 1322 [01.
1102 1298 1163 1329 92¹³).
1182 1313 1211 1316 —
1225 1298 1249 1323 2.
1269 1299 1322 1322 Iloc
1335 1299 1390 1330 jam
1406 1308 1448 1322 an.
1466 1300 1525 1322 1444
1543 1299 1708 1323 Universitas
1725 1300 1780 1330 regi
1796 1300 1967 1331 supplicavit.
1982 1300 2040 1324 Vid.
2057 1309 2139 1332 supra

275 1350 303 1373 p.
320 1343 375 1365 650.

277 1460 422 1497 2657.
450 1471 623 1496 Universitas
644 1471 741 1497 Paris.
765 1471 996 1497 ambassiatores
1014 1476 1167 1507 sequentes
1190 1472 1279 1506 eligit,
1304 1472 1456 1498 mittendos
1480 1474 1629 1498 Carnotum
1647 1472 1687 1498 ad
1709 1472 1863 1498 Concilium
1886 1473 2025 1499 ecclesiae
2048 1473 2140 1499 Galli-

365 1528 457 1546 canae
470 1529 479 1545 :
491 1529 544 1555 pro
557 1522 615 1554 fac.
635 1520 720 1547 theol.
736 1522 851 1546 Petrum
866 1520 902 1546 de
924 1521 1072 1555 Vaucello;
1088 1530 1141 1557 pro
1157 1521 1261 1548 decret.
1282 1521 1439 1547 Iohannem
1455 1521 1491 1547 de
1506 1521 1710 1556 fl!ontiniaco¹;
1728 1531 1781 1558 pro
1799 1522 1942 1548 medicina
1960 1522 2139 1548 Guillelmum

364 1568 399 1594 de
412 1568 517 1604 Algia5
531 1578 583 1605 pro
597 1569 710 1595 artistis
725 1569 882 1596 Iohannem
898 1570 1065 1596 Normanni.

1522 1607 1597 1637 7450,
1613 1607 1673 1633 Maii
1689 1608 1725 1636 18,
1742 1608 1855 1634 Parisiis.

367 1696 488 1718 Auctor.
504 1694 643 1724 Chartul.‚
661 1695 693 1723 H,
709 1703 736 1725 p.
750 1695 803 1723 809,
820 1695 848 1717 13
861 1703 919 1726 sqq.
932 1695 1033 1717 -Jam
1049 1695 1078 1718 29
1093 1695 1180 1718 Martii
1194 1695 1357 1718 Universitns
1374 1703 1388 1717 a
1403 1703 1464 1725 rege
1480 1695 1592 1718 invitata
1607 1699 1663 1718 erat
1679 1696 1711 1718 ad
1727 1696 1827 1726 legatos
1844 1695 1907 1718 illuc
1924 1696 2139 1720 transmittendos

277 1739 341 1767 (804,
358 1739 406 1768 35),
423 1739 466 1770 qui
483 1739 672 1762 lusti-notiones
688 1742 844 1770 receperunt
856 1740 919 1768 (808,
935 1740 984 1768 34).
998 1740 1055 1763 Vid.
1069 1740 1147 1762 etiam
1162 1740 1260 1763 Partie
1274 1741 1320 1764 (tes
1334 1740 1421 1771 picces
1434 1744 1457 1763 ct
1473 1744 1546 1764 actes
1561 1740 1611 1770 qui
1624 1744 1794 1764 concernent
1810 1740 1989 1765 t'tsniversite'
1998 1743 2031 1765 de
2044 1742 2138 1771 Paris,

274 1791 325 1806 rec.
340 1783 409 1812 VIII,
425 1783 491 1806 alias
504 1784 559 1812 VII,
571 1792 596 1815 p.
613 1785 642 1806 34
653 1783 708 1815 (uhi
724 1783 811 1807 Martii
828 1785 877 1813 28).
890 1784 1037 1807 Concilium
1053 1792 1068 1807 a
1084 1784 1145 1807 Maii
1156 1785 1183 1807 15
1195 1784 1355 1807 celebratum
1372 1788 1421 1808 est.
1435 1784 1493 1807 Vid.
1505 1787 1634 1812 Auctar„
1651 1794 1676 1816 p.
1690 1786 1743 1814 807,
1756 1788 1810 1808 not.
1826 1786 1849 1808 3.
1864 1785 1924 1808 Maii
1938 1787 1966 1808 23
1980 1787 2064 1809 solum
2081 1795 2138 1809 am·-

273 1828 435 1851 bassintores
451 1828 477 1851 in
491 1828 669 1852 Universitute
681 1828 861 1860 juramentum
874 1829 1065 1860 praestiterunt
1080 1829 1144 1860 (810,
1159 1830 1207 1858 19),
1222 1832 1247 1852 et
1261 1832 1322 1860 post
1339 1829 1400 1852 Maii
1416 1830 1445 1852 25
1460 1830 1571 1861 profecti
1585 1833 1646 1852 sunt
1662 1830 1725 1859 (811,
1743 1830 1772 1852 20
1785 1832 1864 1861 sqq).

365 1913 390 1937 1.
407 1912 458 1936 Pro
472 1912 531 1944 ipso
547 1913 641 1936 deinde
654 1913 783 1936 Martinus
799 1913 830 1937 de
846 1913 965 1936 Fraxinis
981 1913 1080 1936 electus
1096 1917 1136 1936 est
1148 1914 1212 1943 (810,
1229 1914 1277 1943 26).

273 2075 417 2113 2658.
447 2085 622 2111 Πηὶνθι“.ςι“1α.ς
644 2087 672 2112 [1³
696 2090 722 2112 et
745 2087 792 2112 11³
812 2086 883 2112 Iulii
907 2085 1146 2111 ambassiatorem
1176 2085 1256 2120 eligit
1279 2085 1319 2111 ad
1342 2094 1434 2120 regem
1458 2095 1511 2121 pro
1536 2086 1700 2122 provisione
1721 2086 1943 2122 suppositorum,
1969 2091 1995 2112 et
2022 2087 2134 2122 quidem

360 2134 517 2161 Iohannem
539 2135 723 2169 Painetchar,
751 2137 834 2161 Petro
855 2135 890 2161 de
916 2135 1048 2161 Vaucello
1065 2135 1210 2171 impedito,
1231 2135 1280 2171 qui
1299 2135 1369 2161 Iulii
1388 2136 1422 2163 20
1442 2135 1648 2161 Instructiones
1669 2139 1696 2161 et
1713 2135 1827 2161 litteras
1847 2137 1961 2172 recepit,
1983 2140 2009 2162 et
2028 2138 2101 2171 Aug.
2119 2139 2135 2164 6

360 2183 440 2220 apud
455 2192 547 2218 regem
563 2188 753 2210 commoratus
769 2188 820 2218 est,
836 2186 910 2218 Aug.
928 2185 960 2210 21
977 2184 1109 2210 Parisios
1125 2193 1254 2210 reversus
1269 2188 1341 2210 erat.

447 2234 520 2267 Aug.
538 2234 569 2260 21
591 2235 693 2259 Petrus
715 2233 750 2259 de
769 2233 909 2267 Vaucello,
933 2233 1077 2259 Iohannes
1093 2233 1277 2267 Painetchar,
1296 2235 1398 2259 Petrus
1415 2234 1546 2267 Maugier
1568 2237 1594 2259 et
1617 2233 1774 2267 Gausridus
1796 2234 1953 2259 Nor-manni
1972 2235 2134 2260 ambassia-

359 2285 434 2307 tores
454 2281 537 2308 electi
551 2286 617 2308 sunt
632 2282 672 2308 ad
687 2291 795 2317 regem.-
811 2284 884 2317 Aug.
902 2283 934 2309 31
945 2283 1141 2318 juramentum
1155 2283 1365 2318 praestiterunt
1381 2286 1407 2308 et
1424 2282 1629 2308 liz-structiones
1646 2287 1827 2318 receperunt,·
1845 2283 1941 2309 Octob.
1958 2285 1988 2310 8³¹
2002 2285 2132 2310 Parisios

359 2331 463 2357 reversi
479 2335 570 2357 erant.

1403 2368 1479 2397 1450,
1491 2368 1552 2393 Iulii
1565 2367 1659 2400 4-111157.
1674 2369 1714 2397 31,
1730 2369 1844 2394 Parisiis.

358 2456 435 2479 Arch.
457 2456 579 2480 Univers.
595 2456 690 2485 Paris„
710 2457 770 2480 Lib.
795 2463 910 2486 procur.
926 2461 985 2481 nat.
1004 2456 1087 2485 Gall„
1106 2457 1149 2479 sol.
1168 2456 1237 2484 110b;
1256 2458 1372 2480 Auctar.
1390 2457 1526 2482 Clzartul..
1549 2457 1581 2485 11,
1601 2464 1627 2487 p.
1644 2457 1697 2483 81⁷1,
1715 2457 1754 2487 32,
1771 2458 1810 2485 36,
1826 2457 1869 2484 47;
1887 2457 1940 2484 815,
1961 2457 1997 2484 10,
2013 2458 2056 2484 38:
2073 2458 2128 2487 81⁶,

267 2502 290 2530 9,
305 2501 342 2529 11,
356 2501 394 2530 16,
409 2502 451 2528 39;
466 2501 520 2530 819,
532 2502 570 2524 39.
585 2502 673 2525 -Rex
687 2504 749 2524 tunc
760 2501 831 2533 apud
845 2502 962 2525 Turones
980 2501 1142 2531 morabatur,
1159 2504 1184 2524 et
1195 2501 1401 2524 ambassiatores
1419 2509 1428 2523 a
1444 2509 1494 2523 non
1510 2501 1659 2524 habuerunt
1676 2501 1836 2524 audientiam
1850 2509 1876 2529 ));
1893 2502 1997 2524 nominc
2010 2502 2080 2533 regis
2092 2502 2128 2525 eis

266 2554 423 2577 responsum
439 2549 478 2569 cst
494 2554 505 2569 «
520 2546 589 2577 quod
604 2546 770 2569 Universitns
786 2546 932 2570 remitteret
946 2547 979 2570 ad
996 2546 1084 2578 ipsum
1098 2546 1168 2569 circa
1185 2547 1279 2569 festum
1295 2546 1323 2569 S.
1337 2545 1442 2569 Martini
1458 2545 1576 2577 proxime
1592 2546 1703 2574 instans,
1720 2549 1745 2569 et
1761 2546 1830 2577 quod
1848 2549 1908 2569 tunc
1924 2554 1968 2569 rex
1983 2547 2058 2569 daret
2073 2547 2129 2578 ple-

265 2599 325 2614 nam
342 2590 503 2614 audientiam
517 2601 540 2620 n,
554 2594 604 2614 etc.
619 2592 681 2621 (825,
698 2592 748 2620 30).

359 2635 435 2659 Circa
447 2635 516 2659 idem
532 2639 645 2667 tempus,
663 2636 795 2667 Septemb.
813 2636 849 2664 15,
873 2644 944 2667 mag.
966 2636 1115 2659 Everardus
1136 2636 1259 2659 Custodis
1282 2644 1309 2659 se
1325 2635 1437 2658 accinxit
1451 2635 1483 2658 ad
1500 2635 1550 2658 iter
1569 2635 1748 2666 peragendum
1765 2636 1881 2664 Romam,
1899 2636 1942 2659 ubi
1958 2645 2007 2667 pro
2023 2637 2127 2661 natione

265 2680 433 2704 Alamanniae
449 2688 477 2703 se
492 2680 675 2703 laboraturum
690 2680 814 2712 promisit
829 2681 893 2710 (817,
907 2682 956 2710 32).

266 2844 410 2880 2659.
435 2853 571 2878 Facultas
586 2853 745 2879 medicinae
761 2858 914 2879 convocata
934 2854 960 2879 iu
979 2855 1006 2879 S.
1024 2853 1198 2887 Jlutburino,
1215 2853 1262 2878 die
1279 2854 1328 2878 SS.
1347 2852 1445 2886 Egiclii
1458 2856 1484 2878 et
1501 2852 1580 2888 Lupi,
1597 2852 1700 2878 saeviit
1717 2853 1745 2878 in
1767 2862 1842 2887 mag.
1862 2853 1985 2879 Odonem
2007 2854 2042 2880 tle
2063 2857 2127 2881 Cre-

353 2902 442 2938 dulio,
456 2907 576 2940 propter
601 2902 683 2929 verba
699 2903 842 2939 injuriosa
862 2912 915 2940 per
930 2912 991 2930 eum
1009 2903 1129 2940 prolata
1151 2903 1179 2928 in
1196 2911 1351 2939 personam
1372 2911 1447 2937 mag.
1473 2901 1616 2927 Guillelmi
1635 2901 1670 2927 de
1692 2901 1794 2937 Algia5
1816 2902 1987 2929 deliberavit
2009 2913 2040 2930 se
2060 2905 2127 2932 mite
