2502 3418
397 322 459 354 170
968 329 1287 352 CHARTULAulUM
1323 328 1511 349 umvnns.
1550 327 1678 348 rmus.
2156 311 2255 348 [1409

397 404 603 450 disputabo.
631 404 843 437 Altissimus
865 416 929 437 vos
951 410 1143 436 conservet
1163 402 1319 435 feliciter
1340 408 1374 435 et
1394 402 1527 434 votive.
1551 400 1745 445 Scriptum,
1770 411 1883 444 prope
1915 405 2007 431 teste
2028 398 2148 431 littere
2169 410 2255 443 qua-

397 472 507 513 litate,
528 472 564 504 in
586 471 723 516 capella
745 471 906 512 Gilonic,
929 471 986 503 die
1004 471 1118 503 sancti
1138 470 1284 502 Andree
1305 468 1506 514 Apostoli².

490 570 633 593 Commeat.
650 571 698 593 sac.
715 570 792 597 med.,
809 570 828 595 Ι.
844 578 870 600 p.
887 570 940 592 143.
958 583 983 585 -
1000 569 1146 597 JOL'RDAIN,
1159 572 1188 590 n⁰
1205 568 1272 590 1034.

490 654 514 679 1.
531 655 654 677 Carolum
671 654 795 677 d'Albrct.
813 667 839 670 —
858 653 880 678 2.
897 653 956 676 Fuit
975 653 1125 676 conclusum
1150 661 1164 675 a
1189 652 1313 675 facultate
1329 651 1482 680 medicinae,
1500 650 1541 672 dic
1565 650 1592 672 111
1617 649 1776 676 Decembris,
1793 649 1861 679 quod
1883 657 1894 670 α
1916 657 1985 679 mag.
2003 647 2136 671 Johannes
2152 648 2256 672 Belardi

398 700 498 722 veniret
519 699 647 728 parisius,
668 699 802 721 accederet
821 698 853 721 nd
875 698 1034 725 facultatem,
1055 701 1080 720 et
1102 697 1200 720 diceret
1219 696 1399 719 excusationes
1420 703 1481 718 suas
1503 694 1687 725 personaliter,
1704 697 1729 716 et
1747 696 1894 716 remaneret
1915 697 1976 716 tunc
1998 701 2102 724 regens,
2122 693 2208 722 modo,
2229 697 2257 716 ut

397 745 550 775 scripserat,
568 747 627 775 post
640 743 731 766 Natule
744 743 847 766 Domini
859 742 1015 773 disputaret.
1033 750 1043 764 υ

401 951 540 988 1873.
571 960 744 985 Universitas
758 959 853 984 Paris.
871 958 1048 984 Guillelmum
1063 958 1189 992 Guignon
1203 956 1365 991 generalem
1375 960 1588 992 procuratorem
1603 959 1629 981 et
1640 956 1769 981 nuntium
1779 964 1874 981 coram
1888 955 2054 981 Alexandro
2068 955 2254 982 Vconstituit.

1496 1044 1571 1073 1409,
1588 1044 1656 1069 circu
1670 1043 1784 1069 Becemb.
1805 1044 1840 1073 15.
1858 1044 1971 1069 Par-[silc.

485 1135 676 1168 Universis
707 1140 897 1179 presentes
926 1133 1065 1166 litteras
1095 1133 1316 1177 inspecturis
1346 1143 1412 1164 nos
1443 1133 1549 1176 Ilugo
1579 1131 1683 1164 Fabri
1718 1137 1837 1164 rector
1862 1131 2118 1164 Universitatis
2144 1130 2255 1163 studii

396 1202 626 1242 parisiensis,
650 1201 748 1233 talis¹
773 1201 932 1233 decanus
952 1200 1132 1233 facultatis
1159 1199 1356 1244 theologie,
1378 1198 1481 1232 talis²
1507 1199 1666 1231 decanus
1687 1198 1867 1231 facultatis
1888 1199 2132 1238 decretorum,
2152 1197 2254 1231 talis³

394 1269 553 1302 decanus
574 1267 752 1301 facultatis
774 1267 967 1308 medicine,
989 1267 1091 1300 talis⁶
1121 1266 1284 1302 Francie,
1308 1266 1409 1298 talis⁵
1437 1265 1614 1307 Picardie,
1636 1265 1737 1298 talis⁵
1763 1265 1969 1306 Normanie,
1994 1265 2093 1298 talis⁷
2121 1264 2254 1310 Anglie

394 1336 579 1368 nationum
610 1341 880 1379 procuratores,
912 1341 979 1367 tam
1011 1334 1157 1366 nomine
1196 1332 1416 1374 facultatum,
1449 1344 1553 1377 quam
1585 1333 1771 1365 nationum
1802 1332 2060 1377 predictarum,
2092 1344 2156 1377 per
2187 1334 2260 1364 nos'

394 1409 569 1435 rectorem
592 1401 687 1434 dicte
718 1401 974 1434 Universitatis
1003 1400 1221 1433 Parisiensis
1245 1400 1281 1432 in
1306 1400 1592 1445 congregatione
1614 1399 1777 1444 generali
1797 1399 1915 1444 ipsius
1941 1398 2197 1433 Universitatis
2218 1398 2254 1431 in

393 1470 521 1501 Sancto
552 1468 732 1501 Maturino
767 1479 832 1512 pro
857 1467 967 1500 certis
995 1467 1154 1512 negotiis
1189 1467 1387 1512 predictam
1416 1466 1698 1500 Universitatem
1729 1465 1963 1511 tangentibus
1991 1465 2255 1511 pertractandis

393 1547 456 1580 pcr
471 1536 716 1579 juramentum
739 1541 773 1567 et
792 1546 892 1566 more
914 1534 1023 1567 solito
1046 1533 1226 1566 celebrata
1250 1534 1476 1579 congregati,
1499 1533 1759 1566 assistentibus
1782 1532 1919 1565 ibidem
1940 1532 2131 1565 nobiscum
2154 1531 2256 1565 theo-

392 1602 501 1646 logie,
525 1601 768 1642 decretorum,
791 1601 970 1633 medicine
1001 1608 1036 1633 et
1064 1601 1193 1633 artium
1221 1600 1436 1646 regentibus
1463 1607 1498 1633 et
1524 1612 1597 1633 non
1624 1599 1839 1645 regentibus
1864 1599 2051 1645 magistris
2075 1606 2110 1632 et
2130 1599 2256 1632 docto-

394 1669 494 1701 ribus
517 1675 551 1701 et
571 1667 789 1701 facientibus
811 1674 917 1700 totam
937 1668 1219 1701 Universitatcm
1243 1680 1307 1700 seu
1329 1669 1502 1712 majorem
1520 1674 1555 1700 et
1571 1667 1751 1700 saniorem
1770 1673 1907 1712 partem
1925 1667 2088 1711 ejusdem
2106 1666 2254 1699 nomine

394 1735 649 1769 Universitatis
676 1742 710 1767 et
738 1747 802 1780 pro
830 1735 925 1779 ipsa,
955 1736 993 1767 ac
1028 1735 1174 1768 nomine
1209 1735 1369 1768 omnium
1403 1742 1438 1768 ct
1471 1734 1701 1780 singulorum
1737 1734 1946 1774 doctorum,
1983 1733 2252 1778 magistrorum,

393 1803 598 1847 regentium
626 1809 659 1834 et
685 1814 758 1834 non
786 1802 1003 1847 regentium,
1026 1802 1306 1843 licentiatorum,
1330 1801 1617 1835 bachalariorum
1648 1808 1683 1834 et
1709 1801 1902 1834 scolarium
1932 1812 1997 1833 seu
2027 1799 2250 1833 studentium

392 1882 431 1902 ac
453 1869 724 1914 suppositorum
748 1869 910 1913 ejusdem
938 1881 976 1901 ac
1002 1870 1162 1901 omnium
1185 1869 1255 1902 sibi
1283 1869 1536 1902 adherentium
1563 1875 1597 1902 et
1621 1868 1797 1901 adherere
1824 1868 2038 1909 volentium,
2060 1866 2252 1900 adhesuris

394 1943 428 1969 et
449 1935 679 1969 successuris
699 1942 767 1968 tam
789 1936 1010 1980 conjunctim
1039 1948 1143 1980 quam
1166 1936 1310 1969 divisim
1336 1935 1551 1969 melioribus
1574 1936 1642 1977 via,
1668 1935 1788 1976 modo,
1812 1936 1895 1980 jure
1917 1941 1951 1967 et
1972 1935 2098 1975 forma,
2121 1933 2254 1978 quibus

395 2003 580 2048 potuimus
606 2009 640 2035 et
669 2014 880 2047 possumus,
910 2003 1076 2043 fecimus,
1107 2003 1379 2043 constituimus,
1409 2003 1677 2036 nominavimus
1706 2009 1741 2035 et
1769 2001 2031 2042 ordinavimus,
2061 2007 2096 2034 et
2129 2007 2256 2033 tenore

394 2070 617 2115 presentium
653 2069 821 2110 facimus,
856 2070 1112 2103 constituimus
1148 2077 1182 2103 et
1216 2071 1320 2103 etiam
1357 2070 1568 2103 ordinamus
1604 2076 1766 2103 nostrum
1803 2076 1838 2102 et
1871 2069 1965 2101 dicte
2002 2067 2256 2101 Universitatis

395 2136 601 2181 generalem
626 2142 910 2180 procuratorem,
933 2143 1105 2178 actorem,
1127 2138 1312 2179 factorem,
1331 2138 1561 2182 negotiorum
1584 2143 1768 2182 gestorem
1791 2143 1826 2169 et
1846 2136 2017 2168 nuncium
2046 2134 2254 2180 specialem,

395 2202 642 2236 venerabilem
665 2203 781 2235 virum
803 2203 1016 2247 magistrum
1043 2204 1284 2236 Guillcrmum
1312 2205 1486 2249 Guignon
1508 2204 1722 2236 Ebroicens.
1750 2203 1860 2244 dioc,
1883 2202 2095 2247 magistrum
2117 2202 2153 2234 in
2174 2201 2259 2234 arti-

396 2270 477 2310 bus,
507 2269 727 2301 licentiatum
757 2269 793 2301 in
823 2269 968 2314 legibus
996 2277 1031 2303 et
1060 2270 1302 2303 baclialarium
1334 2271 1370 2303 in
1398 2271 1570 2311 decretis,
1593 2270 1764 2304 videlicet
1788 2270 1832 2302 ad
1857 2268 2138 2314 comparendum
2163 2275 2256 2301 etse

397 2336 719 2381 representandum
738 2336 947 2369 nominibus
964 2338 1100 2370 nostris
1117 2345 1151 2370 et
1168 2338 1262 2371 dicte
1280 2338 1537 2371 Universitatis
1553 2350 1672 2370 coram
1690 2337 1920 2370 sanctissimo
1937 2336 1974 2368 in
1990 2335 2136 2369 Christo
2157 2341 2256 2380 patre

396 2415 434 2436 ac
463 2403 610 2435 domino
632 2409 770 2443 nostrO,
793 2402 941 2435 domino
969 2403 1176 2437 Alexandro
1206 2411 1436 2437 sacrosancte
1466 2406 1625 2437 Romane
1652 2417 1690 2437 ac
1719 2403 1938 2437 universalis
1960 2402 2115 2435 ecclesie
2137 2402 2257 2435 divina

399 2470 626 2514 providentia
657 2481 797 2501 summo
831 2469 1020 2514 pontifice,
1059 2478 1093 2503 et
1129 2483 1231 2504 sacro
1261 2484 1300 2504 ac
1335 2471 1645 2505 reverendissimo
1675 2471 1833 2516 collegio
1864 2469 2253 2503 reverendissimorum

399 2543 536 2581 patrum
565 2542 599 2568 et
626 2535 854 2568 dominorum
885 2545 1114 2570 sacrosancte
1147 2540 1305 2571 Romane
1338 2538 1493 2571 ecclesie
1526 2538 1754 2571 dominorum
1785 2536 2035 2577 cardinalium,
2063 2535 2254 2575 audituris,

396 2602 669 2643 viceaudituris⁷
699 2609 758 2635 aut
785 2602 1065 2648 quibuscunque
1087 2605 1288 2649 judicibus,
1313 2605 1493 2651 deputatis
1520 2617 1584 2638 seu
1608 2605 1839 2650 deputandis,
1868 2611 1928 2637 aut
1959 2602 2165 2636 commissis
2191 2613 2255 2635 seu

396 2669 664 2702 committendis
685 2669 727 2701 ab
747 2670 886 2702 eisdem
908 2682 973 2703 seu
994 2671 1107 2703 altero
1125 2673 1323 2705 eorundem
1342 2680 1409 2706 tam
1433 2673 1469 2705 in
1490 2673 1588 2705 curia
1606 2674 1763 2705 Romana
1780 2683 1884 2716 quam
1901 2670 1987 2704 alibi
2003 2669 2065 2703 ubi
2086 2669 2256 2702 dominus

397 2742 520 2768 noster
542 2748 629 2779 papa
652 2748 730 2767 cum
754 2748 816 2768 sua
838 2737 936 2769 curia
958 2738 1147 2779 residebit,
1166 2751 1204 2771 ac
1221 2740 1353 2772 totiens
1371 2746 1405 2772 et
1421 2739 1590 2784 quotiens
1611 2739 1720 2771 suerit
1741 2745 1997 2783 opportunum,
2020 2747 2255 2781 quascunque

397 2802 690 2846 supplicaciones
717 2814 781 2834 seu
804 2810 994 2847 requestas
1022 2805 1225 2837 faciendum
1261 2813 1296 2838 et
1322 2806 1586 2851 impetrandum
1613 2812 1647 2838 et
1675 2817 1735 2838 eas
1764 2804 2045 2850 presentandum
2076 2809 2110 2835 et
2135 2813 2258 2847 prose—

397 2868 594 2913 quendum,
625 2868 774 2900 crimina
807 2876 842 2901 et
873 2870 1048 2903 dess'ectus
1079 2873 1351 2916 opponendum,
1383 2872 1626 2917 allegandum,
1655 2871 1931 2916 proponendum
1961 2877 2007 2911 et,
2037 2870 2068 2903 si
2102 2880 2255 2902 necesse

521 2926 549 2948 22
