2502 3418
1145 323 1311 345 TABULA.

296 395 2159 412 ———-—-—=—————-————————————

296 442 355 465 1767

295 545 355 567 1768

294 647 355 670 1769

293 748 354 772 1770

293 851 352 875 1771

293 909 353 933 1772

292 967 353 990 1773

293 1069 352 1093 1774

292 1216 352 1239 1775

292 1275 352 1298 1776

291 1423 351 1446 1777

291 1480 352 1504 1778

291 1538 352 1562 1779

291 1686 352 1709 1780

291 1789 349 1812 1781

291 1848 351 1871 1782

290 1949 350 1973 1783

290 2008 350 2031 1784

289 2111 349 2134 1785

290 2169 350 2192 1786

289 2227 348 2250 1787

290 2285 349 2308 1788

290 2343 350 2366 1789

289 2401 349 2424 1790

289 2459 345 2482 1791

289 2683 349 2706 1792

289 2741 350 2764 1793

290 2800 350 2823 1794

290 2858 351 2882 1795

430 442 495 468 1401

606 443 704 474 Aprilis
723 443 748 465 11

644 558 669 562 —
721 545 750 567 24

571 646 733 678 Septembris
752 647 780 669 12

603 1070 701 1102 Aprilis
717 1072 746 1094 22

581 1218 736 1241 Novembris
751 1220 764 1242 5

598 1276 660 1299 Maii
676 1277 747 1300 15-17

587 1423 655 1447 Circ.
671 1424 683 1447 J
689 1432 732 1447 un.
748 1424 762 1446 3

626 1482 704 1505 Junio

622 1540 686 1563 Julii
704 1540 717 1563 2

647 1688 723 1710 -14

593 1790 705 1822 Augusti
720 1790 760 1813 21·

567 1849 730 1880 Septembris
748 1849 777 1871 12

596 1951 717 1975 Octobris
733 1951 744 1974 1

643 2024 671 2027 -
733 2011 743 2033 1

617 2113 730 2136 Octohre

587 2171 708 2195 Octobris
725 2171 754 2193 16

580 2229 671 2255 Octob.
688 2229 762 2252 18-23

585 2287 706 2311 Octobris
724 2288 754 2310 16

641 2359 670 2362 —
726 2345 755 2368 18

580 2403 673 2428 Octob.
689 2403 758 2426 20-21

612 2475 638 2479 -
689 2462 758 2484 20-21

587 2582 708 2606 Octobris
724 2582 751 2604 21

811 442 953 474 Supposita
968 442 1154 465 Universitatis
1170 450 1221 465 non
1233 445 1354 465 tenentur
1366 442 1492 465 interesse
1507 443 1678 465 conventibus
1695 444 1879 466 canonicorum
1896 444 1978 467 Puris.
1997 444 2068 467 ecch:

841 486 1011 510 nihilominus
1028 487 1157 518 quaedam
1173 495 1187 509 a
1200 486 1333 510 canonicis
1349 486 1606 509 excommunicantur
1609 504 2068 511 ...................

810 545 961 576 Capitulum
975 544 1146 568 Cluniacense
1159 544 1271 574 ordinat,
1289 547 1317 567 ut
1331 545 1409 575 plura
1427 544 1553 567 beneficia
1571 544 1681 575 collegio
1696 545 1861 568 Cluniaeensi
1878 545 1960 568 Paris.
1976 546 2067 568 unian-

841 592 896 619 tur;
912 589 986 620 prior
1001 592 1026 612 et
1039 589 1171 612 scholares
1188 589 1305 620 ejusdem
1321 592 1437 612 caeteros
1452 589 1554 620 priores
1571 589 1734 620 negligentes
1751 598 1801 612 non
1817 590 1975 620 compellant
1987 607 1992 612 .
2013 609 2017 613 .
2039 607 2044 612 .
2064 607 2069 613 .

810 647 960 678 Capitulum
972 647 1093 678 generale
1107 647 1215 672 Cistcrc.
1232 647 1360 678 quosdam
1373 647 1482 670 abbates
1495 647 1589 670 divites
1605 647 1636 669 de
1649 647 1792 670 Vaseoniae
1807 650 1832 670 et
1847 647 1953 678 linguae
1969 647 2070 670 Ocnnae

838 691 968 722 partibus,
985 692 1028 723 qui
1044 692 1178 715 scholares
1194 692 1296 715 mittere
1312 691 1426 714 Parisios
1440 691 1587 722 negligunt,
1603 691 1808 715 excommunicat
1813 709 2068 715 ...........

809 749 973 773 Universitas
990 758 1003 773 a
1019 750 1185 773 Parlamento
1200 750 1309 779 obtinet,
1326 753 1438 781 quatuor
1458 749 1599 772 monachos
1615 749 1724 772 Parisiis
1742 750 1886 779 studentes,
1902 758 1966 780 quos
1988 749 2069 772 abbas

839 794 968 818 Trouarni
982 794 1008 817 in
1024 803 1155 818 carcerem
1168 795 1323 826 conjecerat,
1337 794 1444 817 liberari
1461 802 1596 825 quousque
1613 802 1704 817 eorum
1717 802 1857 826 processus
1872 797 2025 825 peragatur.
2038 811 2043 816 .
2064 811 2068 816 .

809 853 946 876 Licentiati
958 853 985 876 in
1002 853 1124 876 facultate
1137 853 1285 884 theologiae
1289 869 2069 876 ...............................

808 910 945 934 Licentiati
960 911 986 934 ia
1003 911 1126 934 facultate
1142 911 1286 934 medicinae
1290 927 2067 935 ...............................

808 969 918 992 Carolus
931 969 974 999 VJ,
992 977 1037 992 rex
1051 970 1221 998 Francorum,
1236 968 1387 1000 privilegia,
1403 968 1547 996 libertates,
1567 968 1723 991 franchisias
1739 968 1802 991 olim
1819 968 1954 999 magistris
1970 971 1995 991 et
2010 976 2069 998 sup-

838 1013 932 1044 positis
948 1013 1135 1037 Universitatis
1150 1021 1289 1037 concessas
1305 1013 1443 1036 confirmat
1446 1029 2069 1036 .........................

808 1072 941 1095 Statutum
964 1071 1096 1095 facultatis
1113 1071 1258 1094 medicinae
1273 1071 1304 1094 de
1323 1071 1428 1102 juribus
1448 1071 1612 1094 bedellorum
1633 1071 1909 1102 subhedellorumque,
1929 1074 1983 1093 tam
1998 1070 2070 1093 theo-

838 1116 924 1147 logiae
941 1117 989 1140 fac.
1006 1125 1084 1148 quam
1100 1116 1236 1139 nationum
1251 1119 1372 1147 quatuor,
1389 1124 1404 1139 a
1419 1116 1537 1147 quolibet
1551 1124 1618 1139 novo
1632 1116 1759 1147 magistro
1777 1115 1803 1138 in
1819 1115 1948 1139 medicina
1965 1115 2069 1138 solven-

838 1161 878 1184 dis
882 1177 2069 1185 ...............................................

807 1218 927 1250 Magistri
940 1222 1060 1250 regentes
1077 1218 1210 1242 facultatis
1226 1218 1371 1242 medicinae
1384 1227 1427 1242 an.
1445 1219 1580 1241 1402-1403
1595 1235 2070 1242 ...................

807 1277 938 1300 Johannes
960 1277 1065 1306 Murice,
1086 1277 1218 1308 quondam
1238 1285 1324 1300 comes
1345 1277 1449 1300 abbatis
1467 1277 1493 1300 S.
1510 1276 1587 1307 Eligii
1608 1277 1734 1306 defuncti,
1750 1277 1838 1307 litigat
1857 1280 1947 1300 contra
1966 1277 2071 1299 Petrum

838 1321 1017 1352 d’Orgemont,
1037 1321 1191 1353 episcopum
1212 1322 1307 1351 Paris.,
1330 1321 1374 1353 qui
1394 1321 1557 1344 domicilium
1578 1321 1705 1344 Johannis
1729 1321 1884 1345 violaverat.
1907 1321 2071 1344 Universitas

838 1374 945 1389 causam
959 1366 1087 1390 ,Iohannis
1104 1366 1273 1397 amplectitur
1289 1382 2070 1391 ...............................

807 1424 1005 1455 Assignationes
1022 1424 1238 1448 baccalareorum
1250 1424 1313 1448 Ord.
1329 1424 1420 1447 Praed.
1438 1432 1486 1455 pro
1499 1424 1586 1447 studio
1599 1424 1673 1447 Paris
1679 1440 2069 1448 ................

807 1483 941 1506 Evrardus
953 1483 984 1506 de
996 1482 1086 1514 Conty,
1101 1491 1172 1514 mag.
1185 1482 1288 1511 medic„
1302 1490 1378 1505 suum
1390 1482 1538 1513 jubilaeum
1551 1482 1630 1505 solvit
1641 1485 1666 1505 et
1680 1482 1762 1505 libros
1774 1481 1892 1505 facultati
1907 1482 1976 1505 med.
1990 1481 2070 1512 legat.

807 1540 904 1563 Contra
919 1540 1042 1564 abbatem
1057 1540 1265 1568 Cluniacensem,
1282 1540 1326 1572 qui
1339 1540 1485 1571 Collegium
1501 1540 1658 1563 Avenionem
1671 1541 1817 1563 transferre
1831 1540 1856 1562 in
1870 1539 1956 1562 animo
1969 1539 2070 1567 habuit,

838 1585 1004 1608 scholaribus
1019 1584 1125 1616 collegii
1141 1585 1322 1608 Cluniacensis
1338 1585 1421 1608 Paris.
1437 1584 1616 1615 litigantibus,
1633 1593 1713 1607 causa
1728 1585 1761 1607 ad
1779 1585 1974 1607 parlamentum
1988 1584 2071 1607 defer-

838 1633 881 1652 tur
892 1645 2070 1654 ..............................................

808 1688 962 1711 Benedictus
978 1689 1037 1711 XIII
1053 1688 1166 1711 Johanni
1182 1687 1323 1711 Clementis
1337 1688 1368 1711 de
1383 1688 1475 1716 Marla,
1488 1688 1652 1718 presbytero,
1666 1687 1733 1710 med.
1747 1687 1884 1718 magistro,
1900 1686 2029 1718 permittit
2045 1689 2071 1709 ut

837 1732 863 1755 in
880 1733 967 1756 studio
983 1733 1067 1756 Paris.
1083 1736 1166 1756 artem
1181 1733 1326 1756 medicinae
1341 1733 1429 1763 legere
1443 1735 1468 1755 et
1482 1732 1629 1763 practicare
1644 1732 1731 1763 possit
1747 1749 2069 1756 .............

808 1791 972 1815 Universitas
987 1792 1081 1814 fratres
1094 1791 1291 1815 Praedicatores
1305 1791 1331 1814 in
1345 1799 1422 1814 suum
1435 1790 1596 1813 consortium
1611 1789 1703 1821 recipit
1718 1793 1743 1813 et
1756 1790 1917 1821 redintegrat
1920 1807 2068 1813 .......

807 1849 959 1881 Capitulum
981 1850 1104 1880 generale
1122 1849 1232 1873 Cisterc.
1257 1849 1398 1872 abbatibus
1419 1849 1542 1880 plurimis
1564 1848 1678 1880 injungit
1702 1852 1731 1871 ut
1752 1849 1892 1871 monachos
1914 1848 2019 1871 mittant
2038 1848 2069 1870 ad

838 1895 864 1918 S.
879 1895 1042 1918 Bernardum
1055 1894 1139 1918 Paris.
1156 1895 1197 1918 vel
1213 1894 1245 1917 ad
1261 1893 1333 1917 aliud
1350 1894 1466 1917 studium
1480 1894 1533 1917 Ord
1538 1909 2068 1917 ......................

806 1953 971 1976 Universitas
985 1961 1046 1976 suos
1064 1952 1169 1976 nuntios
1185 1961 1244 1975 cum
1257 1953 1343 1975 rotulo
1358 1953 1391 1975 ad
1408 1952 1576 1975 Benedictum
1592 1952 1649 1975 XIII
1670 1952 1749 1975 mittit
1753 1968 2067 1976 .............

806 2011 971 2034 Universitas
988 2019 1049 2034 suos
1068 2011 1173 2034 nuntios
1190 2010 1294 2034 cuidam
1309 2011 1436 2042 praelato,
1457 2010 1636 2033 verisimiliter
1661 2010 1788 2033 cardinali
1813 2009 1974 2033 Salutiarum
1996 2017 2069 2032 com—

836 2056 943 2079 mendat
950 2071 2067 2080 ............................................

806 2114 970 2138 Universitas
984 2114 1017 2137 ad
1033 2122 1094 2137 suos
1108 2114 1214 2137 nuntios
1227 2114 1298 2144 apud
1314 2113 1483 2136 Benedictum
1498 2114 1555 2136 XIII
1571 2113 1664 2136 scribit
1673 2129 2066 2136 ................

806 2182 818 2194 ει
834 2173 944 2196 Botulus
960 2173 1116 2196 nunciorum
1132 2172 1319 2196 Universitatis
1335 2172 1408 2195 Paris
1413 2183 2066 2195 ............................

805 2241 818 2252 (ι
833 2231 943 2254 Botulus
958 2231 1114 2254 nunciorum
1130 2230 1315 2254 Universitatis
1332 2230 1498 2253 parisiensis.
1516 2242 1520 2249 ι
1524 2241 2066 2252 ......................

806 2299 818 2310 (ι
834 2289 943 2312 Rutulus
959 2289 1080 2320 magistri
1097 2288 1197 2312 Nicolai
1211 2289 1242 2312 de
1255 2288 1425 2319 Clamengiis.
1444 2300 1454 2307 ιι
1466 2303 2065 2311 ........................

805 2358 818 2368 «
834 2347 942 2371 Rutulus
956 2347 1145 2378 magistrorum
1162 2347 1295 2370 facultatis
1309 2346 1435 2369 medicine
1453 2345 1617 2369 parisiensis
1632 2357 1636 2365 ³
1638 2356 2065 2368 ..................

805 2415 818 2426 <t
833 2405 943 2429 Rotulus
958 2405 1152 2429 licentiatorum
1168 2408 1193 2428 et
1207 2405 1412 2427 baeallariorum
1428 2404 1453 2426 in
1469 2403 1580 2426 decretis
1596 2403 1721 2426 Pan-isius.
1740 2413 1752 2423 ι)
1757 2419 2065 2426 .............

805 2473 817 2484 (ι
833 2464 942 2487 Rotulus
958 2463 1163 2487 bacallariorum
1186 2463 1212 2486 in
1232 2462 1366 2494 theologia
1390 2463 1561 2485 formatorum
1582 2465 1606 2484 et
1627 2469 1764 2484 cursorum
1784 2460 1970 2483 Universitatis
1991 2460 2066 2483 Pari·-

836 2508 1570 2534 siensis.».......................‚
1592 2522 2065 2529 ...................

995 2584 1119 2608 Botulus
1137 2590 1261 2614 maynus
1283 2582 1475 2607 Universitatis
1491 2582 1644 2607 Parisiens.
1659 2588 1711 2611 pro
1726 2582 1879 2612 maqistrz's.

1284 2629 1398 2652 (Continet
1410 2631 1443 2647 11⁰³
1458 2628 1588 2651 1792-1796.)

567 2701 773 2709 .........
805 2686 2066 2719 [Articulicommunes.]....⁴................................

567 2755 818 2768 ...........
834 2745 2066 2776 Facultastheologiae.»..........................,.........

568 2818 773 2826 .........

806 2813 818 2823 «
835 2803 958 2834 Sequitur
971 2803 1083 2826 facultas
1098 2803 1271 2826 decretorum.
1289 2813 1300 2822 υ
1313 2818 2066 2825 ..............................

806 2870 818 2882 a
835 2861 959 2892 Sequitur
974 2862 1085 2884 facultas
1101 2861 1229 2884 medicine
1233 2870 1858 2884 ..........................
1879 2880 1882 2883 .
1904 2876 2065 2883 .......

2130 489 2160 511 45

2131 590 2160 612 46

2130 692 2160 714 46

2130 794 2159 816 47

2131 852 2161 873 48

2131 910 2160 931 48

2131 1012 2161 1035 49

2131 1160 2161 1182 49

2131 1218 2161 1240 49

2132 1366 2161 1388 50

2132 1423 2162 1445 52

2132 1481 2162 1503 53

2132 1628 2161 1650 53

2132 1732 2160 1753 55

2131 1789 2160 1810 56

2131 1892 2159 1913 58

2131 1951 2159 1972 58

2130 2053 2159 2075 59

2129 2112 2158 2134 59

2128 2169 2156 2192 61

2128 2227 2155 2249 61

2127 2286 2157 2308 62

2127 2345 2156 2367 62

2127 2405 2156 2426 63

2128 2506 2155 2529 71

2129 2686 2157 2708 73

2130 2745 2157 2765 75

2129 2803 2157 2825 77

2128 2861 2157 2883 78
