2502 3418
478 352 514 374 Vl
1257 347 1547 370 lNTRODUCTIO.

575 427 687 467 Quam
714 424 760 460 ob
790 435 932 460 causam
963 427 1034 459 tam
1070 423 1191 458 multis
1220 422 1405 459 eventibus
1435 425 1552 458 tomus
1582 423 1628 457 IV
1658 420 1897 456 cumulandus
1926 418 1981 462 sit,
2019 417 2123 453 facile
2155 417 2328 464 reperias;

477 497 650 543 siquidem
673 495 814 531 saeculo
844 495 966 542 quinto
990 494 1127 530 decimo
1150 494 1363 529 Universitas
1384 492 1490 528 rebus
1512 484 1663 539 politicis
1685 490 1854 526 curandis
1880 489 1993 536 magis
2018 499 2124 535 quam
2151 487 2331 524 doctrinae

478 567 713 614 acquirendae
728 566 782 601 vel
799 566 982 601 docendae
997 566 1130 600 intenta
1152 564 1228 599 suit.
1252 566 1349 599 Tunc
1371 564 1465 598 enirn
1488 575 1569 599 cum
1588 560 1748 597 Horatio⁴
1763 561 1842 608 jure
1865 562 2002 607 poterat
2016 559 2136 594 dicere
2163 571 2170 594 :
2200 560 2331 594 «Nunc

478 638 576 685 agilis
591 637 638 673 fio
658 640 692 672 et
708 648 842 672 mersor
857 636 1019 671 civilibus
1041 635 1158 670 undis.
1187 649 1203 666 »
1233 634 1458 669 Politicarum
1486 644 1601 669 rerum
1627 633 1662 667 in
1688 631 1838 667 Francia
1861 633 2083 666 momentum
2108 628 2258 676 quodvis
2285 630 2332 676 (et

477 720 584 756 quam
606 708 717 743 multa
733 706 885 754 fuerunt)
903 709 1124 742 momentum
1148 705 1296 740 alterum
1313 704 1349 739 in
1374 704 1604 739 Universitate
1622 705 1871 750 repraesentat.
1901 703 1938 735 ln
1965 699 2120 748 politicis
2148 699 2331 736 eventibus

478 778 671 826 dirigendis
697 778 908 813 Universitas
934 777 984 811 vis
1005 779 1148 812 actuosa
1167 775 1232 810 suit
1254 786 1342 821 quae
1369 775 1461 810 inter
1484 773 1660 821 quaslibet
1692 773 1779 808 alias
1804 773 1894 807 vires
1919 771 1956 807 in
1979 771 2130 806 historia
2160 770 2330 807 Franciae

476 852 726 885 numeraretur
741 861 748 884 :
763 848 998 883 dissensiones
1012 847 1048 882 in
1065 847 1212 882 Francia
1226 847 1302 893 ipsa
1316 850 1484 892 tanquam
1502 846 1574 881 dux
1589 843 1826 892 Burgundiae,
1844 843 1907 879 sed
1923 842 2040 877 minus
2056 842 2212 886 conscia,
2228 841 2328 878 aluit.

556 919 690 955 'Rebus
711 919 861 966 publicis
888 918 1056 953 Franciae
1076 918 1177 953 initio
1202 917 1335 952 saeculi
1360 916 1471 963 quinti
1495 915 1625 951 decimi
1641 916 1713 951 dux
1732 914 2001 950 Aurelianensis
2016 913 2181 960 imperat,
2202 912 2330 949 deinde

475 991 546 1026 dux
575 990 813 1037 Burgundiae‚
838 994 914 1024 tum
939 989 1010 1024 dux
1033 987 1297 1024 Aurelianensis
1325 999 1387 1022 seu
1412 999 1493 1034 pars
1518 986 1768 1034 Armagniaca,
1791 988 1867 1020 tum
1888 985 1961 1020 dux
1978 984 2203 1032 Burgundiae
2224 988 2329 1032 atque

488 1061 639 1108 Anglici,
658 1063 836 1108 postremo
858 1072 917 1095 rex
941 1059 1087 1095 Carolus
1111 1060 1190 1095 Vll.
1219 1058 1352 1100 Quibus
1374 1057 1675 1093 vicissitudinibus
1699 1061 1758 1092 aut
1783 1056 1865 1092 favit
1888 1059 1947 1092 aut
1971 1055 2154 1091 adversata
2177 1058 2229 1091 est
2249 1051 2332 1091 Uni-

475 1133 630 1175 versitas,
658 1142 841 1178 nunquam
866 1130 1052 1173 incuriosa,
1075 1133 1109 1165 et
1130 1130 1166 1165 in
1190 1130 1265 1176 ipso
1290 1129 1531 1165 Universitatis
1551 1129 1630 1164 sinu
1652 1131 1748 1164 ortae
1773 1130 1853 1162 sunt
1875 1127 2045 1162 factiones
2062 1138 2152 1174 quae
2180 1126 2331 1162 Univer-

475 1202 611 1238 sitatem
631 1203 759 1238 ducere
778 1201 1008 1237 conabantur.
1027 1203 1143 1248 Usque
1160 1201 1203 1235 ad
1226 1212 1359 1235 annum
1386 1203 1477 1236 1415
1496 1199 1614 1248 (etiam
1637 1202 1728 1235 1418
1752 1199 1822 1235 dici
1842 1198 1969 1246 potest)
1989 1198 2171 1234 Johannes
2197 1199 2330 1233 Gerson

474 1277 607 1321 partem
624 1272 862 1308 Universitatis
879 1276 1072 1316 actuosam,
1094 1271 1337 1307 Aurelianensi
1353 1271 1432 1306 duci
1450 1274 1531 1306 ante
1548 1282 1606 1306 an.
1629 1273 1719 1306 1407
1735 1270 1852 1317 potius
1870 1268 2098 1313 contrariam,
2117 1268 2274 1304 formare
2288 1279 2329 1304 ac

474 1344 623 1391 dirigere
637 1346 838 1387 tentaverat,
857 1355 973 1389 neque
990 1354 1129 1389 semper
1146 1354 1219 1377 rem
1248 1354 1292 1377 ex
1315 1342 1490 1377 sententia
1504 1345 1673 1389 gesserat.
1692 1343 1899 1389 Tyrannum
1923 1340 2021 1376 hunc
2046 1340 2175 1386 ducem
2193 1351 2331 1375 nuncu-

473 1414 577 1462 pabat
591 1414 664 1461 ipse
678 1415 810 1449 Gerson
827 1425 884 1449 an.
907 1415 1011 1449 1405.
1031 1414 1111 1448 Post
1126 1424 1183 1448 an.
1206 1415 1296 1448 1407
1324 1413 1430 1460 paulo
1453 1412 1625 1459 placidior
1641 1412 1854 1447 Universitas
1871 1411 1958 1446 cavit
1977 1422 2022 1446 ne
2048 1410 2194 1446 factioni
2220 1410 2326 1446 alicui

475 1485 622 1521 favendo
647 1485 843 1520 commodis
873 1484 945 1519 suis
972 1484 1150 1528 officeret,
1179 1484 1240 1519 sed
1272 1495 1356 1519 mox
1381 1484 1514 1530 incepit
1542 1484 1665 1519 timere
1694 1483 1896 1519 Johannem
1926 1482 2054 1518 ducem
2082 1481 2325 1530 Burgundiae.

467 1541 538 1591 ⁴An.
565 1557 762 1591 1410-1411
789 1558 919 1589 sectam
945 1555 1020 1602 ejus
1045 1566 1171 1602 magna
1190 1565 1269 1601 pars
1286 1554 1524 1589 Universitatis
1546 1557 1664 1601 aperte
1685 1554 1850 1601 amplexa
1869 1557 1934 1597 est,
1960 1553 2135 1600 multique
2157 1564 2214 1588 an.
2236 1554 2327 1589 1413

472 1624 553 1661 eum
572 1625 805 1661 Cabocliianis
823 1625 978 1660 fuerunt.
998 1625 1133 1660 Eodem
1149 1636 1257 1669 anno,
1276 1624 1365 1660 duce
1382 1625 1607 1672 Burgundiae
1624 1628 1748 1660 coacto
1764 1627 1975 1672 potestatem
1990 1623 2180 1667 dimittere,
2198 1625 2327 1660 Gerson

473 1700 612 1732 strenue
631 1700 776 1731 conatus
792 1699 844 1730 est
867 1698 905 1730 ut
926 1695 1087 1743 magistri
1104 1699 1228 1731 contra
1250 1707 1331 1731 eum
1351 1699 1511 1743 agerent,
1536 1699 1570 1731 at
1591 1707 1662 1731 non
1678 1696 1853 1742 impedire
1869 1696 1986 1743 potuit
2001 1695 2086 1743 quin
2102 1694 2227 1730 fideles
2248 1694 2330 1730 duci

475 1767 698 1814 Burgundiae
725 1778 797 1802 non
827 1767 932 1813 pauci
961 1766 996 1801 in
1022 1767 1253 1802 Universitate
1281 1770 1516 1802 remanerent.
1547 1768 1614 1803 An.
1645 1770 1751 1810 1416,
1780 1767 1989 1802 auctoritate
2015 1758 2111 1813 regia
2137 1765 2329 1801 concordia

474 1838 659 1885 quaedam,
684 1837 792 1872 levior
814 1848 921 1883 quam
945 1837 1164 1884 profundior,
1188 1837 1312 1873 effecta
1334 1841 1397 1873 est.
1422 1839 1488 1873 An.
1516 1840 1607 1873 1418
1630 1850 1753 1873 11115115
1777 1837 1847 1873 3113
1866 1841 1964 1873 tenet
1989 1836 2218 1885 Burgundiae
2241 1836 2326 1882 dux,

469 1912 587 1944 'terror
601 1908 753 1944 Parisios
768 1911 930 1955 occupat,
949 1907 1137 1954 delphinus
1158 1911 1191 1943 et
1210 1909 1447 1956 Armagniaca
1465 1908 1642 1944 elementa
1658 1909 1711 1944 vel
1732 1909 1972 1944 Universitatis
1988 1908 2044 1944 vel
2059 1908 2208 1944 civitatis
2221 1902 2327 1943 vitam

472 1980 619 2026 perdere
641 1982 700 2014 aut
715 1978 841 2014 urbem
859 1978 976 2025 fugere
994 1978 1206 2026 eoguntur²;
1226 1979 1297 2014 dux
1313 1979 1517 2014 dominatur
1530 1981 1754 2027 omnipotens
1770 1981 1875 2027 eique
1893 1980 2084 2015 famulatur
2099 1978 2325 2015 Universitas.

474 2052 540 2085 An.
561 2052 651 2085 1419
668 2050 758 2085 duce
776 2049 907 2093 occiso,
927 2050 1138 2085 Universitas
1154 2062 1189 2085 se
1207 2062 1287 2085 cum
1303 2050 1378 2097 ejus
1394 2050 1467 2085 filio
1486 2050 1647 2098 Philippo
1665 2051 1832 2087 societate
1849 2051 1998 2087 actionis
2014 2050 2210 2098 conjunxit,
2229 2055 2261 2085 et
2279 2049 2329 2084 nil

473 2120 603 2155 mirum
626 2120 654 2155 si
682 2132 737 2155 an.
766 2122 857 2155 1420
880 2120 1095 2155 Universitas
1119 2120 1266 2168 Anglica
1290 2121 1385 2156 facta
1413 2122 1468 2166 sit,
1496 2125 1686 2169 postquam
1714 2122 1783 2157 dux
1809 2122 1991 2169 Philippus
2015 2124 2135 2169 partes
2162 2120 2329 2169 Anglicas

473 2190 653 2238 amplexus
669 2194 774 2225 esset.
794 2192 832 2225 In
849 2190 909 2226 illa
922 2190 1195 2238 probrosissima
1210 2191 1370 2226 omnium
1392 2195 1602 2240 tempestate
1617 2193 1745 2228 accidit
1760 2194 1851 2229 actio
1865 2196 1989 2228 contra
2008 2193 2208 2228 Johannam
2224 2191 2328 2228 d’Arc

474 2261 516 2297 ab
536 2262 763 2296 Universitate
782 2261 953 2296 instituta.
974 2263 1015 2296 At
1035 2262 1078 2297 ab
1097 2274 1153 2297 an.
1176 2264 1266 2298 1432
1289 2275 1393 2310 grave
1413 2264 1519 2298 nimis
1536 2263 1728 2311 Anglorum
1742 2265 1869 2312 jugum
1885 2264 2115 2308 Universitas,
2137 2264 2226 2299 sicut
2251 2262 2324 2307 alii,

475 2332 701 2375 existimavitg
720 2332 797 2379 paci
814 2331 1026 2368 obtinendae
1042 2344 1165 2368 curam
1186 2333 1283 2368 dedit
1306 2337 1340 2368 et
1361 2335 1502 2380 quando
1520 2334 1664 2370 Carolus
1679 2337 1744 2371 Vll
1767 2347 1823 2370 an.
1846 2337 1938 2371 1436
1955 2335 2080 2370 urbem
2096 2334 2207 2370 Paris.
2227 2345 2328 2369 recu-

473 2402 619 2450 peravit,
637 2402 687 2437 illi
703 2406 871 2449 tanquam
888 2414 1033 2438 uxorem
1049 2403 1190 2451 conjugi
1207 2404 1418 2440 fidissimam
1435 2417 1470 2440 se
1486 2406 1704 2441 monstravit.

567 2546 589 2569 l.
606 2546 685 2576 Epp.,
701 2546 721 2576 Ι,
737 2546 758 2576 1,
776 2546 814 2570 16.

566 2590 589 2613 2.
605 2589 665 2614 Vid,
683 2590 817 2620 Charml.⁷
831 2595 858 2613 11ο
870 2590 940 2614 2104.
953 2591 990 2614 De
1004 2590 1067 2622 fuga
1080 2591 1262 2622 magistrorum
1278 2594 1303 2616 et
1323 2592 1478 2617 scholarium
1491 2593 1674 2618 Uuiversitatis
1689 2594 1773 2619 Paris.
1789 2596 1894 2627 propter
1908 2594 2059 2619 seditionem
2074 2594 2164 2619 scribit
2176 2595 2325 2619 ROBERTUS

474 2634 602 2657 BLONm-:L
615 2634 745 2664 (OEuw‘es,
761 2634 800 2659 ed.
813 2635 919 2665 Hassoa,
935 2635 956 2665 1,
969 2642 994 2666 p.
1011 2635 1049 2664 73)
1067 2644 1072 2659 :

1024 2705 1080 2729 Elle
1095 2706 1134 2737 (la
1147 2707 1278 2737 sedicion)
1293 2714 1309 2731 a
1323 2707 1464 2739 dispergiez
1479 2708 1639 2740 vagabondes

1026 2746 1074 2769 Les
1089 2746 1221 2770 estudians
1236 2755 1262 2770 ez
1277 2749 1332 2779 sept
1347 2755 1398 2778 ars,

1028 2785 1077 2814 Qui
1093 2787 1149 2809 sont
1161 2786 1245 2810 tuitifz
1257 2787 1341 2818 parmi
1354 2787 1373 2811 li
1386 2787 1490 2812 mondes

1026 2825 1059 2849 Et
1074 2825 1171 2849 exilliez
1184 2826 1214 2850 de
1226 2828 1310 2850 tontes
1322 2834 1392 2859 pars.

476 2880 514 2905 cr.
529 2881 606 2905 etiam
621 2880 683 2905 ibid.
697 2889 721 2912 p.
739 2881 792 2912 111,
808 2889 830 2904 v.
846 2881 905 2905 1520
920 2889 974 2913 sqq.
