2502 3418
263 324 360 361 1420]
606 337 653 358 AB
687 337 792 359 ANNO
829 336 1116 359 mcchxxxxlv
1149 337 1281 365 USQUE
1315 338 1363 359 An
1398 338 1536 359 ANNUM
1571 338 1775 360 Mccccnu.
2063 332 2128 364 379

350 413 438 444 Item
460 412 612 457 predicti
635 412 830 446 bachalarii
852 412 999 445 domino
1021 411 1330 445 subcancellario⁵
1352 411 1550 444 Parisiensi
1577 413 1612 444 in
1639 414 1821 457 presentia
1844 414 2127 458 quamplurimo-

260 474 339 511 rum
360 478 590 512 dominorum
612 491 774 512 meorum
796 478 984 512 doctorum
1008 491 1072 524 per
1088 491 1144 512 me
1161 478 1363 512 Johannem
1384 478 1523 512 Guariu
1544 479 1691 512 fuerunt
1711 480 1921 524 presentati,
1941 487 1975 513 et
1996 481 2050 525 jjja
2066 482 2124 514 dic

257 545 395 590 Aprilis
416 552 498 578 ante
519 545 654 578 Pascha
675 545 917 591 prenominati
938 545 1086 578 suerunt
1104 545 1300 578 licenciati.

351 643 458 667 Memor.
473 644 522 667 tac.
539 643 620 673 decr„
636 644 655 671 1,
673 643 717 667 sol.
731 644 770 666 48.

350 726 375 751 1.
390 728 436 750 An.
453 727 523 756 1421,
536 730 565 750 ut
577 727 728 758 opinamur,
745 735 804 750 cum
819 730 889 750 esset
903 730 990 750 rector
1006 726 1195 751 Universitatis
1210 730 1236 750 et
1245 726 1300 758 jam
1316 726 1405 750 licent.
1421 726 1447 749 in
1462 726 1533 750 decr.
1549 729 1574 750 et
1588 735 1599 750 «
1615 735 1684 750 nunc
1699 730 1723 750 et
1744 727 1777 750 ab
1790 735 1858 750 anno
1873 727 1940 751 citra
1957 728 1984 751 in
2001 728 2124 751 facultate

255 772 353 795 decret.
369 771 507 795 lectionem
524 771 681 795 matutinam
695 775 721 795 et
737 771 900 795 ordinariam
913 771 1009 803 legit»,
1022 771 1188 795 Universitas
1203 779 1252 803 pro
1270 771 1316 794 illo
1331 779 1417 802 papae
1435 771 1569 802 supplicat
1584 772 1615 794 de
1634 771 1724 803 aliqua
1739 772 1890 803 provisione
1905 775 1931 795 et
1948 773 2046 801 favore,
2062 773 2123 804 quia

257 824 268 839 a
282 816 388 839 biennio
401 816 441 839 vel
457 816 559 840 eocirca
572 816 791 848 interruptionem
807 816 847 839 sui
862 816 942 839 studii
957 824 1054 848 passus
1067 819 1177 847 propter
1192 819 1341 847 temporum
1354 815 1538 839 difficultatem
1554 816 1776 847 supplicationem
1790 816 1816 839 in
1832 817 1917 840 rotulo
1933 821 2022 840 nostro
2038 821 2123 840 vestre

255 860 389 884 sanctitati
403 861 560 884 transmisso
575 869 626 884 non
644 860 724 884 habet
738 861 865 884 insertum
881 869 892 884 υ
907 861 995 890 (Arch.
1011 864 1065 885 nat.
1082 861 1177 890 Paris„
1197 861 1221 884 M
1237 862 1290 890 65⁵,
1309 864 1338 883 n⁰
1352 860 1402 891 67).
1418 860 1516 883 Eodem
1532 869 1609 888 anno,
1623 861 1683 885 Jun.
1701 862 1739 890 27,
1751 870 1766 884 a
1780 869 1851 893 papa
1873 861 1946 884 aliud
1967 862 2123 884 heneficium

253 908 360 936 praeter
374 905 483 936 paroch.
503 905 567 929 eccl.
583 905 615 928 de
631 905 757 937 Chibleyo
775 905 955 929 Bisuntinens.
969 905 1052 929 dioec.
1071 905 1185 928 obtinuit
1203 905 1307 936 (Suppl.
1324 905 1400 928 Mart.
1418 905 1446 934 V,
1463 909 1492 927 n0
1509 905 1563 934 150,
1582 905 1628 929 rol.
1645 906 1702 934 197;
1720 907 1755 929 cf.
1770 910 1798 928 n⁰
1815 907 1867 934 172,
1886 906 1931 929 sol.
1950 907 2013 937 271).
2029 907 2123 930 Junio-

254 949 346 975 Octob.
359 950 463 974 videtur
478 950 559 973 fuisse
570 954 655 973 rector
666 950 862 974 Universitatis.
875 950 950 974 Certe
963 958 1005 974 un.
1019 950 1152 973 1418-1419
1163 950 1259 973 absens
1275 949 1323 972 fuit
1335 949 1406 980 apud
1417 949 1562 972 Pruvinum
1572 950 1657 980 (Mem.
1671 952 1720 974 fac.
1730 951 1838 980 decret„
1849 951 1868 981 Ι,
1880 951 1924 974 fol.
1934 952 1983 980 45).
1994 952 2121 981 An.1433‚

253 995 341 1023 Junio,
358 998 419 1025 post
433 998 544 1018 mortem
559 995 678 1026 episcopi
690 995 849 1019 Tornacens.
862 995 991 1018 ,Iohannis
1006 995 1037 1018 de
1055 994 1164 1026 Thoisy,
1177 995 1229 1017 dux
1245 994 1414 1025 Burgundiae
1433 1002 1480 1017 suo
1497 994 1648 1017 consiliario
1663 995 1777 1018 ,Iohanni
1793 995 1915 1024 Chevrot,
1936 995 2122 1019 archidiacono

254 1039 407 1071 Vulgassini
428 1040 576 1071 Rotomag„
594 1040 683 1063 sedem
703 1040 863 1063 Tornacens.
880 1039 1034 1068 reservavit,
1052 1040 1098 1063 sed
1115 1039 1250 1070 Eugenius
1268 1039 1301 1062 lv
1317 1046 1405 1062 mense
1425 1039 1561 1068 Novemb.,
1578 1040 1611 1062 ad
1628 1048 1685 1063 eam
1705 1039 1860 1071 episcopum
1876 1040 2043 1063 Ambianens.
2060 1040 2120 1063 Joh.

253 1084 285 1107 de
305 1085 436 1108 Hurcourt
454 1084 601 1107 transtulit.
622 1084 684 1107 Inde
703 1084 759 1107 irae
778 1084 853 1108 ducis
868 1084 1048 1116 Burgundiae,
1063 1084 1107 1116 qui
1128 1084 1183 1107 suis
1201 1083 1316 1106 subditis
1332 1083 1470 1114 prohibuit
1485 1092 1516 1107 ne
1532 1084 1680 1107 Johannem
1695 1085 1727 1108 de
1747 1085 1878 1108 Harcourt
1898 1089 2078 1115 agnoscerent,
2096 1088 2122 1108 et

253 1129 372 1152 redditus
388 1129 557 1160 episcopatus
573 1128 690 1152 retinuit.
706 1129 778 1160 Papa
793 1132 899 1152 coactus
918 1129 1066 1152 Johunnem
1086 1129 1117 1152 de
1136 1129 1266 1151 Harcourt
1282 1128 1435 1151 Narbonam
1451 1129 1596 1156 transtulit,
1613 1132 1638 1152 et
1656 1129 1716 1152 Joh.
1733 1129 1846 1153 Chevrot
1865 1138 1907 1153 an.
1927 1130 1996 1158 1436,
2013 1130 2077 1153 Nov.
2096 1132 2119 1159 5,

252 1173 279 1196 in
299 1173 378 1205 episc.
394 1174 553 1197 Tornacens.
568 1173 649 1205 elegit
666 1173 766 1204 (Oblig.
782 1178 811 1196 n⁰
823 1175 860 1201 66,
880 1174 924 1197 sol.
940 1175 987 1203 30).
1005 1174 1099 1197 Fusius
1112 1173 1200 1196 onmia
1215 1176 1358 1196 narrantur
1371 1172 1396 1195 in
1412 1174 1513 1197 Chron.
1527 1175 1559 1197 de
1575 1174 1758 1203 Mori-strelet-5
1771 1175 1799 1203 V,
1816 1175 1846 1197 58
1862 1183 1920 1206 sqq.
1935 1188 1965 1191 —
1980 1174 2004 1199 2.
2022 1174 2121 1198 Ultimo

252 1226 294 1241 nn.
312 1218 373 1242 1420
388 1218 549 1241 nominatur.
567 1218 635 1246 1421,
655 1218 780 1242 Novemb.
794 1219 832 1246 28,
847 1218 903 1250 jam
920 1219 1059 1241 defunctus
1077 1221 1142 1247 erat,
1157 1221 1182 1241 et
1199 1217 1364 1241 Universitas
1382 1225 1431 1248 pro
1447 1217 1493 1240 illo
1512 1218 1650 1241 servitium
1663 1219 1775 1242 faciebat
1791 1219 1869 1248 (Bibl.
1886 1222 1940 1242 nat.
1956 1219 2052 1247 Paris„
2068 1227 2118 1242 ms.

252 1263 298 1286 lat.
313 1263 382 1292 5494,
395 1271 422 1294 p.
438 1263 471 1294 4).
482 1258 548 1287 —'3.
559 1263 682 1286 Nicolaus
696 1263 728 1286 de
743 1263 834 1294 Logia.
847 1277 878 1280 —
888 1263 913 1288 4.
925 1263 1054 1294 Tempore
1069 1271 1210 1294 processus
1226 1262 1363 1285 Johannae
1378 1261 1463 1291 d'Arc,
1478 1262 1535 1293 ipse
1549 1263 1605 1291 suit,
1621 1263 1689 1286 sicut
1703 1263 1836 1286 ,lohannes
1855 1263 2023 1293 Columbessi,
2038 1264 2120 1287 advo-

252 1310 326 1330 catus
344 1307 433 1331 curiae
452 1307 545 1332 eccles.
559 1308 745 1338 Rotomugens.
769 1307 827 1330 Vid.
850 1308 1050 1336 Bmumzunoe,
1068 1307 1149 1332 Notes
1161 1314 1213 1332 sur
1231 1307 1269 1332 les
1277 1309 1372 1338 juaes,
1394 1312 1453 1339 etc.⁷
1472 1310 1511 1333 du
1527 1309 1624 1338 proee's
1645 1309 1678 1332 de
1701 1308 1807 1333 Jeanne
1828 1308 1922 1337 cl'Arc,
1942 1317 1969 1339 p.
1985 1309 2064 1331 97-98.
2091 1322 2117 1326 -

251 1351 275 1377 5.
291 1352 341 1375 Seu
352 1352 440 1383 potius
454 1352 638 1383 vicesgerenti,
653 1352 729 1375 Petro
745 1352 776 1375 de
792 1352 925 1383 Dierreyo.
940 1352 998 1376 Vid.
1015 1360 1097 1383 supra
1112 1358 1141 1376 n⁰
1151 1353 1221 1376 2154.

250 1521 395 1558 2157.
424 1530 598 1556 Universitas
614 1530 710 1555 Paris.
729 1539 743 1555 «
760 1530 863 1555 eximie
877 1530 1082 1564 generositatis
1096 1539 1130 1555 ac
1142 1530 1298 1566 perlustris
1320 1530 1526 1556 dominationis
1538 1531 1702 1566 prepotenti
1720 1530 1847 1566 principi
1862 1539 1896 1555 ae
1913 1529 2026 1555 domino
2042 1531 2116 1555 Bra-

339 1579 439 1605 bancie
459 1583 486 1605 et
507 1579 543 1605 de
561 1579 716 1613 Leniburgo
737 1579 795 1614 (sic)
813 1579 887 1612 duel,
907 1580 1058 1615 comitique
1074 1580 1235 1614 IIunnonie,
1253 1579 1411 1605 Hollandie
1431 1584 1458 1605 et
1474 1579 1613 1605 Zelandie
1632 1580 1765 1615 sacrique
1784 1580 1897 1615 imperii
1917 1579 2112 1613 marchioni»,

335 1628 458 1654 Iohanni
474 1630 518 1654 IV
527 1628 736 1654 recommendat
751 1628 906 1654 Iohannem
926 1628 961 1654 de
980 1630 1107 1663 Wermer,
1131 1629 1159 1654 in
1177 1633 1233 1655 art.
1251 1638 1337 1663 mag„
1356 1629 1483 1654 nationis
1499 1638 1513 1654 «
1527 1629 1681 1654 Alamanie
1695 1638 1710 1654 »
1723 1633 1947 1664 procuratorem,
1968 1638 1986 1653 α
2001 1632 2116 1664 septen-

337 1678 384 1703 nio
399 1677 558 1703 studentem
580 1677 750 1711 theologiae,
769 1678 815 1703 cui
837 1678 863 1702 in
878 1678 978 1713 patria
1001 1677 1177 1703 Hollancliae
1195 1678 1313 1713 patroni
1337 1677 1476 1703 ecclesiae
1497 1682 1616 1703 curatae
1632 1677 1667 1703 de
1695 1679 1814 1703 Wermer
1829 1677 1864 1703 de
1882 1679 2022 1713 praefata
2046 1686 2115 1702 cura

333 1726 531 1762 providerunt;
545 1730 688 1752 conservet
697 1730 836 1762 patronos
853 1727 881 1752 in
894 1735 945 1752 suo
955 1727 1031 1762 jure.
1048 1727 1157 1753 Datum
1171 1728 1310 1761 Parysius,
1326 1729 1380 1753 etc.
1399 1737 1412 1751 <t
1428 1727 1623 1753 Illustrissime
1639 1728 1773 1760 princeps
1829 1727 1999 1753 vestrorum
2014 1734 2115 1760 proge-

337 1776 470 1802 nitorum
486 1786 511 1801 ».

1219 1812 1286 1841 7419,
1302 1811 1418 1838 Decemb.
1438 1813 1561 1841 16-1420,
1579 1812 1652 1844 april.
1674 1813 1696 1841 7,
1711 1813 1826 1838 Parisiis.

339 1899 454 1923 Minuta
468 1899 583 1922 chartae.
599 1899 626 1922 in
642 1899 718 1924 Arch.
733 1903 787 1922 nat.
802 1900 898 1929 Paris.‚
914 1900 937 1923 Μ
953 1900 1003 1928 65¹2,
1019 1905 1047 1922 n⁰
1063 1901 1090 1923 72
1103 1900 1175 1930 (olim
1187 1901 1215 1923 A.
1229 1901 1251 1924 3.
1268 1901 1336 1932 aaa).
1348 1901 1522 1924 —Johannes
1533 1901 1650 1924 Wermer
1662 1901 1708 1923 illo
1725 1901 1811 1924 solum
1825 1904 1942 1932 tempore
1955 1904 2112 1932 procurator

246 1944 359 1967 nationis
373 1945 491 1967 Aleman.
506 1944 564 1968 fuit.

245 2068 390 2104 2158.
417 2077 535 2102 Carolus
564 2078 601 2102 V!
618 2076 658 2102 ad
680 2077 876 2112 praepositum
899 2077 993 2102 Paris.
1016 2076 1147 2112 aliosque
1167 2077 1349 2112 justiciarios
1370 2078 1488 2113 exponit
1508 2077 1654 2112 querelam
1680 2077 1878 2103 Universitatis
1900 2079 2004 2111 Paris,
2023 2078 2107 2113 quod,

334 2126 460 2162 quamvis
479 2126 610 2160 magistri
625 2130 652 2152 et
669 2127 820 2162 supposita
836 2135 888 2162 per
899 2126 1054 2162 privilegia
1069 2126 1149 2160 regia
1165 2126 1223 2151 sint
1238 2126 1322 2152 liberi
1339 2126 1376 2152 ab
1394 2126 1524 2152 omnibus
1540 2126 1779 2162 impositionibus,
1799 2136 1817 2152 α
1831 2131 1915 2161 gueto
1934 2131 1961 2152 et
1978 2127 2110 2152 custodia

330 2179 488 2211 portarumy
504 2175 689 2201 nihilominus
705 2184 723 2200 a
738 2175 849 2200 duobus
864 2175 976 2200 circiter
991 2176 1075 2200 annis
1085 2184 1138 2211 per
1149 2176 1360 2210 quui-tenarius,
1375 2179 1437 2209 etc„
1454 2176 1579 2201 civitatis
1595 2177 1688 2201 Puris.
1704 2176 1868 2210 obligantur
1882 2178 1980 2210 fucere
1994 2180 2108 2210 guetum

333 2224 380 2250 die
395 2228 543 2259 noctuque,
569 2228 595 2250 et
612 2224 780 2250 obsistentes
795 2233 888 2260 poena
899 2224 1072 2260 pecuniaria
1085 2224 1253 2260 puniuntur.
1268 2226 1331 2250 lam
1349 2224 1475 2250 studium
1492 2233 1577 2260 «par
1599 2224 1624 2250 lc
1646 2225 1704 2259 fait
1722 2225 1756 2250 cle
1768 2234 1885 2259 guerr-es
1901 2229 1928 2250 et
1943 2225 2107 2250 mor-talete:

333 2274 382 2309 qui
397 2278 444 2299 ont
459 2274 518 2299 este'
538 2274 557 2299 ὰ
572 2274 665 2307 Paris,
693 2277 735 2299 est
757 2277 814 2299 tres
835 2273 1023 2307 grandement
1039 2273 1166 2299 diminue'
1182 2283 1206 2300 ».
1226 2275 1430 2309 Supponuntur
1450 2274 1537 2299 etiam
1561 2273 1801 2309 impositionibus.
1826 2274 1887 2299 Rex
1906 2275 2058 2309 suppo-sila
2081 2278 2107 2299 et

332 2332 391 2349 vere
413 2322 560 2348 studentes
583 2322 689 2348 noviter
704 2323 817 2356 eximit;
834 2322 1009 2348 adhibeatur
1029 2322 1104 2356 sides
1126 2322 1231 2348 litteris
1254 2323 1467 2357 certifieatoriis
1489 2323 1616 2356 rectoris,
1640 2327 1667 2348 et
1685 2331 1779 2358 poena
1797 2324 1969 2358 pecuniaria
1984 2323 2107 2357 singulis

332 2422 380 2447 xlss.
399 2431 412 2445 t(
426 2421 524 2447 Nostre
544 2422 600 2446 tres
615 2419 709 2447 chiere
725 2430 749 2446 ›>.

1460 2457 1531 2486 7420,
1548 2456 1639 2488 Aprilis
1654 2457 1690 2485 18,
1707 2457 1821 2482 Parisiis.

335 2545 470 2576 Originale
486 2544 511 2567 in
526 2544 604 2567 Arch.
626 2544 747 2567 Univers.
769 2544 862 2572 Puris„
882 2544 948 2567 thee.
970 2545 1001 2571 ΙΙ,
1019 2545 1047 2568 Α.
1065 2547 1086 2567 5.
1105 2545 1143 2572 sf.;
1161 2547 1186 2567 et
1205 2544 1308 2567 litterae
1328 2544 1442 2567 insertae
1457 2544 1585 2574 epistolae
1602 2544 1687 2566 Caroli
1704 2544 1745 2572 Vl,
1766 2543 1849 2574 April.
1866 2545 1895 2566 25
1911 2545 1948 2573 (Α.
1966 2546 1987 2567 5.
2005 2547 2060 2575 gg).
2076 2558 2103 2562 —

241 2590 355 2614 Reeueil
368 2591 415 2614 des
427 2589 576 2619 privileyes
590 2590 624 2612 (Ie
639 2589 821 2616 l'Unz'versite',
839 2597 865 2619 p.
880 2589 919 2612 93.
940 2589 1064 2613 Ordonn.
1081 2591 1125 2613 des
1141 2589 1207 2617 rois,
1225 2589 1266 2613 xl.
1283 2597 1309 2619 p.
1326 2589 1365 2611 80.
1381 2602 1410 2606 —
1426 2588 1509 2619 April.
1524 2589 1552 2611 25
1569 2588 1678 2611 Carolus
1692 2589 1724 2610 VI
1742 2589 1847 2611 easdem
1861 2588 1962 2611 litteras
1978 2589 2105 2620 epistolae

241 2635 273 2657 ud
289 2634 468 2665 praepositum
486 2633 568 2657 Paris.
581 2633 681 2662 inserit,
694 2633 777 2656 eidem
791 2633 960 2665 injungendo,
976 2637 1004 2656 ut
1016 2634 1117 2656 litteras
1134 2637 1193 2656 ante
1209 2633 1274 2655 duos
1288 2641 1370 2655 annos
1382 2633 1466 2655 editas
1479 2642 1491 2653 (ι
1504 2641 1535 2655 en
1551 2633 1589 2655 laz
1601 2633 1632 2655 du
1649 2640 1709 2663 soye
1720 2636 1745 2655 et
1756 2633 1808 2655 cire
1819 2633 1891 2661 verd,
1904 2641 1953 2664 par
1965 2634 2105 2664 lesquelles

241 2696 269 2703 ...
286 2687 350 2701 nous
366 2679 423 2701 leur
445 2686 526 2701 avons
551 2679 692 2709 consol-me,
713 2678 809 2701 ratitfie'
829 2682 853 2701 et
873 2680 1008 2709 approuve
1028 2678 1098 2701 leurs
1119 2677 1272 2709 privileges,
1295 2677 1441 2700 tranchises
1459 2686 1479 2704 u,
1496 2681 1556 2702 etc..
1575 2677 1607 2699 ad
1628 2680 1776 2707 requestam
1792 2677 1977 2700 Universitatis
2000 2679 2104 2701 tandem

241 2723 366 2755 publicet.
385 2732 396 2746 ((
410 2723 503 2746 Nostre
517 2725 569 2745 tr'cs
585 2722 661 2745 chere
679 2731 700 2745 l).
717 2722 853 2753 Originale
870 2723 895 2745 in
910 2723 987 2746 Areh.
1004 2722 1128 2746 Univers.
1143 2722 1237 2749 Paris„
1253 2722 1319 2745 thee.
1336 2722 1367 2749 ll,
1388 2723 1416 2746 A.
1433 2724 1455 2744 5.
1469 2730 1513 2752 gg.
1529 2735 1555 2738 —
1575 2721 1671 2751 Titres,
1688 2722 1807 2750 charte&
1824 2722 1918 2746 lettres
1930 2727 2058 2752 patentes
2071 2725 2105 2747 de

242 2774 308 2798 roys
321 2769 355 2792 de
366 2768 474 2792 France
527 2771 699 2791 concernunt
713 2784 741 2790 ...
757 2767 937 2792 l'Universite'
946 2768 978 2791 de
992 2768 1088 2791 Reims
1102 2767 1190 2797 (1718),
1207 2775 1232 2797 p.
1249 2767 1288 2789 45.
1306 2766 1402 2789 Deinde
1418 2766 1443 2788 in
1459 2765 1561 2788 duobus
1576 2765 1713 2796 impressis
1730 2769 1757 2788 ut
1771 2774 1860 2797 supra.
