2502 3418
430 332 495 363 216
1012 342 1331 363 CHARTULARIUM
1366 341 1557 364 UNIVERS.
1594 341 1722 362 mnis.
2199 328 2297 364 [1411

520 415 669 448 Curia...
692 427 756 460 per
784 427 888 448 suum
911 415 1088 459 judicium
1117 415 1233 448 dictos
1259 421 1400 447 actores
1428 415 1464 446 in
1494 414 1730 459 possessione
1759 420 1794 446 et
1821 413 1955 446 saisina
1982 413 2161 447 habendis
2190 426 2298 459 posse

431 493 618 514 recursum
636 482 679 514 ad
695 482 987 526 jurisdictionem.
1011 481 1179 525 laycalem
1199 488 1234 514 et
1249 481 1383 513 ibidem
1407 492 1494 513 suos
1511 480 1697 513 debitores
1715 479 1958 512 conveniendi
1975 492 2040 524 pro
2058 480 2299 525 pensionibus

431 555 466 580 et
485 549 680 593 arreragiis
702 549 861 593 ipsarum
883 548 1019 581 eisdem
1043 548 1176 580 debitis
1198 554 1231 580 et
1252 547 1332 580 aliis
1353 547 1499 580 casibus
1521 547 1658 579 eisdem
1682 546 1872 591 permissis
1889 552 1925 578 et
1944 546 2071 587 licitis3
2094 547 2130 579 in
2151 559 2299 592 posses-

431 615 534 647 sione
549 621 584 647 et
601 615 776 648 saisina...
791 614 888 659 quod
906 615 1024 647 dictus
1039 614 1252 646 defensor...
1268 614 1384 646 dictos
1402 613 1562 646 scolares
1581 613 1736 657 priorem
1751 612 1807 645 vel
1825 612 2055 657 subpriorem
2073 613 2109 646 in
2127 621 2297 658 quantum

432 681 594 714 scolares
611 693 628 714 a
646 681 741 713 dicto
759 680 915 725 collegio
934 680 1071 725 absque
1088 692 1193 713 causa
1206 681 1304 724 justa
1322 686 1357 712 et
1373 679 1578 712 rationabili
1596 691 1788 723 quousque
1806 690 1894 711 suos
1911 679 2047 724 gradus
2063 680 2099 712 in
2116 680 2300 726 theologia

431 748 717 792 acquisissent...
741 759 941 786 removere,
969 758 1111 779 necnon
1138 746 1235 791 quod
1261 745 1329 778 sub
1352 752 1517 790 pretextu
1540 746 1637 790 quod
1663 746 1699 777 in
1726 745 1823 778 dicto
1844 745 2002 791 collegio
2025 746 2111 779 dicti
2138 747 2299 781 scolares

432 814 522 846 ultra
546 814 834 858 quinquennium
857 814 1088 853 mansissent,
1112 812 1155 845 ab
1175 825 1217 845 eo
1239 824 1303 845 seu
1326 812 1369 844 de
1391 824 1516 844 eorum
1540 812 1662 844 bursis
1684 812 1785 856 ipsos
1807 812 1962 856 privare,
1988 814 2300 847 excommunicare

430 880 487 913 vel
513 880 600 913 alias
628 880 820 912 molestare
849 891 913 912 seu
942 879 1118 923 impedire
1148 885 1327 923 posset...,
1358 879 1604 923 prefatamque
1631 878 1911 911 Universitatem
1940 879 1976 911 in
2004 880 2241 924 possessione
2266 887 2301 914 et

431 947 564 979 saisina
587 947 744 991 prefatos
766 946 938 990 priorem,
956 945 1187 990 subpriorem
1209 951 1243 977 et
1264 944 1424 977 scolares
1449 945 1485 976 in
1513 944 1815 989 possessionibus
1841 945 2015 990 predictis
2041 947 2300 980 manutenendi

432 1020 466 1046 et
486 1013 768 1046 conservandi...
793 1018 999 1044 manutenet
1022 1018 1057 1044 et
1072 1018 1319 1044 conservat....
1343 1013 1540 1056 Ipsumque
1562 1011 1792 1044 defensorem
1811 1012 1854 1044 ad
1876 1012 2091 1046 solvendum
2116 1013 2222 1047 dictis
2243 1026 2300 1047 ac-

430 1079 572 1112 toribus
594 1091 658 1124 pro
680 1079 876 1123 arreragiis
898 1078 1088 1123 pensionis
1110 1078 1196 1111 dicti
1218 1078 1415 1111 decanatus
1437 1078 1481 1110 de
1503 1077 1655 1119 Paredo,
1679 1090 1744 1111 sue
1765 1090 1891 1111 mense
1912 1079 2018 1121 uniti,
2042 1091 2216 1113 summam
2239 1078 2313 1114 dui

430 1153 614 1178 centarum
636 1146 818 1190 octoginta
841 1157 904 1178 sex
924 1145 1007 1177 libr.
1026 1145 1135 1190 paris.
1158 1151 1191 1177 et
1208 1145 1250 1177 ad
1268 1145 1380 1189 ipsam
1405 1151 1509 1190 prout
1528 1151 1648 1177 cetere
1671 1145 1868 1189 pensiones
1886 1145 1973 1179 dicti
1994 1146 2141 1192 collegii
2162 1147 2299 1181 exsolvi

430 1219 695 1245 consueverant
716 1212 996 1244 continuandam
1019 1218 1054 1244 et
1074 1212 1329 1244 exsolvendam
1357 1212 1493 1256 (ipsum
1517 1211 1749 1244 defensorem
1775 1224 1793 1245 a
1820 1212 1924 1257 penis
1945 1214 2137 1246 occasione
2159 1214 2302 1259 predic-

431 1286 547 1312 torum
570 1278 835 1323 arreragiorum
859 1291 931 1311 non
954 1278 1155 1311 solutorum
1179 1278 1346 1311 obventis
1368 1278 1565 1311 relevando
1583 1285 1618 1311 et
1634 1290 1676 1311 ex
1693 1280 1824 1322 causa),
1843 1286 1878 1312 et
1897 1280 2002 1312 etiam
2020 1280 2064 1313 ad
2085 1280 2302 1314 solvendum

431 1346 526 1378 dicto
552 1345 677 1390 priori,
701 1345 840 1378 ratione
863 1345 1052 1390 pensionis
1078 1345 1195 1377 eidem
1218 1345 1410 1378 occasione
1438 1345 1494 1377 sui
1518 1345 1627 1378 officii
1648 1345 1783 1380 debite.
1807 1346 2042 1379 ducentarum
2070 1347 2196 1380 decem
2217 1347 2300 1381 libr.

430 1412 538 1456 paris.
562 1424 756 1450 summam3
780 1412 967 1456 ipsamque
992 1412 1203 1456 pensionem
1227 1412 1339 1457 priori
1363 1412 1500 1456 prefato
1525 1419 1697 1456 quantum
1716 1412 1752 1445 in
1775 1412 1870 1446 dicto
1897 1413 2015 1446 officio
2037 1414 2106 1447 erit
2131 1426 2196 1447 seu
2222 1416 2302 1460 ejus

430 1478 722 1519 successoribus,
750 1491 789 1511 ac
816 1479 1031 1523 pensionem
1059 1479 1182 1511 decem
1213 1478 1337 1511 librar.
1369 1485 1559 1511 turonens.
1586 1479 1756 1512 decetero
1785 1479 1926 1524 phisico
1949 1480 2036 1513 dicti
2064 1480 2212 1526 collegii
2240 1493 2302 1515 ex-

429 1545 640 1578 solvendam
664 1552 698 1577 et
718 1545 1016 1585 continuandam,
1039 1557 1183 1578 necnon
1204 1545 1322 1590 ipsum
1350 1545 1582 1578 defensorem
1612 1558 1676 1591 per
1701 1547 1903 1591 captionem
1933 1559 1998 1580 sue
2026 1548 2302 1593 temporalitatis

429 1612 472 1644 ad
492 1611 695 1644 faciendum
719 1623 783 1644 seu
805 1611 883 1644 fieri
904 1612 1108 1644 faciendum
1130 1612 1378 1657 reparationes
1396 1612 1482 1645 dicti
1503 1612 1651 1657 collegii
1669 1619 1737 1646 tam
1756 1625 1820 1658 pro
1838 1619 2000 1658 tempore
2017 1615 2179 1659 presenti
2195 1627 2300 1660 quam

429 1690 493 1723 pro
515 1679 635 1710 futuro
657 1678 938 1723 condempnavit.
958 1685 993 1711 et
1013 1678 1311 1723 condempnat....

518 1746 790 1778 Pronuntiatum
814 1746 872 1778 die
894 1746 957 1790 vija
979 1745 1203 1790 Septembris
1225 1758 1319 1778 anno
1343 1747 1486 1778 Domini
1510 1747 1824 1780 M⁰CCCC⁰X1¹¹¹⁰.
1846 1768 1889 1772 —
1911 1748 2074 1789 ΒΑΗ-Μετ’,
2098 1750 2298 1782 ΝΑΝΤΕΗΒΕ.

523 1844 598 1866 Arch.
616 1847 669 1866 nat.
686 1843 779 1870 Paris„
799 1844 844 1866 ΧΗ
860 1845 897 1871 58,
915 1844 959 1866 sol.
976 1844 1086 1866 2168-27la.
1109 1844 1145 1866 Ad
1167 1844 1228 1867 haec
1248 1844 1300 1867 vid.
1321 1844 1365 1866 X¹¹²
1379 1844 1447 1868 1479.
1468 1845 1513 1868 sol.
1529 1844 1596 1874 1721’,
1613 1845 1657 1868 ubi
1680 1845 1770 1868 eadem
1794 1845 1931 1868 sententia.
1952 1846 1981 1868 In
1997 1846 2021 1868 M
2036 1847 2086 1875 65⁸,
2104 1850 2133 1869 n⁰
2147 1846 2201 1874 136,
2218 1850 2302 1870 exstat

430 1887 544 1918 epistola
559 1887 747 1910 Universitatis
768 1888 800 1910 ad
821 1888 943 1910 abbatem
960 1888 1136 1913 Cluniacons..
1152 1888 1177 1911 in
1194 1897 1244 1919 qua
1260 1888 1324 1911 dicit
1344 1888 1549 1912 Universitutem
1567 1898 1582 1912 a
1599 1889 1720 1921 collegiis
1738 1890 1877 1921 potissime
1897 1891 2041 1913 tomentum
2056 1890 2186 1921 1·ecipere;
2208 1891 2302 1915 scribit

430 1935 521 1955 contra
537 1932 668 1961 abbatem,
682 1932 725 1963 qui
741 1933 771 1955 de
790 1932 877 1963 priore
890 1933 999 1963 Collegii
1015 1933 1157 1956 Parisiens.
1171 1933 1204 1956 ad
1220 1941 1297 1956 suum
1313 1933 1419 1956 libitum
1435 1934 1565 1965 disponit:
1580 1938 1657 1965 rogat
1672 1938 1700 1958 ut
1713 1935 1847 1958 scholares
1864 1935 1889 1957 in
1903 1935 1989 1966 quiete
2004 1937 2029 1958 et
2043 1943 2108 1966 pace
2123 1935 2265 1967 relinquat.

523 2016 547 2040 1.
564 2017 689 2040 Defensor
702 2016 784 2039 abbas
798 2016 888 2047 objicit
902 2025 980 2039 onera
996 2017 1060 2048 ejus,
1080 2018 1173 2041 deinde
1189 2021 1316 2041 statutum
1332 2018 1470 2041 Bertrnndi
1487 2027 1554 2042 anno
1571 2019 1629 2042 1301
1647 2019 1746 2042 editum
1762 2023 1787 2042 et
1801 2027 1843 2042 an.
1861 2020 1921 2042 1383
1941 2020 2125 2043 confirmatum
2141 2028 2189 2051 per
2201 2020 2299 2044 diffini-

430 2064 509 2084 tores.
526 2061 583 2084 scil.
600 2061 669 2092 quod
691 2061 799 2083 scolaris
822 2061 848 2083 in
864 2061 933 2084 dicto
949 2062 1042 2093 colleg.
1059 2070 1110 2085 non
1128 2063 1288 2093 reciperetur
1306 2062 1356 2085 nisi
1374 2063 1448 2094 prius
1465 2063 1498 2086 ub
1513 2064 1609 2087 abbate
1624 2064 1743 2087 Cluniae.
1764 2072 1810 2087 seu
1830 2064 1955 2095 deputato
1974 2064 2007 2087 ab
2025 2064 2084 2095 ipso
2103 2065 2299 2088 examinaretur

430 2108 454 2128 et
470 2105 598 2128 sufficiens
612 2105 637 2127 in
655 2105 899 2136 grammaticalibus
915 2106 947 2128 ad
966 2106 1124 2129 audiendum
1138 2107 1335 2138 philosophiam
1351 2115 1397 2130 seu
1412 2108 1526 2139 logicam
1542 2109 1703 2140 reperiretur
1719 2110 1762 2138 (cf.
1783 2109 1921 2135 chartul..
1938 2109 1981 2137 ΙΙΙ,
1999 2117 2026 2140 p.
2042 2109 2107 2139 3111),
2121 2112 2215 2140 postea
2231 2109 2299 2133 diffi-

430 2149 553 2172 nitionem
571 2149 632 2172 anni
649 2150 718 2178 1399,
734 2157 812 2180 quam
826 2149 915 2172 videas
932 2155 961 2172 n⁰
977 2151 1045 2173 1758.

437 2298 557 2334 1931
569 2327 576 2334 .
603 2307 764 2343 Capitulum
781 2308 965 2334 Cisterciense
981 2309 1120 2344 quosdam
1136 2310 1282 2336 scholar-es
1296 2311 1410 2346 collegii
1428 2313 1452 2338 S.
1470 2311 1614 2337 Ber-nardi
1627 2315 1746 2348 propter
1761 2312 1959 2338 commotiones
1975 2316 2094 2338 revocat.

1612 2399 1675 2428 1417.
1691 2399 1818 2431 Septemb.
1838 2401 1872 2429 12,
1890 2400 2013 2426 eistensi.

521 2483 611 2524 Quia
637 2483 851 2515 scandalose
883 2484 1137 2516 commotionis
1169 2485 1205 2517 in
1236 2486 1358 2519 studio
1390 2487 1424 2520 S.
1457 2488 1633 2520 Bernardi
1666 2488 1778 2521 Paris.
1814 2488 2043 2521 occasionem
2076 2488 2301 2533 prebuerunt

431 2549 559 2581 fratres
584 2549 767 2581 Johannes
796 2549 839 2582 de
866 2550 968 2589 Alna,
998 2551 1175 2583 Henricus
1206 2552 1249 2584 dc
1270 2553 1398 2586 Villari
1427 2560 1461 2586 et
1484 2553 1669 2587 Johannes
1698 2554 1742 2587 de
1770 2554 1932 2595 Badello,
1961 2554 2122 2588 scolares
2148 2554 2296 2597 ibidem,

432 2614 623 2647 abbatibus
644 2616 843 2648 eorundem
866 2617 1167 2650 monasteriorum
1191 2619 1386 2664 precipit...
1404 2620 1575 2664 generale
1597 2620 1816 2665 Capitulum,
1836 2621 2006 2666 quatinus
2022 2622 2114 2654 infra
2135 2633 2298 2654 mensem

432 2693 449 2713 a
472 2681 716 2714 notificatione
738 2683 921 2727 presentis
943 2683 1170 2717 diffinitionis
1193 2684 1262 2717 sibi
1283 2686 1373 2718 facta
1395 2686 1548 2730 quilibet
1568 2687 1679 2720 abbas
1706 2699 1810 2720 suum
1833 2694 1978 2721 revocet
2003 2700 2019 2720 a
2043 2687 2138 2720 dicto
2160 2688 2295 2728 studio,

433 2759 498 2779 nec
520 2748 635 2792 ipsum
659 2748 745 2781 illuc
768 2749 923 2782 remittat
944 2749 1081 2794 absque
1103 2750 1219 2794 ipsius
1241 2752 1388 2796 capituli
1410 2752 1555 2786 licentia
1577 2761 1611 2786 et
1632 2766 1828 2787 consensu.

525 2845 634 2868 Constit.
658 2849 682 2868 et
704 2846 788 2876 Capp.
812 2854 870 2876 gen.
892 2846 1000 2870 Cisterc.
1022 2847 1047 2870 in
1064 2848 1140 2871 Arch.
1162 2852 1245 2871 status
1264 2850 1383 2878 Luzern..
1401 2851 1464 2873 Cod.
1486 2855 1514 2873 11⁰
1536 2852 1589 2880 54¹«,
1609 2852 1642 2880 ll,
1658 2860 1684 2882 p.
1703 2852 1754 2875 135.
1778 2853 1854 2875 Deest
1873 2852 1897 2874 in
1921 2852 2079 2875 Coltevtione
2097 2860 2141 2883 ap.
2157 2851 2300 2875 MAR'rizNE-

432 2889 554 2918 Diuum),
572 2889 648 2913 Thes.
663 2896 723 2913 nov.
739 2892 846 2917 anecd..
861 2891 903 2923 lv,
922 2891 989 2914 1555.
