2502 3418
273 319 370 356 1445]
617 332 662 353 ΑΒ
697 332 801 353 ΑΝΝο
835 331 1120 354 MCCCLxxxxiv
1154 331 1284 359 USQUE
1319 332 1366 352 An
1399 332 1536 353 ANNUM
1572 333 1779 355 noceant.
2064 325 2125 356 661

270 406 340 438 parti
357 407 599 438 Armugniacorum,
615 414 659 429 seu
674 406 761 430 Caroli
773 407 828 430 Vll.
842 406 915 430 Certe
930 409 1021 437 postea
1035 409 1123 437 partes
1138 414 1246 429 suorum
1260 406 1285 428 in
1298 406 1475 429 Universitnte
1491 406 1653 437 collegarum
1668 410 1771 430 secutus
1785 411 1833 431 est.
1849 409 1986 431 Praeterea
1996 409 2128 432 Johannes

271 452 391 475 Chusfnrt
409 452 486 475 Petro
503 451 625 475 Cauchon
642 454 781 482 suspectus
796 451 853 478 fuit,
870 451 931 473 licet
945 454 1054 474 conatus
1071 451 1105 473 sit
1119 450 1175 473 sieri
1191 450 1365 473 cancellarius
1383 451 1510 473 Isabellae
1530 451 1624 474 viduae
1638 452 1726 475 Caroli
1745 452 1786 475 w.
1809 453 1872 475 Nam
1890 453 1937 475 hoc
1954 454 2014 476 fecit
2033 462 2082 476 uon
2103 457 2131 476 ut

270 497 416 519 adhaerens
430 495 499 527 parti
513 496 823 527 Anglo-Burgundorum,
838 495 883 518 sed
896 495 966 526 quia,
980 499 1008 518 ut
1024 503 1105 526 supra
1118 495 1254 524 scribitur,
1268 495 1301 518 ad
1317 495 1412 518 altiora
1425 495 1557 519 tendehat.
1574 496 1693 518 Chuss‘art
1709 496 1757 519 suit
1770 496 1847 519 honio
1863 497 2027 526 ambitiosus,
2044 502 2069 521 ot
2083 499 2131 521 hoc

271 541 429 564 monstravit
448 544 501 564 tam
523 540 549 563 in
567 540 743 563 cumulatione
763 540 958 568 beneficiorum,
974 548 1052 571 quani
1073 539 1098 562 in
1119 539 1283 562 assecutione
1300 542 1325 562 et
1347 539 1430 562 tenaci
1453 540 1655 563 conservacione
1670 541 1872 564 cancellariatus
1887 542 1950 565 cccl.
1973 543 2055 566 Paris.
2078 544 2131 565 lIoc

271 586 349 609 etiam
365 586 497 609 Gerurdus
511 585 621 608 Macheti
636 585 701 608 dixit
716 584 777 614 (vid.
795 593 886 615 supra,
899 589 926 607 n⁰
939 586 1008 612 2550,
1023 586 1096 614 not.).
1113 585 1209 615 Utique
1225 584 1303 607 etiam
1317 592 1346 607 ex
1360 584 1502 607 ambitione
1518 585 1656 615 processit,
1669 585 1690 607 si
1704 585 1836 608 Johannes
1853 586 1971 609 Chuffart
1990 590 2130 610 tractatum

271 631 393 654 Trecens.
413 630 568 661 acceptavit.
589 629 726 652 Caeterum
746 629 800 652 vid.
823 637 904 660 supra
928 628 1178 653 Introductionem.
1199 643 1230 646 —
1249 628 1273 653 6.
1291 629 1405 652 ,lacobus
1425 629 1560 652 Juvenalis
1583 629 1628 652 des
1650 629 1752 657 Ursins,
1779 630 1823 661 qui
1847 630 1925 653 ctiam
1948 631 1997 654 fuit
2018 632 2131 654 decanus

271 675 435 703 Belvaeens„
449 674 482 697 ab
496 683 538 698 un.
553 675 621 702 1444,
638 673 710 697 Junii
724 674 762 703 25,
779 673 994 704 archiepiscopus
1011 674 1130 697 Reincns.
1148 673 1211 702 (vid.
1229 673 1402 702 Ριὲωιελᾋκι),
1418 674 1488 697 Jean
1505 674 1626 698 Juve'nal
1640 675 1685 699 des
1703 674 1808 703 Ursins‚
1823 683 1850 705 p.
1868 676 1912 697 216
1928 684 1978 706 sq..⁸
1994 677 2038 698 220
2054 679 2131 707 sqq.).

271 719 331 743 Fuit
345 719 523 742 archidiacon.
540 718 623 742 Paris.
638 721 662 741 et
678 721 738 741 tunc
753 718 832 741 etiam
848 718 1014 749 vicesgerens
1031 718 1234 742 conservatoris.
1251 732 1277 735 —
1294 717 1317 742 7,
1334 718 1392 741 Vid.
1416 718 1449 741 „is
1464 719 1534 747 2533,
1551 720 1620 742 2584.
1636 733 1666 736 —
1681 719 1705 744 8.
1726 719 1763 742 Ex
1780 719 1857 742 dictis
1873 720 1964 751 liquet,
1982 721 2085 743 Petrum
2102 722 2132 743 dc

271 764 397 787 versaliis
421 772 471 787 non
493 764 549 787 sine
570 763 688 787 Johanne
707 763 843 786 ,luvenalis
866 771 909 786 an.
931 763 1000 793 1420,
1020 764 1074 786 Jul.
1097 765 1119 792 3,
1141 764 1237 786 sactum
1256 763 1337 786 fuisse
1357 763 1480 786 abbatem
1500 764 1526 787 S.
1547 764 1638 787 Crucis
1659 764 1847 787 Talmundens.
1868 765 1911 794 (cf.
1934 773 2015 796 supra
2036 774 2060 796 p.
2078 767 2132 796 224,

271 812 325 833 not.
341 809 390 839 11).

272 931 415 968 2598.
440 941 526 966 Natio
547 941 687 967 Franciae
707 950 738 966 se
760 941 877 976 opponit
896 949 963 966 novo
984 940 1158 966 cancellario
1176 942 1203 966 S.
1225 942 1382 974 Genovesae
1397 940 1521 966 Joltanni
1535 940 1571 966 de
1586 942 1684 975 Puteo,
1709 940 1843 977 Philippo
1858 941 1973 976 Anglicl
1991 942 2133 968 auxilium

360 989 543 1024 conferendo.

1529 1026 1604 1055 7445,
1620 1026 1682 1052 Maii
1691 1027 1716 1057 4,
1733 1027 1848 1053 Parisiis.

361 1113 428 1148 Die
449 1113 574 1147 martis
595 1120 719 1159 quarta
741 1114 825 1146 Maii
846 1113 1013 1146 facultate
1034 1113 1163 1146 artium
1185 1120 1380 1146 convocata
1401 1113 1438 1146 in
1460 1114 1494 1146 S.
1514 1114 1693 1147 Maturino
1714 1115 1758 1147 ad
1780 1115 2029 1160 recipiendum
2052 1128 2133 1149 can-

271 1181 457 1214 cellarium
485 1187 521 1214 et
549 1181 876 1214 subcancellarium
907 1181 941 1213 S.
970 1181 1171 1222 Genovefe‚
1194 1180 1339 1213 natione
1367 1181 1542 1221 [Francie]
1570 1181 1747 1214 existente
1778 1182 1814 1214 in
1844 1182 1923 1215 loco
1945 1182 2068 1216 debito
2089 1183 2132 1216 ad

271 1248 560 1289 deliberandum,
583 1248 666 1293 quia
690 1260 753 1293 per
773 1247 938 1281 abbatem
962 1248 995 1280 S.
1015 1248 1221 1281 Genovese¹
1245 1254 1474 1292 presentatus
1499 1248 1616 1280 suerat
1640 1249 1783 1292 quidam
1806 1261 1879 1281 non
1899 1250 2131 1295 graduatus²,

271 1315 398 1348 relicto
433 1315 588 1360 quodam
618 1315 794 1360 graduato
825 1315 887 1359 qui
920 1321 1069 1348 vocatur
1103 1326 1198 1359 mag.
1236 1314 1423 1359 Philippus
1454 1314 1644 1359 Langlois‚
1674 1316 1771 1359 quod
1798 1316 1967 1349 veniebat
1996 1317 2132 1350 directe

270 1388 394 1415 contra
416 1388 546 1415 statuta
567 1382 727 1427 papalia³
754 1394 760 1414 :
784 1382 867 1414 ideo
889 1382 985 1414 natio
1007 1388 1120 1414 mater
1140 1393 1217 1414 nica
1239 1393 1277 1414 se
1300 1382 1483 1426 opposuit,
1508 1393 1594 1414 casu
1615 1394 1686 1426 quo
1708 1382 1768 1415 ille
1790 1390 2021 1427 presentatus
2042 1384 2133 1416 reci-

270 1456 430 1494 peretur,
458 1455 492 1482 et
518 1449 725 1494 appellavit.
747 1449 873 1483 Voluit
899 1449 1051 1493 insuper
1081 1449 1174 1481 dicta
1202 1448 1297 1481 natio
1328 1454 1442 1481 mater
1468 1460 1546 1481 inca
1577 1448 1693 1481 cidem
1725 1462 1817 1494 mag.
1851 1450 2016 1495 Philippo
2048 1451 2132 1483 dare

269 1516 554 1561 adjunctionem,
576 1517 735 1550 favorem
764 1523 799 1549 et
825 1516 997 1549 auxilium
1019 1523 1054 1548 et
1074 1515 1266 1549 consilium
1289 1516 1326 1548 in
1346 1515 1498 1560 agendis
1519 1515 1610 1557 suis,
1632 1516 1737 1560 eique
1759 1517 1803 1549 de
1825 1518 1982 1562 propriis
2005 1530 2133 1562 peccu-

269 1584 340 1617 niis
362 1583 573 1625 subvenire,
596 1584 627 1617 si
649 1583 702 1616 eis
723 1590 840 1628 egeat.

362 1681 420 1705 Lib.
437 1688 554 1712 procur.
572 1685 633 1706 nat.
651 1681 723 1706 Gall.
745 1681 771 1704 in
793 1681 870 1704 Arch.
894 1681 1014 1705 Univers.
1034 1682 1128 1710 Paris„
1142 1682 1204 1712 Reg.
1222 1682 1240 1711 1,
1260 1682 1305 1704 fol.
1323 1681 1373 1704 241'.
1390 1695 1420 1698 —
1439 1682 1466 1704 In
1482 1682 1610 1710 Auctar.‚
1627 1682 1660 1711 11,
1676 1691 1702 1713 p.
1719 1682 1774 1711 614,
1790 1683 1818 1705 37
1837 1691 1905 1713 sqq„
1923 1682 1977 1714 jam
1993 1683 2026 1706 ad
2042 1683 2102 1706 Maii
2118 1684 2131 1706 3

268 1726 300 1749 de
315 1726 364 1749 hoc
379 1726 476 1757 agitur,
493 1726 537 1749 ubi
551 1729 636 1749 tamen
653 1726 788 1755 scribitur,
804 1726 1023 1757 supplicationem
1041 1726 1156 1757 Philippi
1172 1726 1283 1757 Anglici,
1300 1729 1328 1749 ut
1340 1726 1453 1749 Johanni
1469 1727 1500 1749 de
1516 1727 1594 1749 Puteo
1610 1728 1797 1757 praeferretur,
1814 1736 1863 1750 non
1881 1727 1962 1750 fuisse
1977 1728 2130 1753 admissam.

363 1810 387 1835 1.
403 1810 508 1833 Petrum
528 1810 639 1834 Caillou.
655 1824 685 1828 —
700 1809 725 1835 2.
740 1810 873 1833 Johannes
889 1810 920 1833 dc
940 1811 1030 1835 Puteo.
1051 1810 1105 1834 Vid.
1122 1814 1171 1833 num
1187 1813 1346 1841 sequentem.
1363 1825 1392 1829 —
1408 1811 1432 1836 3.
1449 1811 1511 1835 Scil.
1531 1811 1629 1835 Urbani
1650 1812 1677 1835 V.
1699 1812 1753 1836 Yid.
1772 1813 1909 1842 Cltartul,‚
1926 1813 1970 1842 ΙΙΙ,
1990 1822 2017 1844 p.
2036 1813 2090 1842 145,
2107 1816 2131 1836 et

269 1859 319 1878 n¹¹¹¹¹
334 1858 453 1886 sequent.

268 1979 412 2016 2599.
436 1989 582 2023 Eugenizcs
610 1990 653 2015 IV
673 1989 795 2024 injungit
816 1988 1021 2014 archidiacono
1052 1989 1087 2014 de
1108 1990 1221 2024 Josayo,
1248 1993 1278 2014 ut
1303 1989 1441 2024 inquirat,
1469 1989 1591 2023 cuinam,
1615 1989 1739 2015 Iohanni
1762 1989 1796 2014 de
1820 1990 1908 2015 Puteo
1931 1998 1968 2015 an
1996 1990 2129 2026 Philippo

355 2038 477 2073 Anglici,
494 2041 636 2074 competat
652 2038 878 2064 cancellariatus
892 2038 1047 2072 facultatis
1061 2039 1166 2064 artium
1187 2038 1386 2064 Universitatis
1401 2039 1496 2064 Par-is.

1533 2121 1606 2149 1445,
1621 2121 1690 2146 danii
1702 2121 1726 2149 9,
1741 2121 1841 2146 Romae.

358 2208 559 2253 Eugenius,
588 2215 655 2241 etc.
688 2208 757 2240 Dil.
785 2208 835 2240 fil.
862 2208 1118 2241 archidiacono
1149 2208 1193 2241 de
1221 2210 1351 2253 Josayo
1382 2208 1418 2240 in
1449 2207 1603 2240 ecclesia
1633 2208 1831 2240 Parisiensi
1864 2208 2029 2250 salutem,
2056 2216 2123 2242 etc.

268 2274 484 2308 Litterarum
506 2275 713 2308 seientia....
735 2275 901 2308 Exhibita
922 2275 1103 2320 siquidem
1126 2275 1233 2308 nobis
1255 2287 1370 2320 nupcr
1392 2287 1456 2320 pro
1478 2281 1577 2319 parte
1598 2275 1683 2307 dicti
1703 2274 1879 2308 Johannis
1901 2276 1957 2316 [de
1979 2277 2125 2317 Puteo¹‚

268 2354 345 2375 can.
369 2343 579 2375 monasterii
606 2343 640 2376 S.
664 2343 850 2376 Genovefc
876 2343 1003 2384 Paris.⁷
1027 2342 1114 2376 Ord.
1139 2343 1172 2375 S.
1192 2343 1302 2387 Aug„
1324 2342 1421 2375 baec.
1445 2343 1481 2374 in
1503 2341 1626 2382 theol.]
1649 2342 1779 2386 peticio
1802 2342 2009 2376 continebat
2029 2344 2126 2388 quod

267 2409 351 2442 olim
374 2409 629 2443 cancellariam
647 2410 845 2454 facultatis
873 2410 1007 2443 artium
1035 2409 1098 2442 dil.
1128 2409 1178 2442 fil.
1202 2409 1456 2442 Universitatis
1487 2409 1597 2441 studii
1628 2409 1824 2441 parisiens.
1848 2410 1925 2454 (qui
1955 2410 2124 2452 officium,

268 2489 340 2509 non
362 2483 480 2509 tamen
501 2476 803 2518 ecclesiasticum,
827 2476 982 2518 existit²7
1006 2483 1040 2509 et
1068 2488 1131 2521 per
1158 2476 1352 2509 monachos
1374 2476 1501 2521 prefati
1524 2476 1733 2508 monasterii
1755 2476 1936 2508 dumtaxat
1957 2477 2071 2509 teneri
2092 2484 2127 2511 et

268 2544 429 2577 exerceri
450 2543 653 2585 consuevit,
676 2545 729 2576 et³
752 2556 858 2588 quem
880 2544 1060 2588 quondam
1082 2544 1258 2576 Martinus
1280 2543 1357 2576 Cati
1378 2542 1575 2575 monachus
1597 2543 1806 2575 monasterii
1828 2550 1862 2575 et
1888 2543 2125 2576 cancellarius

266 2611 444 2644 facultatis
472 2611 718 2656 predictorum
747 2610 830 2643 dum
853 2611 992 2644 viveret
1018 2610 1164 2643 tenebat
1191 2617 1225 2643 et
1253 2609 1475 2650 exercebat&
1500 2621 1563 2654 pcr
1584 2609 1721 2642 obitum
1744 2609 1860 2654 ipsius
1886 2611 2042 2652 Martini⁷
2065 2612 2126 2656 qui

267 2685 365 2711 extra
387 2679 488 2710 Rom.
511 2690 587 2710 cur.
610 2678 704 2710 diem
727 2677 857 2710 clausit
887 2678 1100 2720 extremum)
1123 2683 1283 2717 vacante,
1311 2676 1374 2709 dil.
1398 2676 1446 2708 fil.
1470 2677 1632 2717 Petrus5,
1655 2676 1765 2709 abbas
1788 2676 1872 2709 dicti
1900 2678 2124 2719 monasterii,

266 2745 310 2778 ad
330 2746 434 2790 cujus
456 2744 619 2777 abbatem
643 2756 707 2789 pro
730 2751 892 2789 tempore
914 2745 1129 2777 existentem
1151 2743 1295 2776 collatio
1318 2750 1352 2776 et
1378 2743 1505 2787 quevis
1526 2743 1592 2775 alia
1614 2743 1806 2788 dispositio
1834 2744 1960 2788 prefati
1986 2745 2126 2778 cancel-

266 2812 414 2845 lariatus
445 2812 529 2845 dum
555 2819 655 2846 vacat
685 2824 728 2844 ex
757 2811 906 2856 speciali
934 2811 1127 2856 privilegio
1150 2810 1248 2843 sedis
1270 2809 1468 2855 apostolice
1490 2810 1562 2853 (cui
1584 2822 1656 2842 uon
1678 2817 1733 2843 cst
1754 2810 1927 2844 hactenus
1948 2811 1984 2844 in
2005 2812 2125 2857 aliquo

267 2880 496 2925 derogatum)
523 2879 717 2925 pertinent,
741 2879 859 2924 ipsum
881 2878 1171 2912 cancellariatum
1203 2878 1254 2910 sic
1278 2884 1462 2911 vacantem
1485 2877 1580 2910 dicto
1607 2877 1762 2911 Johanni
1789 2879 2000 2912 auctoritate
2029 2880 2126 2913 ordi-
