2502 3418
307 323 403 360 1452]
647 337 693 358 An
731 337 835 359 ANNO
873 337 1158 359 MCCCLxxxxw
1194 337 1325 364 USQUE
1359 337 1407 358 An
1442 337 1578 358 ANNUM
1614 337 1817 360 mccccml.
2102 329 2166 361 715

304 411 440 444 sanciat
462 422 468 443 :
492 411 674 456 quoniam,
696 423 776 444 cum
798 411 910 444 semel
930 411 1065 444 suerint
1085 411 1249 443 institute
1271 417 1305 443 et
1326 410 1463 443 firmate
1485 410 1600 455 leges,
1624 423 1696 443 non
1724 411 1859 452 licebit,
1885 418 1923 444 ut
1947 411 2075 444 beatus
2093 413 2165 445 Au-

303 478 474 522 gustinus
499 478 558 519 ait,
584 479 657 522 jam
688 478 842 523 amplius
872 478 916 511 de
946 478 1036 523 ipsis
1061 478 1238 522 judicare,
1269 477 1333 510 sed
1362 477 1562 510 secundum
1590 478 1700 522 ipsas
1731 478 1871 510 Idcirco
1900 485 1937 511 ut
1967 478 2099 511 clarius
2130 486 2164 512 et

303 545 529 578 commodius
546 545 756 590 prospicere
775 552 809 578 et
825 545 1057 578 considerare
1079 556 1273 589 possemus
1290 556 1359 589 que
1378 544 1605 577 reformanda
1622 551 1682 577 aut
1702 545 1920 578 immutanda
1938 546 2162 587 viderentur,

302 618 464 645 veterum
487 618 699 645 statutorum
723 612 950 657 singularum
971 612 1177 645 facultatum
1195 612 1379 645 volumina
1401 612 1545 644 curiose
1566 624 1604 644 ac
1622 611 1819 656 diligenter
1836 612 2036 645 evolvimus
2058 619 2163 657 atque

302 678 543 723 perlegimus;
568 679 758 723 presertim
781 686 898 712 autem
921 679 1039 724 aliqua
1061 679 1355 712 reformationum
1390 685 1533 719 statuta,
1565 691 1634 723 que
1663 679 1844 723 quondam
1866 678 1960 711 boue
1989 680 2162 712 memorie

301 746 599 778 reverendissimi
628 746 664 778 in
688 746 833 779 Christo
864 753 984 791 patres
1011 746 1195 779 Johannes
1225 747 1258 779 S.
1288 746 1398 779 Marci
1424 752 1459 778 et
1485 746 1637 790 Egidius
1667 746 1701 778 S.
1728 745 1872 778 Martini
1897 746 1933 777 in
1962 745 2161 786 Montibus,

300 819 528 845 sacrosancte
561 814 719 845 Romane
750 813 905 846 ecclesie
935 813 1139 858 presbyteri
1166 813 1382 853 cardinales,
1411 812 1610 858 apostolice
1645 812 1744 845 sedis
1779 812 1902 857 legati,
1934 812 2161 845 exactissime

300 879 511 912 ediderunt⁶
534 886 725 925 ceteraque
747 881 866 913 omnia
888 893 956 925 que
979 881 1022 913 ad
1044 893 1117 913 rem
1137 881 1319 925 pertinere
1340 879 1569 921 videbantur,
1592 880 1757 912 studiose
1778 892 1817 912 ac
1838 879 2035 924 diligenter
2053 886 2164 912 atten-

301 947 432 980 dimus.
455 947 741 981 Considerantes
762 955 893 989 autem,
916 948 1013 993 quod
1029 949 1130 993 juxta
1151 948 1337 992 Apostoli⁷
1364 947 1592 988 sententiam,
1620 959 1693 980 non
1719 959 1846 980 sumus
1872 947 2094 979 sufficientes
2121 958 2162 979 ex

301 1013 408 1047 nobis
433 1014 569 1059 aliquid
591 1015 764 1060 cogitare,
788 1015 852 1048 sed
874 1015 1087 1048 sufficientia
1114 1021 1236 1048 nostra
1264 1027 1306 1047 ex
1329 1016 1404 1047 Deo
1431 1021 1498 1055 est,
1521 1014 1637 1059 ipsius
1664 1014 1795 1046 summi
1820 1013 2044 1058 legislatoris
2070 1013 2162 1058 opti-

301 1081 421 1126 mique
444 1082 604 1126 parentis
626 1082 826 1126 presidium
848 1082 1108 1123 invocavimus,
1129 1096 1144 1113 (t
1163 1094 1205 1114 ex
1227 1083 1330 1126 cujus
1347 1081 1448 1115 vultu
1464 1082 1603 1125 justum
1624 1081 1745 1125 prodit
1760 1081 1938 1125 judicium
1958 1094 1988 1122 »,
2008 1087 2042 1113 et
2063 1095 2079 1111 α
2100 1092 2163 1125 per

301 1159 406 1192 quem
422 1147 543 1193 legum
557 1149 768 1182 conditores
779 1150 877 1193 justa
894 1149 1138 1190 decernunt»,
1153 1148 1326 1193 illiusque
1342 1160 1409 1193 ope
1424 1148 1505 1180 freti
1522 1148 1694 1192 quasdam
1713 1148 2003 1188 reformationes,
2018 1147 2162 1180 decreta

300 1221 335 1247 et
356 1214 458 1259 leges
476 1215 672 1257 edidimus,
691 1216 921 1261 solliciteque
945 1216 1151 1249 curavimus
1172 1216 1207 1248 id
1229 1216 1265 1248 in
1287 1215 1361 1248 illis
1382 1215 1575 1256 contineri,
1594 1215 1690 1259 quod
1712 1215 1748 1246 in
1771 1214 1916 1259 legibus
1933 1214 2105 1247 canonica
2122 1226 2162 1246 ac

297 1288 505 1315 sanctorum
527 1284 671 1315 Patrum
697 1283 861 1316 instituta
883 1284 1091 1328 requirunt3
1115 1290 1154 1316 ut
1174 1283 1317 1315 scilicet
1339 1282 1510 1327 religioni
1532 1288 1747 1326 congruant,
1766 1282 1897 1314 rationi
1919 1281 2160 1322 consentiant,

299 1349 494 1394 discipline
516 1350 733 1383 conveniant
753 1357 789 1383 et
809 1350 916 1383 saluti
938 1350 1160 1395 proficiant⁸.
1185 1351 1228 1382 Et
1248 1350 1416 1395 quoniam
1439 1361 1482 1382 ex
1503 1349 1673 1381 omnibus
1698 1348 1836 1382 artibus
1858 1361 1896 1381 ac
1917 1348 2161 1389 facultatibus,

299 1415 483 1462 theologia
504 1429 574 1449 una
595 1424 651 1450 est
671 1429 741 1462 que
762 1418 856 1450 circa
878 1430 998 1451 rerum
1021 1418 1224 1451 divinarum
1247 1424 1281 1450 et
1302 1417 1562 1461 omnipotentis
1588 1416 1655 1448 Dei
1676 1416 1921 1461 cognitionem
1942 1415 2164 1460 contempla-

298 1483 507 1529 tionemque
527 1491 706 1526 versatur,
727 1485 793 1518 rite
814 1485 858 1518 ab
879 1485 939 1518 illa
961 1492 996 1518 et
1016 1486 1095 1530 ejus
1117 1484 1392 1530 professoribus
1415 1495 1601 1516 sumemus
1623 1483 1823 1516 exordium.

1075 1593 1133 1623 De
1155 1592 1386 1632 theologis&

387 1685 534 1728 Quam⁴⁰
551 1697 682 1731 graves
703 1685 867 1720 moribus
888 1693 924 1719 et
938 1686 1008 1720 vita
1030 1686 1195 1731 integros
1212 1698 1293 1719 esse
1316 1686 1441 1718 deceat
1461 1685 1558 1726 illos,
1577 1686 1638 1730 qui
1660 1685 1750 1718 hanc
1772 1685 1928 1718 divinam
1951 1686 2161 1730 sapientiam

299 1752 460 1784 omnium
493 1752 737 1785 doctrinarum
770 1753 951 1785 dominam
982 1754 1219 1798 reginamque
1248 1753 1419 1786 virtutum
1450 1752 1668 1797 theologiam
1703 1752 1931 1797 profitentur,
1961 1753 2078 1798 ipsius
2108 1765 2163 1786 sa-

300 1819 435 1864 pientie
457 1820 654 1864 precipuus
676 1826 710 1852 et
731 1819 926 1864 peculiaris
947 1821 1087 1853 fructus
1108 1820 1326 1853 manifestat.
1352 1821 1401 1852 Ex
1419 1819 1500 1852 aliis
1522 1819 1615 1852 enim
1638 1819 1777 1852 artibus
1800 1826 1835 1852 et
1855 1819 2061 1864 disciplinis
2083 1832 2162 1853 cum

298 1887 409 1927 favor,
432 1886 523 1927 laus,
545 1893 604 1919 aut
625 1887 738 1932 gratia
759 1886 913 1920 humana
935 1888 1152 1932 requiratur,
1176 1899 1218 1920 ex
1240 1887 1303 1920 hac
1325 1899 1394 1919 una
1420 1886 1597 1919 mirabilis
1626 1893 1659 1919 et
1686 1886 1890 1931 precellens
1915 1887 2054 1919 fructus
2080 1899 2164 1920 exo-

299 1953 401 1994 ritur,
426 1960 464 1986 ut
485 1955 598 1986 Deum
620 1961 819 1987 creatorem
842 1961 1006 1987 nostrum
1029 1966 1307 1999 cognoscamus,
1331 1954 1517 1999 cognitum
1538 1965 1712 1994 amcmuS,
1735 1960 1850 1986 amato
1871 1954 2044 1986 fruamur.
2067 1955 2165 1997 Quo==

299 2021 391 2053 circa
413 2021 525 2054 totius
547 2021 751 2066 religionis,
774 2022 998 2055 continentie
1023 2029 1129 2067 atque
1150 2022 1309 2063 virtutis,
1332 2022 1560 2066 professores
1586 2020 1685 2053 illius
1707 2020 1842 2053 debent,
1863 2032 1944 2053 sese
1966 2021 2057 2054 stola
2078 2034 2164 2054 con-

300 2094 437 2133 tegere,
460 2095 498 2121 ut
519 2088 562 2121 ad
583 2100 707 2122 cenam
731 2089 862 2121 summi
885 2090 984 2134 regis
1006 2090 1126 2122 securi
1148 2089 1362 2133 procedant,
1386 2089 1544 2133 nejuxta
1566 2087 1782 2120 dominicam
1805 2087 2025 2132 parabolam,
2047 2088 2163 2121 aliena

298 2162 412 2196 veste,
439 2155 584 2189 levitate
610 2155 751 2188 scilicet
776 2163 811 2189 et
836 2156 1036 2189 scurilitate
1062 2156 1202 2189 sordidi
1227 2157 1320 2189 inter
1346 2155 1619 2188 discumbentes
1644 2154 1770 2199 agniti,
1788 2155 1871 2199 jure
1896 2155 2024 2188 merito
2046 2155 2160 2200 repel-

299 2222 431 2255 lantur.
454 2223 654 2267 Cupientes
675 2223 788 2268 igitur
810 2223 933 2257 decori
955 2230 990 2256 et
1009 2224 1176 2269 gravitati
1198 2223 1378 2256 facultatis
1395 2229 1599 2268 opportune
1618 2222 1823 2267 providere,
1841 2222 1884 2254 ad
1902 2223 2006 2266 cujus
2027 2223 2162 2267 gradus

300 2296 335 2321 et
359 2289 518 2322 honores
540 2290 691 2335 provehi
718 2303 789 2323 non
812 2291 947 2323 debent
968 2291 1039 2324 nisi
1065 2303 1195 2336 graves
1222 2298 1256 2323 et
1281 2290 1444 2323 moribus
1470 2288 1779 2322 commendabiles
1804 2289 1885 2330 viri,
1908 2289 2099 2322 statuimus
2130 2297 2164 2322 et

300 2356 523 2398 ordinamus,
552 2364 589 2390 ut
615 2357 788 2396 scolares,
820 2358 924 2391 etiam
955 2358 1119 2403 magistri
1152 2359 1187 2390 in
1218 2357 1356 2391 artibus
1385 2369 1458 2389 non
1490 2356 1723 2389 admittantur
1751 2355 1794 2388 ad
1828 2355 1982 2400 primum
2015 2368 2160 2389 cursum

299 2423 498 2469 theologie,
522 2424 551 2457 si
574 2424 669 2457 rixas
691 2431 751 2457 aut
771 2425 949 2458 clamores
971 2425 1172 2458 insolentes
1199 2426 1235 2458 in
1257 2425 1334 2458 suis
1360 2423 1569 2457 nationibus
1598 2423 1753 2455 excitare
1779 2429 1839 2455 aut
1864 2422 1952 2455 alias
1978 2423 2162 2465 dissoluti,

299 2490 505 2535 vagabundi
526 2498 586 2524 aut
606 2491 697 2524 male
719 2493 1009 2526 conversationis
1030 2505 1113 2525 esse
1135 2493 1312 2533 dicantur,
1337 2499 1371 2524 et
1387 2503 1498 2536 super
1519 2503 1561 2523 eo
1583 2490 1657 2523 sint
1677 2489 1851 2522 notorie¹¹
1872 2489 2054 2523 diffamati.

390 2559 476 2591 Item
503 2570 582 2591 cum
610 2559 761 2592 maxime
787 2560 912 2592 deceat
932 2559 1126 2605 theologos
1153 2560 1328 2604 sapientie
1356 2559 1478 2592 divine
1505 2558 1749 2602 professores,
1772 2557 1873 2600 juxta
1898 2557 2162 2601 Apostolum¹²,

299 2624 342 2657 ab
364 2624 533 2658 omnibus
554 2626 884 2659 comessationibus
912 2633 947 2659 et
972 2626 1209 2659 ebrietatibus
1233 2626 1429 2667 abstinere,
1452 2637 1496 2657 ne
1517 2626 1617 2669 juxta
1638 2623 1787 2657 verbum
1811 2623 2006 2656 Salvatoris
2027 2624 2162 2666 lumen,

300 2692 397 2736 quod
426 2692 462 2724 in
492 2692 545 2725 eis
574 2699 628 2725 cst
659 2693 821 2737 preclare
848 2693 1026 2735 doctrine,
1055 2693 1204 2726 tenebre
1227 2694 1311 2734 sint,
1335 2692 1499 2736 exemplo
1528 2690 1764 2736 turpitudinis
1794 2697 1828 2723 et
1855 2690 1926 2723 vite
1957 2690 2164 2725 inhoneste.

301 2759 390 2791 llinc
412 2759 579 2804 estquod
598 2771 723 2792 eorum
742 2759 921 2793 honestati
939 2761 1132 2793 consulere
1149 2761 1352 2805 cupientes,
1371 2759 1562 2792 statuimus
1579 2764 1613 2790 et
1630 2757 1853 2798 ordinamus,
1873 2756 2166 2791 nichilominus¹³

302 2826 504 2858 districtius
526 2826 737 2859 inhibentes
759 2827 944 2871 magistris
967 2828 1130 2871 ejusdem
1154 2827 1349 2868 facultatis,
1372 2838 1416 2859 ne
1437 2825 1663 2858 baclialarios
1684 2824 1848 2869 ejusdem
1871 2823 2064 2866 facultatis,
2086 2838 2169 2870 pre-

303 2899 399 2926 textu
427 2894 678 2938 eujuscunque
707 2900 808 2926 actus
835 2894 1017 2927 scolastici
1046 2894 1265 2939 compellant
1291 2893 1402 2927 verbo
1431 2893 1488 2926 vel
1517 2893 1622 2933 sacto,
1651 2898 1710 2924 aut
1735 2891 1865 2936 quovis
1891 2891 1960 2923 alio
1988 2892 2168 2936 exquisito
