2502 3418
243 352 340 389 1428]
590 366 636 387 AB
672 366 776 387 Asso
811 364 1098 386 siccetxxxxiv
1133 364 1262 391 useel-1
1298 364 1344 385 An
1379 364 1516 386 ANNUM
1551 365 1754 387 mccccmi.
2036 357 2100 389 473

242 491 385 528 2306.
410 499 563 525 licentiati·
578 500 605 525 in
618 499 760 534 facultate
776 498 945 525 medicinae.

1456 541 1529 570 7428,
1547 541 1633 566 Martii
1644 542 1686 570 22,
1702 542 1809 567 Parisiis

332 631 540 675 Sequuntur
561 637 703 675 recepta
726 630 989 663 licentiatorum
1012 628 1048 662 in
1069 627 1236 662 facultate
1259 629 1437 662 medicine
1455 629 1512 662 dic
1534 629 1619 662 lunc
1640 631 1694 662 22⁴²
1717 630 1840 662 Marcii
1861 642 1954 662 anno
1978 631 2098 664 14270:

613 729 745 762 Magister
758 729 921 755 Florentius
936 728 1059 761 Rogerii,
1077 728 1221 757 Picardus,
1238 735 1290 761 pro
1303 729 1397 754 bursis
1410 728 1512 756 tribus,
1529 728 1605 761 xlviij
1623 728 1673 754 sol.

665 793 700 796 —
755 778 902 803 Johannes
917 777 1019 806 Amici,
1037 777 1182 806 picardus,
1198 785 1252 810 pro
1267 777 1361 803 bursis
1376 778 1442 806 suis.
1460 778 1536 810 xlviij
1552 778 1602 803 sol.

664 842 698 845 —
754 826 928 852 Guillclmus
945 825 1057 860 Par>sh
1074 827 1268 855 Normannus,
1286 835 1337 860 pro
1352 827 1445 852 bursis
1462 827 1563 856 tribus,
1580 826 1656 860 xlviij
1672 826 1722 852 sol.

337 916 480 940 comment.
502 916 551 939 sac.
568 915 646 942 med..
665 915 682 945 l,
698 923 724 946 p.
739 915 850 938 291-292.
871 929 896 932 —
913 914 1024 938 Nomina
1036 915 1233 939 licentiutorum
1249 916 1297 939 hoc
1313 924 1381 939 anno
1398 924 1448 939 non
1464 916 1541 939 aliter
1556 915 1684 946 inscripta
1701 919 1770 939 sunt.

335 1000 359 1025 1.
378 1000 486 1024 Videtur
500 1000 569 1024 idem
585 1000 629 1032 qui
645 999 766 1032 superius
783 999 853 1023 Guil.
870 999 993 1023 Poucheti
1010 1000 1160 1023 nominatur
1175 1000 1242 1023 inter
1258 1001 1331 1024 hacc.
1348 1000 1440 1024 medic.
1457 1000 1612 1030 (Commeat.
1630 1002 1679 1023 sac.
1698 1001 1775 1028 mcd.,
1791 1001 1810 1029 1,
1826 1009 1852 1031 p.
1867 1001 1920 1028 280,
1938 1001 2002 1030 2811).

243 1190 387 1227 2307.
411 1199 547 1225 Facultas
564 1200 648 1226 theol.
668 1200 763 1226 Paris.
782 1201 908 1226 Mat-tino
928 1202 951 1227 V
965 1201 1039 1226 inter
1054 1200 1116 1226 alia
1139 1199 1294 1236 supplicat,
1313 1203 1343 1225 ut
1363 1200 1570 1226 cancellariam
1587 1199 1728 1225 ecclesiae
1743 1199 1837 1225 Paris.
1856 1198 1946 1225 solum
1961 1199 2107 1234 graduale

332 1249 360 1274 in
375 1249 518 1283 facultate
534 1249 617 1276 theol.
633 1251 773 1284 conferat.

1472 1285 1544 1315 7428,
1560 1286 1647 1311 Martii
1660 1286 1702 1315 25,
1717 1286 1818 1311 Romae.

333 1373 544 1419 Supplicant
561 1375 595 1407 S.
613 1376 671 1415 V„
695 1385 795 1419 pater
815 1374 1038 1415 beatissime,
1060 1374 1216 1407 humiles
1233 1381 1268 1407 et
1284 1374 1404 1407 devoti
1422 1380 1584 1406 oratores
1601 1374 1713 1406 vestri
1731 1373 1888 1406 decanus
1906 1380 1940 1406 et
1956 1373 2105 1407 facultas

242 1440 426 1486 theologie
447 1441 608 1486 preclare
627 1441 868 1487 primogenite
890 1442 962 1474 filie
980 1449 1100 1475 vestre
1123 1441 1379 1475 Universitatis
1401 1441 1511 1474 studii
1529 1441 1746 1474 Parisiensis
1767 1448 1944 1485 quatenus
1966 1441 2105 1486 suppli-

242 1508 403 1541 cationes
428 1508 676 1553 infrascriptas
698 1521 803 1541 manu
825 1515 944 1542 vestra
965 1508 1172 1541 beatissima
1195 1509 1341 1553 signare
1363 1515 1398 1540 et
1419 1515 1526 1553 prout
1553 1509 1686 1553 petitur
1711 1508 1818 1552 petita
1844 1508 2103 1541 concedere...

244 1574 459 1620 dignemini.
481 1576 555 1618 [De
570 1575 731 1620 eligendo
747 1576 944 1620 confessore
953 1587 965 1616 ;
980 1575 1021 1609 de
1038 1575 1204 1620 plenaria
1222 1576 1429 1609 remissione
1438 1580 1665 1620 peccalorum
1682 1575 1716 1608 in
1732 1575 1861 1608 mortis
1877 1575 2033 1608 articulo
2040 1586 2053 1615 ;
2069 1580 2108 1608 nt

241 1641 404 1675 doctores
419 1648 654 1687 proponentes
673 1643 814 1676 verbum
835 1643 901 1676 Dei
919 1654 998 1676 vere
1020 1643 1190 1687 confessis
1211 1642 1469 1687 indulgentiam
1500 1653 1572 1675 loo
1595 1632 1731 1675 diei-nm
1758 1642 1944 1686 impertiri
1968 1642 2105 1675 valeant

243 1708 496 1750 (conceduntur
510 1711 562 1742 50
578 1708 654 1743 dies
657 1713 692 1749 );
708 1715 747 1743 nt
761 1721 782 1743 a
798 1709 935 1743 casibus
953 1710 1141 1743 reservatis
1159 1709 1337 1743 absolvere
1352 1709 1491 1754 possint
1508 1712 1527 1750 s
1526 1708 1731 1742 conceditur
1752 1709 1788 1743 in
1808 1710 1946 1742 casibus
1963 1708 2107 1743 ordina-

243 1776 383 1809 riorum
399 1775 447 1809 ad
460 1777 693 1820 septennium)
700 1803 706 1808 .
706 1779 732 1819 J

332 1844 435 1884 Item,
462 1843 673 1876 beatissime
699 1850 812 1888 pater,
838 1856 902 1888 pro
929 1850 1030 1888 parte
1051 1844 1264 1877 devotorum
1287 1850 1469 1876 oratorum
1491 1850 1695 1876 vestrorum
1718 1844 1907 1876 doctorum
1935 1850 1969 1876 et
1994 1844 2106 1889 magi-

245 1916 403 1942 strorum
430 1910 609 1943 facultatis
640 1910 824 1955 theologie
852 1911 1135 1955 prescriptorum
1169 1912 1201 1944 S.
1228 1912 1270 1944 V.
1302 1911 1494 1955 exponitur
1524 1911 1633 1954 quod,
1666 1920 1744 1942 cum
1777 1911 1819 1943 ad
1850 1911 2103 1943 cancellarium

243 1976 398 2010 ecclesie
426 1978 644 2010 parisiensis
671 1989 735 2022 pro
762 1984 923 2026 tempore
949 1978 1177 2018 existentem,
1208 1978 1351 2010 racione
1379 1978 1485 2010 oflicii
1514 1977 1787 2010 cancellariatus
1814 1978 1907 2010 dicte
1936 1978 2103 2019 ecclesie,

244 2044 340 2089 quod
371 2044 489 2089 ipsum
525 2056 589 2089 pro
620 2044 747 2077 eodem
780 2051 941 2089 tempore
972 2045 1136 2077 obtinere
1168 2045 1373 2089 contigerit,
1407 2044 1591 2089 quoslibet
1619 2045 1654 2076 in
1690 2044 1847 2089 singulis
1876 2045 2106 2078 facultatibus

244 2112 404 2144 Parisius
420 2111 631 2156 vigentibus
649 2112 685 2144 in
702 2112 839 2144 eisdem
858 2111 1088 2153 licenciandi,
1104 2124 1245 2144 necnon
1260 2112 1364 2144 etiam
1382 2112 1605 2157 singularum
1624 2111 1792 2144 heresum
1806 2124 1844 2144 ac
1860 2112 2107 2156 quorumlibet

244 2179 437 2223 opiniones
460 2178 638 2211 bonorum
666 2191 805 2211 morum
832 2179 1044 2219 eontrariaS,
1073 2179 1149 2212 sive
1176 2179 1313 2223 piarum
1338 2179 1476 2211 aurium
1499 2179 1694 2211 offensivas
1716 2178 1805 2211 inibi
1828 2179 1918 2211 etin
1943 2179 2105 2223 partibus

244 2245 317 2278 illis
333 2246 603 2278 circumvicinis
621 2258 685 2290 pro
702 2253 863 2290 tempore
881 2253 1112 2290 emergentes
1130 2253 1165 2278 et
1181 2252 1415 2278 occurrentes
1437 2246 1659 2290 corrigendi,
1678 2252 1712 2278 et
1729 2246 1772 2278 de
1792 2245 1865 2278 illis
1883 2246 2104 2290 inquirendi,

244 2319 279 2345 et
299 2313 392 2345 dicte
414 2312 593 2345 facultatis
615 2324 654 2345 ae
682 2312 832 2345 aliorum
863 2313 1027 2357 ejusdem
1052 2313 1308 2346 Universitatis
1335 2313 1523 2345 doctorum
1551 2319 1585 2345 et
1612 2313 1866 2357 magistrorum
1893 2313 2105 2346 assistcncia

245 2379 493 2424 cognoscendi
515 2386 549 2412 et
570 2379 776 2420 decidendi,
800 2391 842 2412 ex
864 2379 1057 2425 privilegio
1084 2387 1117 2412 et
1139 2380 1374 2412 ordinacione
1397 2380 1495 2412 sedis
1521 2379 1719 2424 apostolice
1747 2379 1862 2411 vitlem
1890 2380 2105 2412 cancellario

246 2446 405 2490 desuper
421 2447 607 2479 concessis
626 2447 801 2491 pertineat
818 2446 981 2487 facultas,
1001 2447 1171 2491 quodque
1189 2447 1292 2479 etiam
1316 2446 1507 2491 premissa,
1527 2453 1626 2490 pater
1647 2452 1781 2486 sancte,
1800 2445 1936 2490 absque
1958 2454 2106 2491 experto

246 2514 281 2546 in
304 2513 395 2546 dicta
418 2513 583 2545 facultate
605 2514 682 2546 viro
700 2514 823 2558 utique
841 2514 1015 2558 graduato
1033 2514 1221 2546 commode
1240 2513 1318 2545 sieri
1336 2526 1407 2545 11011
1425 2514 1589 2558 possint:
1610 2525 1719 2557 quare
1737 2512 1943 2557 supplicant
1957 2515 1996 2546 E.
2012 2514 2045 2546 S.
2062 2516 2104 2547 V.

245 2580 415 2612 doctores
436 2587 471 2612 et
491 2580 655 2624 magistri
677 2580 771 2612 dicte
792 2580 983 2621 facultatis,
1007 2587 1185 2625 quatenus
1207 2581 1243 2612 in
1264 2580 1421 2613 savorem
1445 2580 1529 2612 fidei
1551 2579 1725 2612 catholice
1747 2585 1781 2611 et
1806 2579 1968 2623 ejusdem
1995 2581 2106 2613 facul-

244 2647 339 2687 tatis,
363 2653 401 2679 ut
421 2646 544 2679 nullus
566 2646 608 2679 ad
630 2646 839 2690 hujusmodi
861 2647 1015 2679 officium
1038 2647 1249 2679 auctoritate
1272 2658 1569 2690 quarumcunque
1591 2646 1789 2678 litterarum
1812 2646 2104 2690 apostolicarum,

245 2714 350 2746 etiam
374 2720 472 2746 motu
490 2713 637 2758 proprio
660 2708 929 2751 concessarum,
952 2721 1012 2746 aut
1039 2714 1165 2758 quavis
1187 2713 1254 2745 alia
1281 2713 1505 2753 auctoritate,
1530 2713 1703 2756 deinceps
1729 2712 1948 2754 admittatur,
1972 2714 2042 2746 nisi
2070 2714 2106 2746 in

246 2780 339 2813 dicta
356 2780 523 2812 facultate
539 2780 667 2812 doctor
684 2780 760 2812 sive
778 2780 950 2824 magister
967 2781 1108 2821 existat,
1127 2786 1284 2812 statuere
1303 2786 1338 2812 et
1354 2780 1521 2811 ordinare
1540 2779 1741 2823 dignemini
1755 2779 1798 2811 de
1813 2779 1931 2824 gracia
1946 2781 2106 2824 speciali.

248 2846 600 2887 Constitucionibus,
633 2853 744 2879 ctc....
773 2847 913 2879 ——Fiat
942 2854 978 2879 ut
1010 2847 1155 2892 petitur.
1179 2847 1221 2879 O.
1243 2866 1287 2870 —
1316 2847 1440 2878 Datum
1472 2848 1581 2878 Rome
1610 2846 1703 2890 apud
1733 2846 1882 2878 Sanctos
1910 2846 2108 2891 Apostolos

249 2920 373 2947 octavo
395 2914 463 2946 kal.
485 2913 636 2958 Aprilis,
658 2925 751 2945 anno
771 2913 975 2946 undecimo.
1911 2954 1914 2955 ⁷

371 2975 435 2992 *ss*
454 2973 549 2996 Chart.
573 2972 650 2996 Univ.
668 2972 761 2996 Paris.
781 2972 822 2994 1v.
1955 2973 1985 2996 60
