2502 3418
408 305 451 337 82
988 313 1303 335 anwruLAniUM
1340 310 1528 334 UNivEns.
1568 312 1695 333 funis.
2169 297 2267 333 [1403

499 389 626 415 Johanni
642 389 764 421 Clergeti
779 389 847 414 alias
859 389 892 415 ‹le
902 389 1039 421 Grayaco‚
1055 388 1148 421 presb.
1166 387 1309 413 Bisuntin.
1324 387 1410 416 dioc.,
1427 395 1504 420 mag.
1517 387 1547 412 10
1563 388 1616 412 art.
1634 388 1662 412 et
1678 386 1737 411 bac.
1755 386 1786 410 10
1799 385 1875 411 decr.
1892 392 1925 411 ac
1939 385 2016 410 stud.
2033 385 2156 410 Parisius
2170 385 2201 410 in
2214 385 2266 411 fac.

412 439 499 465 theol.

502 488 658 513 Laurentio
670 487 706 513 de
721 487 819 516 Cunis,
836 487 941 520 presb.,
958 494 1035 519 mag.
1053 486 1083 511 in
1098 487 1152 511 art.
1170 487 1198 511 et
1213 485 1279 511 scol.
1297 485 1327 510 in
1341 485 1430 510 theol.

501 537 627 562 Johanni
641 537 749 565 Bonne,
766 536 859 569 presb.
877 535 1001 561 Eduens.
1016 535 1102 563 dioc.,
1120 542 1196 567 mag.
1214 535 1244 559 in
1259 535 1312 559 art.
1330 535 1456 566 actuque
1470 533 1547 558 stud.
1565 532 1687 558 Parisius
1701 532 1731 557 10
1747 532 1799 557 sac.
1816 532 1904 557 theol.

502 586 662 611 Guillermo
678 585 807 614 Guerini,
821 585 951 610 Trecens.
966 584 1051 612 dioc.,
1068 591 1146 615 mag.
1163 583 1193 608 10
1208 585 1273 611 art..
1290 583 1320 608 in
1335 583 1390 614 leg.
1404 582 1450 607 lic.
1467 583 1494 607 ct
1510 582 1570 607 hac.
1588 582 1618 606 in
1633 581 1709 607 decr.

501 634 628 660 Johanni
644 634 778 664 Valentis,
793 633 887 666 presb.
902 633 1027 659 Eduens.
1041 633 1126 661 dioc.,
1143 640 1221 664 mag.
1238 632 1268 656 in
1281 633 1336 656 art.
1352 632 1380 657 et
1395 631 1456 656 bac.
1473 630 1504 655 10
1516 630 1605 659 decr.‚
1619 631 1686 655 actu
1699 629 1806 662 legenti
1820 629 1942 655 Parisius
1959 629 1989 654 in
2007 629 2103 662 primo
2119 629 2269 656 volumine

412 686 441 710 et
451 691 529 709 anno
544 691 594 709 sue
608 684 726 709 lecture.

502 732 661 758 Guillermo
677 731 808 760 Graterii,
825 731 918 764 presb.
936 730 1060 756 Eduens.
1076 729 1162 758 dioc.,
1179 737 1256 762 mag.
1274 729 1303 754 in
1318 730 1372 754 art.
1389 730 1418 754 et
1430 728 1475 754 lic.
1493 728 1602 761 injure
1614 735 1677 753 can.
1696 727 1827 753 Parisius⁴

501 781 628 807 Johanni
642 781 716 806 Petri
731 780 766 805 de
782 779 923 812 Grangiis,
938 779 1031 812 presb.
1047 778 1228 804 Cabilonens.
1240 777 1326 805 dioc..
1343 785 1421 809 mag.
1438 777 1468 802 in
1484 778 1537 802 art.
1549 778 1577 802 et
1588 776 1618 802 in
1631 776 1707 802 med.
1723 776 1912 809 studentique
1927 776 2049 802 Parisius
2062 776 2093 802 in
2108 777 2160 802 fac.
2178 777 2267 803 theol.

500 829 627 855 Johanni
643 829 787 855 Lamberti
803 829 838 854 de
853 828 994 860 Grangiis,
1011 827 1105 860 presb.
1125 826 1306 852 Cabilonens.
1323 826 1409 855 dioc.,
1427 833 1503 858 mag.
1523 825 1553 850 10
1566 826 1620 850 art.
1637 827 1665 850 et
1678 825 1739 850 bac.
1756 825 1787 850 in
1801 825 1878 851 decr.
1895 825 2083 858 studentique
2099 825 2221 851 Parisius
2237 825 2268 851 in

411 880 463 905 130.
481 878 569 904 theol.

500 926 626 953 Johanni
646 925 849 955 Bourrilleti⁴⁴,
871 925 963 958 presb.
981 924 1106 950 Eduens.
1122 924 1208 952 dioc.,
1225 931 1302 956 mag.
1325 923 1354 948 in
1374 925 1427 948 art.
1448 924 1476 948 et
1500 923 1544 948 110.
1568 923 1598 948 10
1615 923 1703 951 decr..
1721 922 1787 948 scol.
1805 922 1835 948 in
1851 922 1940 948 theol.
1954 922 1985 948 in
2000 922 2106 956 quinto
2125 930 2203 948 anno
2218 930 2268 949 sue

411 976 576 1002 auditionis.

499 1024 625 1050 Johanni
646 1024 681 1049 de
702 1023 879 1051 Arcouvalle‚
904 1021 1008 1055 presb..
1035 1029 1112 1054 mag.
1134 1021 1165 1046 10
1185 1021 1305 1050 artibus,
1326 1020 1400 1053 regis
1418 1022 1447 1046 et
1468 1020 1582 1046 domini
1596 1019 1720 1054 dophini
1740 1019 1800 1054 (sic)
1823 1020 1992 1046 Viennensis
2007 1020 2167 1050 secretario,
2188 1020 2266 1047 stud.

412 1074 533 1099 Parisius
547 1073 578 1098 in
590 1073 641 1098 sac.
656 1072 732 1098 decr.
749 1071 780 1096 in
794 1070 878 1097 tertio
888 1078 966 1096 anno
979 1077 1029 1096 sue
1039 1070 1204 1095 auditionis.

500 1123 582 1148 Petro
597 1121 703 1147 Rotarii
717 1120 751 1146 de
766 1120 878 1147 Salone.
897 1120 1025 1145 Trecens.
1043 1119 1129 1148 dioc.,
1147 1119 1213 1145 cler.
1232 1118 1355 1144 Parisius
1368 1118 1444 1144 stud.
1462 1118 1493 1143 10
1506 1118 1558 1144 rac.
1576 1118 1652 1144 decr.

497 1170 623 1196 Johanni
635 1170 671 1195 de
686 1169 848 1202 Signevilffl,
866 1168 931 1194 cler.
950 1168 1124 1201 Lingonens.
1141 1168 1227 1197 dioc.,
1245 1175 1321 1200 mag.
1333 1167 1363 1193 in
1379 1169 1432 1193 art.
1449 1169 1478 1193 et
1493 1167 1553 1193 bac.
1571 1167 1697 1193 formato
1709 1167 1740 1192 in
1755 1167 1857 1196 theol.‚
1872 1175 1935 1193 can.
1953 1167 2138 1200 Lingonensi.

496 1219 622 1245 Johanni
638 1218 785 1247 Droconis‚
798 1217 878 1250 dyac.
895 1218 1025 1243 Trecens.
1042 1217 1136 1250 dyoc.‚
1154 1224 1230 1249 mag.
1246 1216 1276 1241 in
1289 1218 1344 1242 art.
1361 1218 1389 1242 et
1402 1217 1463 1242 bac.
1480 1216 1511 1242 iu
1526 1216 1602 1242 decr.

496 1267 624 1293 Michaeli
638 1267 674 1292 de
689 1267 816 1299 Creneyo
827 1266 859 1295 ¹²,
871 1266 1000 1292 Trecens.
1017 1265 1154 1294 oriundo,
1169 1273 1246 1298 mag.
1263 1266 1293 1290 in
1309 1267 1363 1291 art.
1378 1267 1406 1291 et
1419 1266 1481 1291 bac.
1498 1265 1527 1291 in
1541 1265 1630 1291 theol.
1647 1265 1780 1294 Parisius,
1794 1265 1871 1291 stud.
1889 1265 1919 1290 in
1936 1265 1987 1290 sae.
2003 1265 2092 1291 theol.

490 1316 616 1342 Johanni
630 1315 743 1344 Olearii,
757 1315 824 1341 cler.
840 1315 995 1341 Senonens.
1012 1314 1097 1343 dioc.,
1116 1322 1192 1347 mag.
1205 1314 1235 1339 in
1250 1316 1303 1340 art.
1319 1316 1347 1340 et
1360 1314 1405 1340 lic.
1423 1314 1454 1340 in
1467 1315 1533 1347 leg„
1549 1314 1625 1339 stud.
1639 1314 1762 1340 Parisius
1777 1314 1808 1339 in
1825 1314 1877 1340 sac.
1892 1314 1970 1340 decr.

495 1365 651 1398 chinaldo
664 1364 768 1390 Nobilis
782 1364 850 1389 alias
864 1364 900 1390 de
911 1363 1230 1391 F011tanis¹³³.'l'recens.
1246 1363 1332 1391 dioc..
1348 1371 1425 1396 mag.
1443 1363 1474 1389 in
1491 1365 1545 1389 art,
1562 1365 1590 1389 et
1605 1363 1666 1389 bac.
1681 1363 1712 1388 in
1726 1363 1815 1389 theol.

494 1414 621 1440 Johanni
641 1412 785 1442 CassonM,
811 1413 877 1438 cler.
901 1412 1066 1438 Nivernens.
1087 1412 1174 1441 dioc.,
1191 1420 1268 1445 mag.
1290 1412 1320 1437 10
1337 1414 1391 1438 art.
1406 1414 1435 1438 et
1450 1412 1510 1438 bac.
1529 1412 1558 1437 10
1575 1412 1651 1438 med.
1669 1412 1699 1437 in
1716 1412 1809 1438 forma
1831 1411 1956 1441 licentie.
1975 1413 2042 1438 actu
2058 1412 2181 1438 Parisius
2201 1419 2267 1438 suos

405 1471 507 1490 cursus
521 1463 552 1488 in
567 1462 644 1489 med.
659 1463 766 1495 legens.

493 1513 576 1538 Petro
591 1511 762 1537 Sansonneti
775 1511 915 1539 Trecens.,
930 1518 1007 1543 mag.
1024 1510 1055 1535 iu
1070 1511 1135 1538 art..
1151 1510 1227 1535 stud.
1244 1510 1365 1535 Parisius
1379 1510 1410 1535 10
1426 1511 1477 1536 sac.
1495 1510 1584 1536 theol.
1599 1510 1630 1535 10
1645 1512 1745 1536 octavo
1760 1518 1810 1536 sue
1822 1510 1979 1536 auditionis
1993 1517 2082 1536 anno.

494 1560 621 1586 Johanni
634 1559 778 1589 Richardi,
795 1559 862 1585 cler.
879 1559 1007 1584 Trecens.
1023 1558 1109 1587 dioc.,
1126 1566 1203 1591 mag.
1221 1559 1251 1584 in
1264 1560 1318 1584 art.
1335 1559 1366 1584 in
1379 1561 1479 1584 octavo
1494 1567 1544 1585 sue
1559 1559 1732 1592 inceptionis
1748 1559 1870 1584 Parisius
1885 1558 1961 1584 stud.
1979 1558 2010 1584 in
2025 1559 2077 1584 sac.
2094 1559 2171 1585 decr.

492 1610 574 1635 Petro
591 1609 627 1634 de
642 1608 794 1633 Villaribus
808 1608 876 1633 alias
891 1607 1024 1636 Baudini.
1041 1607 1170 1633 Trecens.
1189 1607 1276 1636 dioc.,
1293 1607 1399 1640 presb..
1417 1615 1495 1640 mag.
1516 1608 1546 1633 in
1561 1609 1628 1638 art.‚
1647 1608 1724 1634 stud.
1743 1608 1864 1634 Parisius
1882 1607 1912 1633 in
1930 1607 1982 1634 sac.
1999 1607 2075 1634 decr.
2096 1607 2127 1633 in
2143 1607 2266 1641 septimo

404 1666 454 1684 sue
468 1658 625 1684 auditionis
637 1664 724 1683 anno.

492 1706 638 1740 Stephano
658 1705 818 1731 Massellarii
838 1705 873 1731 de
889 1705 1113 1738 Poulongnyaco
1128 1705 1272 1730 Bisuntin.
1289 1705 1375 1734 dioc.,
1397 1706 1475 1735 cler.‚
1493 1713 1570 1738 mag.
1592 1706 1623 1731 in
1642 1707 1695 1731 art.
1717 1707 1745 1732 et
1765 1705 1795 1731 10
1817 1705 1894 1731 med.
1916 1705 1977 1731 bac.
1992 1705 2023 1731 in
2043 1706 2137 1731 forma
2151 1705 2266 1732 licentie

403 1755 547 1782 existenti.

490 1804 650 1830 Guillerino
666 1802 800 1832 Britonis,
817 1803 910 1836 presb.
929 1802 1085 1828 Senonens.
1102 1802 1188 1832 dioc.,
1203 1811 1280 1836 mag.
1296 1803 1326 1829 10
1344 1805 1398 1829 art.
1415 1805 1444 1830 et
1459 1804 1520 1830 bac.
1537 1804 1568 1830 in
1583 1804 1660 1830 decr.
1679 1803 1811 1833 Parisius,
1828 1805 1895 1830 actu
1911 1803 1988 1830 stud.
2005 1803 2037 1829 in
2055 1803 2184 1837 predicta
2198 1803 2263 1834 fac.‚

401 1854 437 1879 de
449 1853 621 1880 canonicatu
635 1853 791 1878 Senonens.

489 1902 607 1927 Viviano
622 1901 762 1930 Roboleti.
779 1901 960 1926 Cabilonens.
977 1900 1051 1926 dioc.
1069 1900 1175 1934 presb.‚
1192 1909 1268 1934 mag.
1286 1901 1316 1927 in
1333 1903 1399 1931 art..
1418 1903 1486 1927 actu
1501 1902 1613 1935 regenti
1628 1903 1657 1928 et
1675 1910 1691 1928 a
1706 1910 1753 1928 sex
1772 1902 1857 1928 annis
1876 1902 1907 1927 10
1925 1901 2053 1935 predicta
2068 1901 2119 1927 l'ac.
2137 1901 2213 1927 stud.
2232 1901 2264 1927 in

400 1951 501 1978 theol..
517 1952 617 1976 curato
632 1950 763 1983 parroch.
780 1950 847 1975 eccl.
866 1949 1039 1975 Sanctorum
1056 1949 1199 1974 Saviniani
1215 1951 1243 1975 et
1257 1950 1421 1976 Potentiani
1434 1951 1466 1976 in
1482 1951 1548 1976 villa
1563 1951 1598 1976 de
1611 1951 1745 1980 Gonesio,
1763 1951 1920 1977 Senonens.
1937 1950 2011 1976 dioc.

489 1998 616 2025 Johanni
629 1997 852 2031 Pulcripatrisffi.
867 1998 935 2024 cler.
952 1998 1117 2024 Nivernens.
1131 1998 1218 2028 dioc.,
1230 2007 1307 2032 mag.
1320 2001 1387 2025 actu
1402 1999 1513 2032 regenti
1531 2000 1563 2025 in
1577 2001 1644 2028 art.,
1655 2000 1686 2025 in
1702 2002 1780 2026 sexto
1794 2008 1873 2026 3000
1888 1999 1931 2026 sui
1947 1999 2105 2033 magisterii
2119 1998 2261 2028 existenti.

401 2050 429 2075 et
444 2048 520 2074 stud.
537 2048 567 2073 in
581 2048 669 2073 theol.

488 2097 615 2123 Johanni
629 2097 665 2122 de
680 2095 908 2125 Monteleonis¹⁶‚
925 2096 1018 2129 presb.
1036 2096 1209 2130 Lingonens.
1225 2097 1312 2127 dioc.,
1337 2105 1413 2130 mag.
1432 2097 1462 2123 in
1478 2100 1543 2127 art..
1561 2098 1637 2124 stud.
1657 2099 1686 2124 in
1708 2099 1760 2124 130.
1785 2098 1874 2124 theol.
1891 2098 1922 2124 in
1942 2099 2020 2124 sexto
2035 2105 2085 2123 sue
2106 2096 2264 2124 auditionis

402 2154 491 2173 anno.

488 2194 615 2220 Johanni
629 2193 792 2222 Max-tinelli.
807 2194 873 2219 cler.
892 2194 1065 2226 Lingonens.
1080 2194 1166 2223 dioc.,
1184 2202 1260 2227 mag.
1278 2195 1308 2220 in
1323 2197 1377 2220 art.
1395 2197 1423 2221 et
1437 2196 1498 2222 bac.
1514 2196 1544 2221 10
1559 2196 1634 2222 decr.
1651 2196 1781 2222 Parisius.

490 2244 572 2269 Petro
588 2242 828 2275 Pugniquadrati,
842 2242 935 2275 presb.
954 2242 1127 2275 Lingonens.
1143 2243 1229 2273 dioc.,
1245 2251 1322 2275 mag.
1340 2244 1371 2269 in
1386 2246 1451 2273 art..
1469 2245 1545 2270 stud.
1560 2245 1681 2271 Parisius
1695 2245 1726 2271 in
1742 2246 1794 2271 130.
1807 2245 1884 2271 decr.
1901 2245 1932 2270 in
1946 2244 2030 2270 tertio
2042 2251 2093 2270 sue
2105 2243 2262 2270 auditionis

402 2300 489 2322 anno,
505 2292 674 2325 cappellano
689 2291 802 2317 (1001101
815 2291 896 2316 ducis
911 2291 1124 2317 Aurelianensis
1139 2292 1342 2326 industrioque
1358 2293 1494 2319 Ludovici
1510 2294 1562 2319 filii
1577 2294 1690 2320 domini
1703 2294 1784 2320 ducis
1799 2294 1945 2320 Borbonii.

491 2341 653 2366 Guillermo
668 2340 849 2369 Commaille,
866 2340 932 2366 cler.
950 2340 1074 2366 Eduens.
1091 2341 1177 2369 (1100..
1194 2349 1271 2374 mag.
1289 2342 1319 2367 10
1332 2344 1397 2371 art..
1415 2344 1480 2368 actu
1496 2343 1573 2368 stud.
1591 2343 1714 2369 Parisius
1726 2343 1757 2368 10
1773 2344 1825 2369 sac.
1843 2343 1932 2369 theol.

489 2389 615 2415 Johanni
630 2389 665 2415 de
680 2389 863 2422 Floignyaco,
875 2389 941 2414 cler.
953 2389 1126 2422 Lingonens.
1140 2390 1226 2420 dioc.,
1239 2398 1315 2423 mag.
1330 2391 1360 2416 in
1370 2393 1437 2420 art.‚
1450 2392 1526 2417 stud.
1535 2392 1565 2417 in
1577 2393 1629 2418 130.
1642 2393 1731 2418 theol.
1744 2394 1772 2418 et
1783 2392 1814 2417 in
1824 2394 1930 2425 quarto
1940 2399 1990 2418 sue
2000 2391 2158 2418 auditionis
2170 2398 2258 2418 anno.

491 2438 610 2471 Symoni
625 2437 715 2466 Parvi,
733 2437 798 2463 cler.
816 2437 998 2463 Cabilonens.
1013 2438 1099 2467 dioc..
1117 2446 1193 2471 mag.
1211 2439 1241 2464 in
1256 2441 1309 2464 art.
1325 2447 1356 2465 30
1372 2440 1495 2466 Parisius
1510 2441 1586 2466 siud.
1605 2441 1635 2466 10
1645 2441 1713 2474 jure
1728 2449 1791 2467 can.

489 2486 650 2512 Guillermo
664 2486 699 2512 de
712 2486 834 2515 Molinis.
851 2486 918 2512 cler.
933 2486 1062 2512 Trecens.
1076 2487 1162 2516 dion.‚
1180 2495 1256 2520 mag.
1273 2488 1304 2513 in
1319 2490 1373 2514 art.
1391 2490 1419 2514 et
1434 2489 1510 2514 stud.
1527 2489 1649 2515 Parisius
1666 2490 1696 2515 in
1713 2491 1764 2516 130.
1781 2490 1858 2516 decr.
1873 2490 1903 2515 in
1919 2491 2024 2523 quarto
2039 2497 2090 2515 sue
2103 2488 2263 2515 auditionis

401 2543 488 2562 anno.

490 2584 617 2609 Johanni
631 2583 768 2613 Robeleti,
783 2584 848 2609 cler.
866 2583 1064 2609 Matisconens.
1081 2584 1167 2614 dioc.,
1184 2593 1262 2618 mag.
1279 2586 1310 2611 10
1324 2588 1378 2612 art.
1396 2587 1472 2612 stud.
1489 2587 1519 2612 10
1536 2588 1587 2613 sac.
1604 2587 1681 2613 decr.
1700 2588 1832 2614 Parisius.

452 2670 455 2672 q
490 2633 634 2665 Stephano
650 2633 801 2662 Blondelli,
818 2633 884 2658 cler.
902 2632 1058 2658 Senonens.
1075 2633 1161 2663 dioc.,
1176 2642 1252 2667 mag.
1268 2635 1299 2660 in
1314 2637 1367 2660 art.
1386 2636 1509 2661 Parisius
1523 2637 1600 2661 stud.
1615 2637 1645 2662 in
1659 2637 1710 2662 130.
1726 2637 1802 2663 decr.

490 2681 615 2706 Johanni
630 2681 665 2706 de
680 2681 890 2714 Chavignyaco,
907 2681 1034 2707 subdiac.
1049 2682 1178 2708 Trecens.
1196 2683 1282 2711 dioc.,
1300 2692 1375 2717 mag.
1394 2684 1424 2709 in
1441 2686 1495 2710 art.
1514 2685 1636 2711 Parisius
1651 2686 1727 2711 stud.
1745 2686 1775 2711 in
1794 2686 1845 2711 130.
1864 2686 1965 2714 theol..
1982 2685 2132 2711 secretario
2145 2684 2260 2711 domini

404 2731 581 2756 Francorum
597 2730 671 2763 regis
685 2731 713 2755 et
728 2730 763 2755 de
779 2730 868 2755 nobili
883 2738 988 2763 genere
1002 2732 1161 2763 procreato.

489 2778 615 2804 Johanni
630 2779 763 2807 Beroudi.
779 2779 844 2804 cler.
862 2779 1042 2805 Cabilonens.
1060 2779 1145 2809 dioc.,
1162 2788 1239 2813 mag.
1254 2781 1284 2806 in
1298 2783 1364 2811 art,
1381 2783 1448 2808 actu
1461 2783 1572 2816 regenti
1588 2783 1711 2809 Parisius
1725 2785 1754 2809 et
1769 2783 1845 2809 stud.
1861 2783 1892 2809 in
1908 2783 1959 2809 fac.
1977 2783 2067 2809 theol.

489 2827 615 2852 Johanni
626 2826 753 2852 Archerii
766 2827 801 2853 de
816 2828 950 2857 Puteolis,
967 2828 1033 2853 cler.
1051 2828 1175 2854 Eduens.
1191 2829 1277 2859 dioc.,
1296 2838 1372 2864 mag.
1387 2831 1419 2856 in
1433 2833 1500 2861 art.‚
1516 2833 1581 2857 actu
1597 2832 1707 2865 regenti
1724 2832 1846 2858 Parisius
1860 2832 1891 2858 in
1904 2832 1956 2858 sac.
1974 2831 2146 2858 earumdem
2158 2832 2213 2857 art.
2229 2832 2259 2857 et

401 2876 477 2902 stud.
495 2875 525 2900 in
542 2875 629 2901 theol.

523 2923 561 2946 11.
