2502 3418
364 317 429 349 400
944 327 1264 350 cuAn'ruLAmUM
1299 327 1490 349 cmvnas.
1527 327 1656 349 rmus.
2133 313 2230 351 [1421

453 403 507 429 Pro
522 403 602 429 dom.
617 403 653 429 de
668 403 828 430 Pruliacoo.
1399 402 1454 428 Pro
1469 411 1546 435 mag.
1562 402 1665 438 P[etro]
1682 403 1718 428 ad
1734 402 1849 428 Boves⁷.

462 466 498 470 —
525 460 603 485 mag.
621 452 780 479 Guillelmo
795 453 980 479 Bouticoulli.
1407 467 1443 470 —
1469 460 1547 484 mag.
1565 452 1699 478 Johanne
1713 452 1749 478 de
1764 451 1907 477 Vernone.

460 516 496 519 —
524 509 602 534 mag.
620 501 763 528 Richardo
776 501 975 536 Cristell[ari]i.
1409 516 1444 520 —
1470 509 1547 534 mag.
1564 500 1752 536 Aug[ustino]
1767 500 1884 526 Zenobi.
2075 499 2130 535 [αι]

456 589 526 613 Bibl.
542 592 596 613 nat.
612 590 708 622 Paris„
722 598 771 613 ms,
785 591 832 613 lat.
846 590 907 613 5494
923 590 990 619 (Lib.
1005 589 1122 621 bedelli),
1138 598 1164 620 p.
1180 591 1204 612 8.

455 673 478 698 1.
497 683 508 697 t(
525 675 560 697 De
580 674 670 698 Trecis
686 683 707 703 n,
728 683 773 697 seu
791 683 801 697 t(
818 674 940 697 Halboud
957 683 978 703 »,
995 677 1056 697 tunc
1076 673 1197 696 ministro
1218 674 1244 697 S.
1260 673 1385 696 Manu-ini
1404 673 1499 702 Parim,
1515 673 1549 696 ab
1569 681 1611 697 an.
1630 673 1690 695 1422
1709 672 1808 703 majore
1828 672 1950 695 ministro
1966 672 2029 697 Ord.
2047 672 2074 696 S.
2094 672 2232 696 Trinitatis

363 718 426 748 (vid.
445 719 519 743 Gall.
534 719 653 749 christ..‚
668 720 735 749 vul,
752 720 831 748 1740).
848 720 876 742 In
893 719 1010 750 ejusdem
1025 726 1129 742 camera
1144 718 1265 749 magistri
1280 717 1382 749 pluries
1399 721 1473 741 erunt
1488 717 1653 748 congreg-ati.
1667 731 1699 734 —
1712 716 1736 741 2.
1753 717 1862 748 Semper
1878 717 1963 740 adhuc
1978 717 2118 748 Raduipho
2133 717 2232 740 Mares-

361 763 432 787 culli.
447 778 478 781 -—
492 763 516 788 3.
533 764 678 795 Reginaldo
699 764 730 787 de
750 763 884 787 Fontanis.
899 777 930 781 ——
944 763 969 788 4.
990 763 1085 793 Paris„
1108 763 1170 786 Ord.
1194 763 1219 786 S.
1237 762 1383 786 Guillelmi.
1406 763 1478 785 Tunc
1497 762 1571 793 prior
1594 761 1643 785 fuit
1664 762 1798 785 Johannes
1820 761 1962 785 Trolehnn.
1977 775 2008 779 —
2029 761 2053 786 5.
2070 762 2121 785 Seu
2137 770 2149 785 (ι
2169 762 2233 785 Car-

361 808 419 831 lerii
436 817 458 832 ».
473 822 503 826 —-
518 808 543 833 6.
559 809 678 832 Johanne
693 809 724 831 de
739 809 849 839 Roseyo,
866 808 961 831 abbate
974 808 1005 831 de
1018 808 1149 836 Pruliaco,
1165 807 1229 831 Ord.
1245 807 1365 836 Cisterc.,
1381 807 1463 830 dioec.
1478 807 1632 835 senonens„
1649 806 1682 829 ab
1698 815 1767 830 anno
1784 807 1854 832 1419.
1870 806 1925 830 Jul.
1938 806 1977 834 31,
1992 806 2044 836 jam
2062 814 2132 837 mag.
2152 806 2232 834 theol.

363 853 448 882 (Arch.
461 854 529 882 vat„
546 854 601 882 XII.
618 854 671 882 121,
685 862 712 884 p.
727 853 791 883 121).
801 867 831 870 —
843 852 867 877 7.
879 853 978 876 Ultimo
994 852 1036 875 hic
1051 854 1168 876 famosus
1182 852 1266 875 Minor
1281 851 1406 880 offertum
1422 854 1514 883 postea
1532 851 1648 874 Jacobus
1660 851 1779 874 Textoris
1795 859 1889 882 regens
1907 851 1964 874 ruit.
1976 851 2022 874 An.
2035 852 2105 878 1425,
2118 851 2181 874 Jun.
2192 851 2230 880 15,

361 906 410 929 pro
427 898 550 921 defuncto
566 899 642 921 Petro
658 898 691 920 ad
706 898 790 921 Boves
804 898 942 921 servitium
955 897 1117 920 celebratum
1132 900 1172 920 est
1187 898 1247 926 (ms.
1265 897 1336 927 5494,
1351 905 1378 927 p.
1390 897 1440 926 49).

364 1065 392 1101 2
402 1064 509 1101 184.
532 1073 667 1108 Magistri
681 1077 810 1108 regentes
822 1073 976 1107 facultatis
992 1073 1153 1099 medicinae
1169 1082 1215 1099 an.
1234 1073 1400 1100 1421-1422.

1607 1124 1677 1154 1421,
1692 1124 1814 1155 Moremb„
1831 1125 1943 1151 Parisiis,

452 1214 557 1247 Anno
579 1220 615 1246 et
634 1213 692 1246 die
714 1213 932 1258 supradictis
953 1214 1170 1258 inceperunt
1201 1213 1378 1246 lectiones
1408 1225 1493 1246 suas
1521 1225 1586 1258 pro
1615 1213 1784 1258 regencia
1810 1213 1920 1246 totius
1945 1213 2043 1254 anni⁷
2072 1214 2232 1259 exceptis

364 1281 548 1326 magistris
568 1280 732 1314 Johanne
751 1281 936 1326 Avantage
967 1288 1002 1314 et
1027 1280 1190 1314 Johanne
1221 1280 1412 1314 Cotaralli¹
1440 1281 1501 1325 qui
1532 1292 1597 1325 pro
1625 1287 1710 1314 tunc
1738 1280 1946 1314 serviebant
1972 1280 2120 1314 domino
2148 1281 2231 1314 duci

364 1348 587 1393 Borgundie‚
615 1348 677 1393 qui
704 1348 852 1381 suerunt
876 1348 1030 1393 reputati
1058 1354 1249 1393 presentes
1271 1354 1306 1381 et
1330 1354 1501 1393 regentes
1528 1360 1592 1392 per
1612 1347 1829 1389 facultatem,
1852 1347 2048 1380 dummodo
2070 1348 2232 1393 disputa-

363 1422 443 1448 rent
463 1427 529 1448 suo
552 1415 679 1448 ordine
701 1427 766 1460 per
786 1427 839 1456 se,
860 1415 929 1448 hoc
950 1422 1007 1448 est
1030 1415 1067 1448 in
1088 1416 1235 1460 propria
1263 1427 1432 1460 persona,
1456 1427 1522 1447 nec
1543 1427 1609 1460 per
1630 1421 1902 1460 procuratorem
1923 1414 1992 1448 hoc
2015 1415 2157 1456 saciant,
2179 1414 2231 1448 hii

362 1483 423 1527 qui
445 1489 619 1515 secuntur
635 1482 812 1528 magistri.
836 1482 959 1523 [Iidem
980 1483 1041 1528 qui
1059 1494 1116 1516 an.
1136 1483 1234 1524 1420,
1256 1483 1411 1527 exceptis
1426 1481 1506 1515 Joh.
1526 1482 1649 1524 Basin,
1667 1483 1773 1515 Petro
1795 1482 1992 1523 Bernieoti‚
2009 1481 2089 1515 Joh.
2108 1482 2231 1515 Boecii

362 1549 406 1582 de
428 1550 547 1582 Dacia.
569 1549 766 1583 Adduntur
781 1551 900 1582 Droco
922 1550 1069 1591 Decani7
1093 1551 1221 1582 Petrus
1243 1549 1398 1590 Brachi]
1513 1551 1578 1590 [14]

454 1648 598 1671 Commeat.
614 1650 663 1671 suc.
678 1648 757 1676 med.‚
771 1648 790 1676 1,
807 1656 834 1679 p.
850 1649 904 1671 250.
916 1662 947 1665 —
962 1648 1026 1672 Nov.
1040 1649 1062 1677 8,
1080 1648 1161 1672 Guill.
1175 1648 1294 1680 Dyonisii
1310 1648 1478 1672 continuatus
1494 1647 1573 1671 estin
1589 1648 1725 1673 decanum.

453 1733 477 1757 1.
495 1734 515 1756 I.
531 1741 554 1756 e.
567 1733 718 1757 Costereau.

362 1847 507 1884 2185.
529 1857 770 1893 Arcliiepiscopus
787 1857 958 1883 Senonens.⁴
981 1861 1008 1883 et
1027 1858 1199 1894 capitaneus
1223 1860 1376 1885 Senonens.
1398 1862 1539 1884 accusant
1559 1857 1713 1884 Rohertum
1737 1857 1851 1884 Faudin
1870 1861 2033 1895 suspectum
2058 1858 2087 1884 in
2107 1857 2231 1884 materia

447 1905 527 1940 fidei,
548 1915 563 1932 ‹
579 1909 607 1931 et
624 1905 659 1932 de
679 1906 730 1932 hoc
746 1910 809 1932 erat
825 1908 908 1941 fama
928 1910 955 1933 et
976 1906 1148 1933 scandalum
1164 1917 1188 1941 ›,
1207 1911 1235 1933 et
1248 1909 1312 1943 jam
1323 1917 1378 1945 per
1397 1917 1503 1934 annum
1519 1907 1659 1934 remansit
1677 1907 1730 1933 sub
1752 1908 1896 1934 sententia
1916 1907 2228 1943 excommunicationis,

449 1955 569 1991 ideoque
585 1955 819 1991 archiepiscopus
837 1960 936 1982 contra
953 1956 1045 1992 ipsum
1058 1957 1208 1992 processit,
1226 1966 1242 1983 ‹
1261 1966 1297 1983 ex
1316 1957 1413 1983 causis
1425 1957 1567 1994 predictis
1588 1966 1642 1993 que
1661 1957 1782 1993 sapiunt
1800 1957 1931 1992 heresim,
1957 1957 2026 1983 c'est
2046 1957 2178 1983 assavoir
2194 1966 2230 1983 ou

449 2004 554 2039 regard
575 2004 658 2030 dudit
680 2005 935 2031 excommuniment
955 2009 982 2031 et
997 2014 1033 2031 οιι
1053 2006 1158 2040 regard
1173 2006 1208 2032 de
1224 2006 1402 2041 l'insraction
1424 2011 1452 2033 et
1471 2010 1606 2043 roupture
1628 2005 1679 2032 des
1705 2005 1796 2032 bulles
1821 2006 2021 2043 apostoliques
2042 2015 2069 2033 ›.
2090 2006 2231 2033 Robertus

446 2057 602 2089 propterea
615 2053 655 2079 ad
667 2053 881 2090 parlamentum
897 2054 1064 2090 appellavit.
1083 2055 1241 2091 Inquisitor
1255 2055 1421 2082 haereticae
1436 2056 1593 2092 pravitatis
1607 2059 1789 2092 protestatur
1803 2055 1969 2090 asserendo,
1990 2055 2180 2090 cognitionem
2194 2055 2231 2081 de

450 2103 573 2129 materia
591 2103 663 2137 fidei
684 2103 724 2128 ad
741 2103 901 2129 Ecclesiam
919 2104 1075 2140 pertinere.
1092 2104 1170 2130 Idem
1184 2105 1283 2130 dicunt
1295 2105 1404 2131 rector²
1419 2109 1447 2131 et
1459 2105 1593 2141 deputati
1612 2105 1813 2130 Universitatis
1833 2105 1940 2140 Paris„
1960 2109 1988 2131 et
2007 2105 2126 2141 insuper
2141 2113 2231 2141 expo-

448 2156 526 2187 nunt,
546 2161 561 2178 ‹
577 2161 631 2188 que
649 2162 731 2178 assez
752 2157 808 2179 test
823 2154 909 2188 apres
924 2162 975 2179 son
996 2154 1091 2180 entre'e
1107 2163 1140 2180 en
1155 2163 1207 2180 son
1223 2154 1301 2190 ἄγος.
1319 2159 1347 2180 et
1364 2163 1397 2180 en
1413 2154 1443 2180 la
1459 2154 1514 2180 cite'
1533 2154 1568 2180 de
1590 2155 1660 2180 Sens
1677 2153 1699 2180 il
1712 2153 1974 2191 (archiepiscopus)
1990 2157 2168 2180 ammonesta
2183 2163 2230 2180 ses

448 2201 564 2236 subgiez
578 2202 655 2227 ainsi
668 2211 722 2238 que
735 2203 845 2237 Moyses
860 2202 901 2228 les
915 2205 1019 2237 enfans
1031 2203 1066 2229 de
1084 2203 1184 2229 Ysrael
1198 2207 1225 2229 et
1241 2203 1282 2230 les
1295 2207 1474 2230 ammonesta
1486 2203 1665 2230 doulcement
1678 2212 1702 2238 »7
1719 2207 1771 2229 etc.
1787 2204 1945 2240 Propterea
1959 2204 2041 2230 curia
2049 2203 2230 2240 parlamenti

449 2251 577 2277 remittat
592 2260 711 2277 causam
727 2252 838 2277 omnino
855 2251 895 2277 ad
910 2252 1155 2289 archiepiscopum
1170 2257 1198 2279 et
1207 2253 1438 2288 jurisdictionem
1455 2252 1692 2279 ecclesiasticam.

1553 2342 1621 2372 1421,
1639 2342 1754 2369 Becemb.
1769 2343 1815 2372 22.
1829 2342 1943 2368 Parisiis.

453 2429 531 2453 ArchL
547 2433 600 2452 nat.
620 2429 714 2460 Paris„
731 2430 777 2453 X¹¹²
792 2431 861 2456 4793,
880 2430 923 2455 sol.
941 2430 1007 2453 122¹).
1024 2444 1055 2447 —
1075 2431 1123 2453 An.
1139 2431 1210 2461 1422,
1228 2430 1304 2454 Febr.
1327 2432 1364 2459 20,
1385 2431 1459 2454 curia
1474 2431 1615 2462 proposuit
1629 2431 1810 2462 pronuntiare,
1832 2434 1861 2454 ut
1875 2430 2004 2454 Rohertus
2020 2430 2121 2454 Faudin
2138 2430 2228 2462 inqui-

360 2474 434 2496 sitori
452 2474 599 2497 traderetur
614 2475 668 2503 (X'ss
684 2475 753 2503 1480,
771 2475 814 2498 sol.
831 2475 896 2505 2117).
916 2475 965 2498 Sed
981 2475 1043 2498 Maii
1058 2476 1080 2503 8,
1101 2475 1301 2506 archiepiscopo
1319 2475 1405 2498 Martii
1424 2476 1452 2498 13
1469 2476 1600 2505 defuncto,
1617 2476 1744 2507 magister
1759 2476 1856 2499 Hebert
1872 2476 1976 2504 Comus,
1992 2478 2150 2507 procurator
2164 2475 2229 2499 Uni-

360 2519 503 2547 versitatis,
523 2522 584 2550 post
603 2519 834 2550 congregationem
855 2519 1042 2543 Universitatis
1064 2520 1090 2542 in
1115 2528 1219 2543 camera
1243 2520 1403 2551 parlamenti
1425 2520 1500 2550 dixit,
1523 2520 1728 2544 Universitatem
1746 2529 1797 2544 non
1822 2529 1879 2544 csse
1897 2520 2056 2543 contrariam
2076 2519 2228 2551 elargitioni

361 2563 467 2586 Rebi-rii
484 2563 649 2594 prisionarii,
661 2573 671 2587 (ι
684 2572 715 2587 en
730 2564 843 2587 haillaut
855 2564 940 2587 bonne
955 2568 979 2587 et
991 2565 1127 2588 souffisant
1142 2564 1246 2588 cantion
1262 2565 1357 2588 d'ester
1370 2566 1384 2587 1¹1
1397 2565 1467 2588 droit
1480 2566 1628 2597 pai-devant
1642 2565 1820 2597 l'inquisiteur
1834 2575 1845 2588 «
1863 2565 1948 2595 (ibid.‚
1965 2565 2010 2589 sul.
2027 2564 2104 2595 2511’).
2120 2564 2182 2588 Maii
2197 2564 2227 2587 13

360 2607 492 2631 Johannes
514 2609 646 2638 Sari-asin,
665 2609 780 2632 vicarius
800 2609 898 2640 prioris
914 2613 1057 2632 conventus
1080 2610 1105 2633 S.
1122 2610 1214 2633 Jacubi
1233 2610 1297 2634 Ord.
1314 2610 1416 2638 Praed„
1433 2613 1458 2633 et
1473 2610 1629 2633 Lumbertus
1645 2611 1679 2633 du
1698 2611 1790 2642 Camp,
1811 2610 1983 2633 baccalareus
2004 2610 2085 2633 theol.
2107 2609 2135 2632 in
2157 2609 2227 2632 dicto

361 2656 488 2675 conventu
505 2653 660 2684 interrogati
676 2657 745 2682 sunt,
762 2654 886 2685 numquis
903 2658 972 2677 esset
985 2654 1101 2677 vicarius
1114 2654 1280 2686 inquisitoris
1296 2655 1424 2678 absentis.
1440 2655 1501 2678 Maii
1513 2655 1541 2678 15
1558 2655 1687 2678 Rohertus
1702 2655 1832 2687 elargitus
1842 2658 1883 2678 est
1898 2655 1983 2684 (ibid.,
1998 2654 2042 2678 sol.
2056 2654 2134 2684 25111).

455 2737 479 2761 1.
494 2738 620 2761 llam-icus
637 2739 668 2762 de
680 2739 800 2770 Savoisy.
811 2753 840 2757 —
856 2739 880 2764 2.
898 2740 970 2763 Tunc
985 2740 1118 2763 Johannes
1131 2740 1269 2763 Johannis.
