2502 3418
295 314 392 350 1448]
639 327 685 348 AB
719 327 824 348 ANNo
859 325 1145 348 ΜοεοιΧΧΧΧιν
1180 325 1310 353 USQUE
1348 326 1395 346 ΑΙ)
1430 325 1567 347 ΑΝΝυΜ
1603 326 1808 348 mccccmt.
2093 317 2155 350 677

382 402 457 444 Qua
475 401 740 446 supplicatione
757 400 889 441 audita,
906 399 1072 445 magistri
1093 399 1227 432 ibidem
1246 406 1449 444 presentes.
1468 399 1514 432 ob
1532 401 1769 432 reverentiam
1789 400 1923 444 gradus
1945 407 1979 433 et
2001 412 2156 445 persone

292 468 378 501 dicti
400 467 654 513 supplicantis,
677 474 712 500 et
734 474 880 512 pensata
902 468 981 511 ejus
1002 466 1217 508 humilitate,
1240 466 1502 499 concluserunt
1523 473 1558 499 et
1578 466 1874 499 deliberaverunt
1894 479 1973 499 cum
1996 479 2038 499 eo
2060 468 2156 500 savo-

292 534 456 568 rabiliter
476 534 675 580 procedere
697 541 867 579 quantum
896 540 1026 566 statuta
1053 540 1205 578 possent
1229 540 1387 577 portare.
1411 534 1454 566 Et
1479 533 1594 578 primo
1622 533 1719 577 quod
1748 533 1866 565 dictus
1893 534 2064 577 magister
2088 536 2156 566 Ka-

292 602 393 635 rolus
426 602 469 634 de
500 603 709 646 Mauregart
735 601 772 633 in
804 600 1106 646 processionibus
1139 600 1398 634 Universitatis
1431 607 1466 633 et
1496 600 1620 633 missis
1649 600 1841 639 facultatis,
1871 612 1950 632 cum
1984 600 2154 642 voluerit,

290 669 424 713 poterit
444 680 654 713 comparere
675 668 712 700 in
736 667 860 701 habitu
886 667 1106 713 regentium,
1130 668 1318 712 percipere
1345 667 1449 700 etiam
1480 667 1774 708 distributiones,
1799 666 2022 711 subjacendo
2050 668 2154 712 penis

290 735 500 768 refusionis.
523 735 729 768 Voluerunt
749 735 854 767 eliam
877 734 963 767 dicti
985 734 1149 779 magistri
1170 734 1268 779 quod
1289 734 1325 766 in
1346 734 1449 767 sestis
1472 734 1799 779 magistrandorum
1821 733 1858 765 in
1879 732 2002 766 habitu
2025 745 2155 778 regen-

290 802 378 835 tium
400 809 618 847 compareat,
640 801 796 835 biretum
819 808 854 834 et
877 801 1054 834 cirotecas
1082 801 1306 846 recipiendO.
1334 802 1550 834 Permittunt
1574 801 1725 846 insuper
1749 800 1847 845 quod
1873 800 1996 845 legere
2023 801 2152 844 possit,

290 869 409 902 omnia
429 869 496 902 alia
515 869 559 902 ad
580 869 679 902 viros
700 875 872 914 regentes
893 869 1110 914 pertinentia
1131 867 1189 901 hic
1214 880 1287 901 non
1314 880 1486 914 expressa
1512 868 1549 900 in
1575 868 1671 901 dicto
1698 868 1872 912 magistro
1899 867 2032 900 Karolo
2059 868 2152 901 dictu

286 936 437 969 facultas
458 936 683 981 suspendit¹.

380 1034 527 1058 Comment.
541 1035 591 1057 fac.
607 1033 686 1063 med.y
703 1034 736 1063 11,
752 1042 779 1065 p.
792 1034 830 1057 79.
846 1034 922 1063 But„
936 1034 964 1062 V,
983 1034 1025 1057 541
1042 1042 1082 1065 sq.

380 1118 404 1142 1.
421 1118 480 1149 lpse
494 1127 505 1141 «
523 1118 552 1141 K.
566 1118 598 1141 de
613 1119 764 1149 Mauregart
775 1126 786 1141 »
803 1117 988 1141 deliberationi
1004 1117 1171 1149 signaculum
1187 1125 1264 1141 suum
1277 1117 1304 1140 in
1319 1118 1388 1140 libro
1404 1117 1537 1141 facultatis
1550 1118 1683 1149 apposuit,

286 1271 430 1309 2623.
453 1281 589 1316 Magistri
604 1285 736 1316 regentes
750 1281 905 1316 facultatis
921 1281 1082 1307 medicinae
1097 1290 1146 1308 an,
1162 1282 1293 1308 1447-48.

1515 1338 1592 1367 7447,
1607 1338 1729 1368 More-mh..
1748 1339 1863 1364 Parisii&

372 1425 526 1458 Nomina
553 1426 772 1471 regentium.
805 1427 909 1468 [Sunt
936 1425 1043 1460 iidem
1069 1427 1130 1471 qui
1159 1438 1216 1460 an.
1242 1427 1340 1468 1446,
1362 1431 1512 1470 praeter·
1541 1426 1712 1459 Kar-olum
1742 1427 1961 1472 Mauregart,
1991 1427 2144 1460 Johann.

282 1492 486 1537 Aujouere3
507 1492 727 1538 adjungitur
746 1493 931 1527 Johannes
951 1493 1174 1535 Johannis¹.]
1806 1495 1873 1536 [14]

374 1591 520 1615 comment.
535 1592 585 1615 fac.
602 1592 681 1623 med„
695 1592 727 1622 ΙΙ,
743 1601 771 1624 p.
787 1594 827 1617 78.
842 1606 871 1610 —-
885 1593 1012 1617 Novemb.
1028 1594 1043 1616 4
1058 1592 1172 1617 decanus
1192 1593 1241 1616 sac.
1256 1593 1353 1617 electus
1370 1596 1410 1617 est
1424 1593 1553 1617 Robertus
1565 1594 1696 1617 Julienne.

374 1675 397 1701 1.
413 1676 511 1700 Nomen
527 1676 596 1700 Petri
612 1677 709 1700 Pilntre
724 1677 794 1701 linea
810 1677 924 1701 deletum
940 1681 980 1701 est
991 1686 1051 1701 cum
1064 1681 1126 1701 nota
1140 1686 1151 1702 a
1163 1681 1240 1702 vacat
1253 1686 1279 1707 »ς
1296 1677 1402 1701 nomina
1414 1678 1473 1701 Joh.
1490 1678 1556 1701 Wist
1570 1682 1595 1702 et
1609 1678 1668 1702 Joh.
1685 1678 1813 1701 Johannis
1829 1678 1961 1709 posterius
1973 1678 2063 1702 addita
2075 1682 2146 1702 sunt.

279 1830 424 1867 2624.
447 1839 588 1866 Robertus
604 1839 728 1874 Ciboule,
747 1849 822 1875 mag.
840 1840 936 1875 theol„
952 1841 1101 1878 supplicat
1123 1841 1308 1867 Universitati
1320 1842 1417 1868 Paris.
1434 1841 1545 1867 nomine
1562 1841 1703 1867 ecclesiae
1721 1842 1830 1870 Paris.‚
1847 1844 1877 1866 ut
1891 1841 2038 1867 canonicis
2054 1841 2144 1866 eccle—

365 1890 429 1915 siae
452 1889 566 1915 litter-as
586 1889 879 1915 recommendatorias
899 1890 1048 1925 sigillatas
1069 1899 1171 1925 magno
1191 1890 1289 1925 sigillo
1317 1891 1516 1917 Universitatis
1537 1890 1577 1916 ad
1594 1900 1733 1916 summum
1752 1891 1917 1926 pontificem
1934 1894 1961 1916 ct
1977 1890 2143 1916 cardinales

366 1938 487 1964 tradant
500 1947 552 1975 pro
567 1939 784 1974 confirmatione
803 1940 937 1974 magistri
955 1939 1099 1966 Gaillelmi
1116 1940 1315 1975 Quadrigarii,
1334 1940 1465 1966 Decemb.
1481 1942 1497 1967 6
1513 1940 1540 1965 in
1557 1940 1720 1976 episcopum
1736 1940 1830 1966 Paris.
1849 1939 1942 1966 electi.
1964 1939 2076 1965 Similes
2095 1939 2143 1965 Iit-

366 1992 444 2013 teras
458 1988 558 2023 petivit
578 1988 618 2014 ad
633 1997 725 2023 regem
745 1989 895 2023 Franciae,
913 1989 953 2015 ad
975 1989 1131 2015 Gerardum
1157 1990 1283 2015 Macheti
1302 1993 1329 2015 et
1344 1989 1384 2015 ad
1399 1989 1658 2025 metropolitanum,
1676 1989 1924 2025 archiepiscopum
1942 1991 2139 2023 Senonensem,

365 2037 450 2064 mitti.
472 2037 649 2063 Universitas
665 2038 805 2064 concessit
817 2039 984 2074 petitiones.
1001 2038 1131 2065 Decemb.
1149 2040 1183 2066 12
1198 2039 1313 2065 litterae
1329 2039 1462 2065 missivae
1475 2039 1567 2065 lectae
1582 2043 1656 2065 sant.

1393 2129 1468 2159 1447,
1483 2129 1631 2155 Decembris
1648 2130 1671 2158 7,
1688 2129 1724 2158 12,
1741 2129 1857 2155 Parisiis.

367 2216 488 2239 Auctar.
507 2215 636 2240 Chartul.
657 2216 790 2244 Univers.‚
809 2216 841 2245 ll,
859 2224 885 2247 p.
901 2216 955 2245 702,
971 2217 1000 2239 37
1014 2224 1072 2248 sqq.
1088 2217 1146 2240 Lib.
1160 2223 1237 2247 proc.
1251 2220 1312 2241 nat.
1331 2216 1414 2245 Gall„
1435 2217 1479 2240 sol.
1501 2216 1552 2240 76¹³.
1573 2230 1600 2234 —-
1618 2216 1757 2247 Dionysius
1774 2217 1804 2239 dc
1825 2216 1982 2246 Molcudiuo,
1999 2216 2139 2247 episcopus

273 2259 369 2290 Paris.⁷
386 2260 519 2291 Septemb.
534 2260 571 2287 15,
588 2261 726 2283 defunctus
742 2263 791 2284 est.
809 2261 932 2284 Nicolaus
948 2262 977 2290 V,
994 2261 1086 2285 octob.
1101 2262 1139 2291 27,
1153 2262 1293 2284 Antonium
1309 2262 1419 2293 Crespin
1433 2262 1459 2284 in
1475 2262 1628 2293 episcopum
1644 2262 1732 2293 elegit.
1746 2261 1802 2284 Vid.
1819 2264 1946 2291 Aue-iar„
1963 2261 1981 2284 l.
1997 2270 2030 2290 (κ,
2047 2264 2099 2284 not.
2115 2262 2139 2284 9.

273 2306 321 2328 An.
337 2305 407 2333 1449,
421 2306 487 2336 Aug.
501 2306 538 2333 18,
556 2305 642 2328 solum
660 2305 819 2329 Guillelmus
836 2314 850 2328 a
867 2314 937 2337 papa
954 2307 1124 2329 confirmatus
1138 2310 1178 2329 cst
1191 2306 1284 2337 (ibim).
1304 2307 1437 2330 Rectorem
1454 2306 1640 2330 Universitutis
1658 2306 1791 2338 episeopis
1809 2306 1835 2329 in
1851 2306 1953 2330 actibus
1971 2306 2138 2329 scholasticis

272 2349 474 2380 praeferendum
490 2350 673 2381 pronuntiavit
689 2350 775 2380 (ibid.,
789 2359 817 2382 p.
830 2351 884 2380 735,
901 2354 954 2374 not.
971 2351 1002 2381 4).

272 2499 418 2542 2625,
442 2509 596 2536 Licentiati
613 2511 641 2537 in
655 2511 800 2545 facultate
815 2511 987 2546 theologiae.

1454 2553 1529 2583 1448,
1546 2553 1664 2579 ‹lanum-ii
1674 2554 1718 2583 29,
1734 2554 1851 2579 Parisiis.

1309 2644 1384 2669 Frat.
1399 2643 1537 2669 Genesius
1551 2643 1586 2669 de
1601 2643 1710 2672 Palma,
1727 2642 1849 2668 Minor?

1326 2707 1359 2710 —
1396 2691 1543 2717 Johannes
1558 2691 1689 2720 Marsille,
1706 2691 1810 2723 Augss.

358 2644 432 2678 Mag.
450 2645 598 2671 Johannes
614 2643 765 2674 Boucaru,
780 2645 806 2677 [e
820 2644 941 2678 collegio
954 2643 1043 2679 mag.]
1060 2644 1174 2670 Gervas.

359 2694 434 2719 Frat.
450 2693 627 2719 Guillelmus
641 2694 677 2719 de
692 2693 770 2719 Valle
786 2693 906 2719 Rulonis
914 2693 935 2723 2,
952 2694 1055 2720 Minor.

357 2743 430 2775 Mag.
449 2742 586 2768 Salomon
601 2743 746 2776 Dagornc,
761 2742 856 2768 NaV.³.
1326 2756 1359 2758 —
1398 2740 1539 2767 Henricus
1554 2740 1648 2770 Alain,
1664 2740 1791 2766 Carm.⁰.

358 2792 432 2817 Frat.
448 2791 598 2818 Johannes
612 2792 735 2821 Conani,
752 2792 833 2818 Pred.
846 2791 863 2817 '·.
1203 2751 1206 2833 i
1325 2805 1359 2808 —
1397 2790 1572 2816 Guillelmus
1587 2789 1741 2822 Burgensis
1751 2789 1782 2818 ¹⁰.
1796 2789 1879 2816 Pred.

357 2841 431 2874 Mag.
448 2841 597 2867 Johannes
613 2842 685 2871 Huc,
703 2840 800 2867 Navfl.
1203 2836 1205 2856 ἶ
1327 2855 1358 2858 --
1396 2839 1544 2865 Johannes
1559 2839 1676 2868 Canuti,
1692 2838 1774 2864 Pred.
1786 2838 1818 2865 Η.

1202 2857 1205 2924 i
1324 2904 1359 2906 ᾔ
1395 2888 1543 2914 Johannes
1556 2888 1672 2918 Olearii,
1687 2888 1817 2915 Cluniae.
1830 2887 1861 2915 Ν,
1991 2888 2046 2923 [12]

357 2890 434 2916 Frat.
450 2891 598 2916 Johannes
615 2890 794 2920 Fouclmriifl,
812 2890 910 2916 Carm.
