2502 3418
403 322 466 355 548
983 331 1301 353 CHARTULARIUM
1337 331 1526 353 uNivERs.
1563 330 1691 353 PARIS.
2170 318 2270 356 [1432

404 407 633 439 adversarios
662 407 698 438 in
729 406 829 439 nullo
862 406 1015 451 prosint,
1047 418 1086 439 ac
1120 405 1163 438 ab
1198 406 1336 438 eisdem
1373 406 1634 451 despiciantur,
1674 417 1737 438 sua
1773 405 1984 450 operabitur
2015 417 2267 450 personarum,

402 473 668 518 colloquiorum
687 479 719 506 et
741 473 978 506 conciliorum
997 473 1295 514 communicacio,
1319 479 1357 505 ut
1372 479 1468 505 tante
1486 473 1692 517 iniquorum
1710 472 1851 505 malicie
1868 473 2088 514 resistendo,
2107 472 2268 517 provisio

402 540 559 573 salubris
589 540 804 573 adhibeatur
824 540 860 572 in
882 540 1090 585 premissis;
1121 551 1186 584 per
1216 551 1321 584 quam
1353 539 1460 572 saluti
1490 539 1614 584 populi
1641 546 1676 572 et
1703 539 1929 572 desolacioni
1958 539 2132 572 eminenti
2160 538 2269 584 hujus

404 607 507 653 regni
529 607 698 640 celeriter
714 607 961 652 provideatur,
979 607 1023 639 ad
1044 606 1207 651 ipsorum
1229 606 1498 639 adversantium
1521 606 1787 647 confusionem,
1806 618 1848 639 eo
1866 606 1974 639 modo
1991 618 2063 651 quo
2085 606 2269 651 principes

404 681 651 719 prepotentes,
675 686 740 707 sue
761 673 881 718 plebis
902 674 1111 706 affectantes
1133 673 1304 717 quietem,
1327 672 1595 706 adversantium
1619 672 1791 718 superbie
1812 673 1985 706 resistere
2007 672 2106 706 soliti
2127 679 2223 706 sunt.

492 742 570 774 Hiis
605 741 718 786 igitur
752 740 941 785 expositis,
983 740 1068 772 dicti
1104 739 1366 772 ambaxiatores
1401 751 1466 784 pro
1502 746 1602 784 parte
1642 740 1736 773 dicte
1775 740 2033 773 Universitatis
2082 739 2269 772 humiliter

403 808 673 854 supplicabunt,
688 807 850 852 ejusdcm
869 807 1004 839 excelsi
1018 806 1195 851 principis
1212 806 1442 851 personalem
1458 806 1830 840 communicacionem
1843 807 2013 840 concludi
2028 813 2063 840 et
2078 806 2270 840 efficaciter

401 875 591 921 adimpleri
612 876 703 907 infra
726 886 859 919 paucos
880 873 973 913 dies,
996 880 1031 906 et
1051 885 1155 918 quam
1178 873 1336 906 celerius
1357 873 1548 906 commode
1569 874 1702 918 poterit
1719 873 1890 915 obtineri,
1914 874 2082 919 quoniam
2105 881 2141 906 et
2161 874 2269 906 deso-

401 944 561 976 laciones
588 942 689 987 ipsos
715 941 807 974 ultra
837 940 983 973 modum
1014 940 1170 985 populos
1196 940 1404 985 opprimere
1430 940 1614 973 videntur.
1646 942 1806 986 Tempus
1840 947 1957 974 autem
1988 947 2023 973 et
2052 940 2170 973 locum
2202 952 2268 985 pro

401 1011 524 1043 eadem
547 1009 751 1054 principum
780 1007 1047 1052 colloquiorum
1071 1013 1107 1040 et
1127 1007 1365 1040 conciliorum
1392 1007 1726 1040 communicacione
1756 1007 2014 1052 supplicabunt
2039 1007 2210 1040 celeriter
2234 1013 2270 1040 et

399 1077 584 1110 indefesse
600 1074 793 1120 assignari.

488 1145 590 1183 Item,
621 1149 655 1175 et
682 1141 873 1187 premissis
905 1141 1077 1186 peractis,
1107 1141 1271 1185 ejusdem
1302 1141 1485 1186 magnifici
1520 1141 1697 1186 principis
1727 1141 1771 1174 ad
1804 1141 2014 1174 memoriam
2047 1141 2270 1175 revocabunt

399 1210 555 1245 Concilii
571 1208 756 1254 generalis
773 1208 986 1241 instantem⁴
1004 1207 1301 1249 celebrationem,
1320 1208 1377 1241 cui
1395 1208 1642 1241 transmittere
1659 1208 1859 1241 solemnem
1877 1208 2111 1241 ambaxiatam
2130 1206 2269 1253 pluries

399 1276 614 1322 spopondit;
633 1283 668 1308 ct
684 1275 853 1320 quoniam
876 1275 986 1308 instat
1006 1275 1229 1308 neccessitas
1251 1287 1316 1320 pro
1333 1275 1511 1308 arduitate
1528 1275 1758 1308 materiarum
1780 1274 1915 1308 ibidem
1934 1275 2216 1316 tractandarum,
2234 1281 2269 1308 et

399 1344 566 1377 celeritas
587 1354 708 1375 rerum
730 1342 952 1387 agendarum
972 1342 1149 1386 exposcit,
1168 1353 1233 1374 sue
1255 1341 1486 1375 inclitissime
1509 1341 1755 1374 dominacioni
1774 1341 2002 1387 supplicetur
2019 1342 2183 1386 ejusdem
2202 1353 2267 1374 sue

399 1410 596 1456 legationis
613 1409 889 1455 expedicionem
910 1409 1084 1441 continuo
1106 1408 1298 1454 adimpleri
1316 1415 1351 1442 et
1370 1408 1456 1442 illuc
1477 1408 1627 1442 indilate
1650 1409 1877 1448 transn1itti⁵,
1896 1421 1962 1454 pro
1980 1409 2098 1442 fructu
2122 1415 2266 1454 sperato

399 1478 569 1511 universe
595 1483 718 1509 sancte
745 1475 901 1509 ecclesie
926 1476 1203 1520 consequendo,
1230 1475 1443 1520 honoreque
1472 1482 1507 1509 et
1531 1475 1747 1508 exaltatione
1770 1476 1826 1508 sui
1851 1475 2006 1521 gloriosi
2027 1476 2200 1517 nominis,
2222 1475 2266 1508 ad

398 1556 547 1578 suorum
570 1544 874 1589 predecessorum
897 1543 1149 1582 imitationem,
1171 1549 1238 1575 etc.

485 1611 644 1644 Tandem
666 1617 783 1643 autem
803 1610 920 1642 eidem
937 1609 1092 1655 principi
1109 1609 1342 1642 inclitissimo
1360 1610 1588 1643 Universitas
1605 1610 1778 1643 offeratur
1793 1610 1829 1642 in
1846 1621 1886 1642 se
1903 1616 1938 1643 et
1953 1610 2030 1643 suis
2049 1610 2265 1655 suppositis,

397 1686 429 1711 et
452 1678 623 1724 precipue
645 1689 774 1722 preces
796 1684 831 1710 et
851 1677 1037 1709 orationes
1054 1683 1089 1709 et
1109 1677 1365 1709 universorum
1388 1676 1693 1722 obsequia,juxta
1715 1689 1815 1710 suam
1838 1677 2121 1722 professionem,
2138 1683 2206 1710 etc.

488 1776 605 1800 Minuta
620 1775 736 1799 chartac.
750 1775 776 1797 in
793 1775 870 1798 Arch.
887 1774 1009 1798 Univers.
1025 1774 1119 1802 Paris.‚
1138 1774 1213 1797 theca
1229 1775 1248 1804 l,
1264 1775 1314 1798 ΑΛ.
1332 1774 1357 1798 b.
1375 1788 1403 1792 —
1415 1775 1563 1804 JommAm,
1580 1779 1609 1797 n⁰
1624 1775 1693 1804 1238,
1708 1774 1751 1806 qui
1766 1774 1896 1806 plurimas
1910 1775 2076 1798 difficultates
2089 1774 2201 1806 legendo
2214 1783 2266 1798 non

396 1829 586 1852 supergressus
597 1824 646 1844 est.
657 1834 688 1838 —
700 1819 834 1851 Eugenius
851 1820 884 1842 lv
896 1819 973 1842 etiam
990 1819 1050 1842 duci
1066 1819 1236 1850 Burgundiae
1252 1819 1361 1850 scripsit
1376 1819 1458 1850 (Hist.
1472 1820 1505 1843 de
1515 1820 1693 1850 Bouryoqne,
1711 1820 1750 1849 lV,
1766 1820 1890 1848 Prenves,
1905 1828 1932 1850 p.
1946 1821 2073 1850 Lxxxvn).
2088 1820 2187 1843 Revera
2201 1819 2267 1844 Con-

396 1866 482 1889 ventio
497 1869 590 1897 postea
603 1873 692 1888 mense
703 1863 859 1888 Novembris
871 1864 1057 1892 Autissiodori,
1069 1867 1240 1895 promovente
1251 1864 1384 1887 cardinale
1396 1864 1483 1895 legato
1498 1864 1605 1887 Nicolao
1616 1864 1648 1887 de
1659 1864 1819 1895 Albergntis,
1831 1864 2024 1893 celebrabatur,
2042 1867 2070 1887 ut
2086 1872 2138 1895 pax
2153 1865 2265 1888 duorum

396 1919 488 1942 regum
504 1913 703 1941 procuraretur.
719 1909 768 1932 Sed
784 1909 850 1931 nihil
867 1909 1020 1931 conclusum
1036 1912 1085 1932 est.
1101 1908 1141 1932 Cf.
1153 1908 1190 1932 DE
1207 1909 1381 1937 BEArcocuT,
1397 1909 1467 1933 Hist.
1479 1910 1512 1933 de
1526 1909 1640 1933 Char-les
1660 1908 1722 1938 VII,
1736 1912 1754 1932 t.
1772 1909 1803 1938 11,
1815 1917 1843 1940 p.
1856 1909 1912 1938 438,
1927 1909 1973 1932 446
1988 1917 2039 1940 sq.,
2052 1909 2109 1932 451.

489 1994 513 2019 1.
527 1995 561 2018 De
577 1994 626 2017 hac
641 1993 803 2017 desolatione
814 1993 887 2016 urbis
899 1993 981 2017 Paris.
996 1993 1049 2016 vid.
1063 1993 1190 2024 epistolas
1201 1993 1347 2024 praepositi
1359 1996 1544 2022 mercatorum,
1555 1996 1614 2023 etc.,
1628 1993 1658 2015 ad
1672 2001 1760 2024 regem
1772 1992 1882 2024 Angliue
1895 1993 2079 2024 civitatemque
2090 1993 2264 2016 Londoniens.

395 2040 486 2063 eodem
502 2047 569 2062 anno
585 2038 656 2069 apud
675 2039 781 2067 ὓκιῐητ,
800 2038 950 2062 Collection
964 2038 1027 2068 ye'n.
1044 2039 1090 2062 des
1105 2039 1269 2061 documents
1286 2038 1414 2067 srancais
1429 2037 1520 2068 quise
1540 2041 1671 2062 trouvent
1682 2044 1717 2062 en
1729 2037 1904 2068 Anyleterre,
1918 2037 1937 2066 1,
1951 2046 1979 2069 p.
1993 2038 2038 2061 250
2051 2045 2091 2069 sq.
2103 2051 2133 2055 —
2144 2037 2168 2062 2.
2185 2038 2266 2061 Soror

396 2084 470 2107 ducis
484 2083 664 2114 Burgundiae,
676 2084 756 2110 Anna,
770 2082 803 2105 ab
819 2090 862 2105 an.
876 2082 1078 2111 1423,Junii14,
1093 2082 1142 2105 suit
1157 2090 1221 2105 uxor
1229 2082 1303 2105 ducis
1319 2082 1485 2105 Bedfordiae.
1499 2095 1528 2099 —
1539 2082 1563 2106 3.
1580 2082 1636 2105 Non
1650 2082 1681 2104 de
1695 2090 1706 2104 «
1720 2082 1833 2104 inimicis
1846 2090 1867 2109 υ,
1882 2085 1910 2105 ut
1924 2083 2004 2113 paulo
2020 2085 2105 2110 antea,
2122 2082 2167 2105 sed
2181 2082 2267 2105 solum

396 2130 428 2151 de
444 2137 454 2151 ι
471 2128 632 2151 adversariis
647 2136 658 2150 υ
676 2127 841 2151 Universitas
864 2135 932 2149 nunc
950 2126 1075 2158 loquitur,
1093 2126 1189 2158 quihus
1208 2135 1218 2149 ι(
1236 2127 1383 2150 oblationes
1401 2135 1412 2149 »
1430 2127 1575 2156 (Jountmm
1593 2134 1598 2149 :
1613 2126 1806 2156 conventiones)
1819 2129 1950 2149 terrarum
1966 2126 2100 2150 faciendas
2115 2127 2265 2158 proposuit.

398 2187 424 2191 —
441 2173 466 2198 4.
483 2174 502 2197 Ι.
518 2181 541 2196 e.
557 2182 569 2194 α
586 2175 751 2203 praesentem
764 2181 787 2195 ι).
803 2185 832 2189 -
846 2170 870 2196 5.
886 2173 957 2195 Anno
973 2172 1072 2199 eodem,
1088 2171 1190 2202 pluries
1205 2171 1257 2194 dux
1268 2171 1438 2202 Burgundiae
1453 2171 1479 2194 in
1491 2171 1608 2194 Concilio
1624 2179 1651 2194 se
1666 2170 1810 2201 excusavit,
1824 2179 1875 2202 qua
1888 2179 1919 2194 ex
1933 2179 2013 2194 causa
2028 2171 2187 2202 legationem
2200 2179 2266 2194 non·

397 2219 459 2240 dum
475 2217 600 2246 misisset,
617 2220 642 2240 et
657 2217 742 2240 solum
755 2224 798 2239 un.
813 2217 882 2245 1433,
894 2215 997 2245 Martio,
1010 2215 1188 2239 ambassiatae
1199 2216 1296 2239 mentio
1308 2216 1345 2244 fit,
1358 2219 1384 2239 et
1393 2215 1472 2238 Junio
1483 2215 1689 2238 ambassiatores
1704 2215 1908 2246 incorporantur
1923 2215 2009 2244 (Mon.
2027 2215 2129 2240 Concil-
2140 2216 2264 2246 yeneral.

399 2269 468 2287 saec.
480 2262 543 2292 XV,
555 2265 574 2285 t.
586 2262 619 2292 11,
631 2270 658 2293 p.
675 2261 790 2290 141,186,
799 2261 852 2289 279,
867 2262 921 2289 338,
937 2261 996 2289 360;
1012 2261 1130 2289 HALLER,
1144 2261 1247 2284 Concil.
1259 2260 1360 2289 Basil„
1373 2261 1404 2289 11,
1417 2268 1442 2291 p.
1455 2261 1510 2288 369,
1521 2263 1580 2289 etc.,
1589 2261 1634 2283 437
1646 2261 1707 2291 sq.).

399 2448 493 2484 242
503 2441 524 2483 1
534 2475 542 2483 .
567 2455 702 2490 Magistri
715 2459 843 2490 regentes
860 2455 887 2480 in
900 2454 1044 2489 facultate
1060 2454 1220 2480 medicinae
1233 2463 1281 2481 an.
1295 2455 1462 2481 1432-1433.

1565 2533 1638 2563 7432,
1654 2533 1800 2560 Novembris
1815 2534 1847 2563 11,
1863 2533 1979 2559 Parisii&

488 2622 594 2654 Anno
625 2621 770 2654 Domini
800 2614 905 2654 {432¹
941 2621 998 2654 die
1033 2621 1131 2666 jovis
1161 2633 1230 2666 que
1274 2621 1341 2654 suit
1375 2621 1429 2666 xja
1462 2620 1677 2654 Novembris
1714 2621 1930 2666 inceperunt
1962 2620 2139 2654 lectiones
2178 2629 2262 2654 suns

399 2688 562 2733 magistri
583 2687 644 2732 qui
664 2688 722 2720 hic
739 2688 1013 2721 inscribuntur:

485 2786 550 2812 Joh.
566 2785 704 2812 Belardi2.
1433 2786 1534 2812 Petrus
1548 2786 1744 2813 Cardonnelli.

486 2835 520 2860 G.
535 2833 704 2868 saquespele.
1433 2835 1572 2863 Henricus
1587 2835 1724 2861 Thibout.

486 2882 520 2908 ΙΙ.
535 2882 686 2916 Βοηςηγῧ.
1432 2885 1496 2911 Joh.
1515 2884 1700 2918 Lengrenois.

2483 2413 2502 2519 ..ita-s...
2500 2391 2501 2394 „
2500 2369 2502 2372 .
2500 2345 2502 2347 .

2484 2549 2502 2691 Ξ
