2502 3418
426 327 492 360 300
1005 336 1323 360 CHARTULARUJM
1358 337 1550 360 umvsns.
1588 337 1717 359 PAnls.
2195 323 2295 360 [1415

426 411 594 439 utensilibus,
610 419 622 434 «
637 411 772 442 pertinens
788 412 802 434 31
819 411 866 435 fait
877 411 1034 444 d’escolage,
1049 420 1149 436 comme
1168 411 1279 441 chastes,
1295 411 1385 439 hanes,
1408 412 1524 435 four-mes
1546 414 1570 434 et
1585 410 1678 434 letrins
1698 419 1721 434 ».
1743 411 1809 442 Aug.
1826 411 1856 433 26
1868 410 1951 434 Jebnn
1972 403 2130 434 Chnndelier
2146 418 2157 433 «
2173 410 2256 434 maire
2270 413 2295 435 et

426 455 508 487 garde
529 455 561 479 de
580 456 606 478 la
621 455 778 487 jurisdicion
793 464 843 487 que
862 459 907 479 ont
928 458 942 479 ἰι
962 457 1036 480 Paris
1051 457 1089 480 les
1106 456 1247 479 chanoines
1272 456 1303 479 de
1326 456 1400 479 Saint
1415 456 1507 479 Benoit
1522 455 1546 478 le
1561 455 1720 478 Bientourne'
1735 464 1748 476 »
1765 454 1838 478 misit
1851 454 1878 477 in
1893 454 2089 486 possessionem
2113 454 2294 478 Boemundum

428 499 510 529 (ibid.,
531 504 561 523 n0
575 501 624 530 20).
640 500 676 523 De
689 500 738 523 hac
753 500 830 524 domo
843 501 929 524 adhuc
944 501 1033 532 agitur
1049 509 1091 524 an.
1107 501 1166 524 1461
1180 504 1206 524 et
1220 501 1281 523 1489
1297 500 1381 530 (ibid.,
1402 500 1436 523 nl·
1451 500 1479 523 21
1494 503 1519 523 et
1534 500 1582 529 22).

520 579 544 604 1.
563 580 622 603 Fuit
636 588 703 604 unus
718 588 731 604 e
749 584 861 612 quatuor
875 581 993 604 librariis
1012 580 1199 604 Universitatis
1214 580 1298 604 Paris.
1316 580 1375 603 vid.
1391 580 1470 603 etium
1486 581 1605 604 Auctar.
1620 580 1640 604 1.
1655 593 1686 597 -
1703 578 1727 603 2.
1749 579 1784 602 De
1799 578 1858 610 ipso
1874 586 1953 610 saepe
1968 578 1995 602 in
2010 581 2129 604 Λυσίαν.
2146 579 2156 602 l
2172 582 2197 603 et
2214 579 2247 604 11.
2264 593 2295 597 —

426 623 451 649 3.
468 625 496 648 ln
510 629 539 647 n⁰
554 625 583 648 19
599 633 604 648 ·.
621 634 634 646 α
650 627 683 648 οὐ
700 628 740 648 est
750 625 840 656 painte
854 624 960 656 l’imnge
976 625 1046 648 saint
1060 625 1154 648 Michel
1165 634 1188 648 n.
1205 625 1240 648 De
1254 624 1304 647 hac
1321 624 1398 647 domo
1414 632 1493 655 saepe
1508 624 1533 647 in
1549 624 1633 647 Mem.
1654 625 1709 653 fac.
1729 624 1803 647 decr.
1816 637 1847 641 -—
1859 622 1884 648 4.
1901 623 1929 646 In
1947 627 1977 646 n⁰
1990 624 2036 647 19:
2051 633 2064 645 a
2080 625 2095 646 εὶ
2110 631 2160 647 une
2175 623 2294 655 chapelle

427 669 519 692 fonde'e
531 677 562 692 en
578 669 678 700 l'eglise
691 669 722 692 de
739 670 764 693 S.
781 669 874 693 Seurin
888 678 910 694 r.

427 790 571 827 2043.
595 799 720 825 Litterae
732 800 930 835 procuratoris
946 803 973 825 et
987 800 1114 825 nationis
1130 799 1325 834 Picardorum,
1344 799 1448 834 quibus
1466 799 1506 824 ad
1523 798 1691 825 relationem
1706 807 1781 834 mag.
1798 798 1938 825 Iohannis
1953 799 1989 825 de
2002 799 2199 834 Monteleonis,
2217 808 2290 834 mag.

515 852 570 875 art.
586 852 613 874 et
625 848 767 874 licentiati
780 849 808 874 in
822 848 917 883 theol.,
934 852 1076 883 asserunt,
1091 857 1122 874 se
1135 848 1233 874 ducem
1247 847 1432 882 Burgundiae
1446 851 1559 882 gratum
1573 847 1693 874 habere⁴
1703 858 1712 880 ‚·
1724 847 1881 874 Iohannem
1896 849 2011 875 Gerson.
2026 848 2164 883 legationi
2180 849 2293 874 Univer-

513 897 611 923 sitatis
625 897 665 922 ad
682 897 834 923 Concilium
851 906 905 923 non
921 897 1090 932 adjungunt,
1110 897 1192 922 immo
1209 897 1300 933 ipsum
1319 901 1458 932 revocant,
1475 901 1502 922 et
1517 896 1569 922 hoc
1586 900 1706 933 propter
1718 905 1871 933 personam
1886 906 1972 933 quam
1988 897 2058 934 ipse,
2074 906 2090 924 ‹
2106 906 2188 933 quem
2201 899 2291 932 furor,

515 946 635 982 impetus
651 946 764 982 pariter
781 950 808 972 et
825 945 920 971 odium
943 946 1111 972 excitabant
1131 955 1146 971 »
1166 950 1265 971 contra
1285 945 1384 971 ducem
1403 945 1598 980 Burgundiae,
1624 945 1653 971 in
1670 954 1810 982 processu
1829 945 2026 974 damnationis
2047 946 2185 972 Iohannis
2209 946 2295 972 Parvi

511 995 610 1029 gessit.
624 996 711 1020 Juxta
726 1003 871 1020 sacrorum
886 1003 1024 1020 canonum
1038 994 1171 1020 instituta
1188 995 1323 1020 atrociter
1332 994 1497 1030 puniendus
1513 998 1565 1020 est.
1582 994 1744 1030 propositio
1760 995 1789 1021 in
1807 994 1930 1021 Concilio
1946 994 2135 1021 condemnata
2148 1004 2294 1031 nunquam

514 1044 541 1069 in
555 1052 639 1078 regno
656 1043 795 1069 Franciae
810 1047 981 1069 assertorem
997 1043 1107 1070 habuit.
1124 1044 1188 1069 Dat.
1207 1044 1330 1070 Parisius
1345 1044 1376 1069 in
1392 1045 1491 1070 nostra
1506 1043 1634 1077 generali
1649 1044 1875 1077 congregatione
1894 1045 1985 1078 [apud
1997 1044 2024 1071 S.
2042 1044 2198 1071 sulianum
2215 1045 2292 1071 Pau-

511 1091 619 1127 perem]
637 1092 805 1119 solemniter
820 1093 993 1126 congregata
1011 1100 1089 1118 anno
1110 1093 1196 1120 Dom.
1216 1093 1319 1119 milles.
1341 1092 1632 1126 quadringentesimo
1651 1092 1882 1126 quintodecimo.
1899 1093 1945 1119 die
1960 1093 2020 1119 xixa
2035 1093 2142 1120 mensis
2157 1093 2291 1127 Augusti.

514 1151 528 1165 «
544 1142 639 1175 Nuper
658 1141 804 1175 siquidem
821 1151 846 1166 υ.

1633 1178 1703 1207 1415,
1717 1177 1825 1210 Auyusti
1838 1178 1876 1207 19,
1892 1178 2005 1204 Parisiis.

516 1260 585 1283 Bibl.
600 1263 653 1284 nat.
669 1259 765 1289 Paris„
781 1268 830 1284 ms.
846 1261 893 1283 lat.
910 1260 997 1291 14851‚
1010 1261 1055 1284 fol.
1072 1261 1085 1284 3
1099 1261 1134 1290 (in
1151 1261 1177 1283 2·
1189 1262 1284 1292 parte).
1302 1275 1329 1278 —
1346 1261 1412 1291 Opp.
1431 1261 1556 1290 Gerson.‚
1572 1261 1602 1290 V,
1616 1262 1662 1284 376
1675 1269 1733 1293 sqq.

513 1340 535 1364 1.
552 1340 654 1364 Similia
668 1343 696 1363 ut
711 1340 737 1363 in
753 1341 908 1364 documento
925 1341 1044 1372 sequenti
1056 1341 1145 1364 facult.
1163 1341 1259 1364 decret.

421 1511 565 1548 2044.
588 1521 715 1546 Litterae
730 1520 847 1547 decani⁴
866 1525 893 1546 et
908 1520 1021 1555 collegii
1036 1521 1189 1555 facultatis
1207 1521 1311 1548 decret.
1330 1521 1438 1555 Paris,
1458 1521 1562 1557 quibus
1577 1521 1617 1547 ad
1631 1521 1799 1548 relationem
1813 1530 1884 1557 mag.
1900 1521 2039 1548 Iohannis
2055 1521 2091 1548 de
2104 1521 2292 1548 Monteleonis

508 1570 659 1605 sequentia
672 1570 823 1596 ,ςίαὶέιιιιηίἒ2
836 1579 844 1596 .·
860 1570 890 1596 10
906 1570 1004 1596 ducem
1019 1570 1204 1605 Burgundiae
1218 1575 1331 1605 gratum
1348 1570 1469 1606 habent,·
1489 1572 1518 1598 2⁰
1531 1579 1590 1597 non
1604 1570 1723 1597 credunt
1738 1570 1838 1597 ducem
1855 1570 2042 1606 Burgundiae
2059 1570 2161 1607 aliqua
2179 1571 2293 1597 commi-

508 1619 590 1652 sisse,
605 1623 725 1655 propter
738 1628 812 1654 quae
826 1620 985 1655 Imperator
997 1619 1072 1645 male
1086 1620 1246 1645 contentari
1255 1620 1399 1656 potuerit,·
1415 1621 1445 1647 3⁰
1461 1619 1580 1646 credunt
1593 1620 1685 1656 ipsum
1701 1619 1810 1646 nullam
1823 1619 2102 1654 confoederationem
2116 1629 2176 1646 cum
2190 1620 2292 1656 Anglis

509 1668 629 1702 habere5
648 1669 677 1694 4⁰
699 1676 752 1693 non
771 1667 890 1694 credunt
913 1667 1069 1694 Iohannem
1091 1669 1177 1694 Parvi
1199 1669 1426 1705 propositionem
1447 1669 1475 1695 in
1499 1668 1623 1695 Concilio
1647 1669 1859 1695 Constantiensi
1878 1668 2096 1695 condemnatam
2115 1669 2293 1704 asseruisse,-

505 1716 683 1753 proindeque
707 1716 831 1742 Iohanni
857 1717 974 1743 Gersoni
995 1725 1050 1743 non
1075 1717 1244 1752 adhaerent,
1269 1718 1352 1744 immo
1376 1718 1469 1754 ipsum
1489 1718 1660 1752 desavoant5
1685 1720 1715 1745 5⁰
1734 1716 1879 1744 Iohannes
1903 1719 2008 1744 Gerson
2032 1727 2050 1744 a
2069 1727 2124 1744 sua
2149 1717 2292 1753 legatione

508 1770 665 1800 revocetur-,-
681 1767 710 1792 6⁰
725 1774 759 1791 ne
776 1767 931 1802 praefatus
950 1774 1029 1792 error
1043 1775 1058 1792 ‹
1073 1775 1152 1792 error
1167 1767 1308 1793 Franciae
1321 1776 1337 1793 ›
1354 1771 1472 1802 vocetur,
1491 1767 1663 1793 concludunt
1678 1767 1749 1794 dare
1764 1767 1918 1803 deputatos
1934 1766 1974 1793 ad
1988 1767 2087 1793 ducem
2101 1767 2289 1803 Aquitaniae,

509 1818 538 1840 ut
554 1815 615 1851 ipse
631 1814 754 1840 Concilio
771 1816 915 1841 Constant.
934 1814 1083 1850 rescribat,
1100 1819 1242 1851 quatenus
1258 1816 1390 1842 honorem
1406 1816 1486 1851 regni
1499 1820 1650 1842 conservet.
1667 1817 1701 1842 In
1716 1824 1847 1851 quorum
1861 1816 2071 1851 premissorum
2086 1816 2291 1844 testimonium

507 1865 636 1897 sigillum
658 1865 793 1890 nostrum
814 1864 997 1897 presentibus
1023 1864 1126 1890 litteris
1148 1865 1288 1892 duximus
1310 1866 1532 1900 apponendum.
1561 1866 1672 1892 Datum
1696 1868 1725 1892 et
1751 1867 1851 1892 actum
1877 1864 1918 1901 [in
1945 1865 2169 1899 congregatione
2190 1867 2290 1892 nostra

507 1913 633 1946 generali
656 1913 736 1947 apud
760 1913 787 1939 S.
813 1913 979 1939 ,Iohannem
1003 1913 1305 1948 Hierosolymitanum
1327 1915 1450 1941 Parisius
1473 1915 1644 1941 solemniter
1663 1914 1815 1950 celebrata]
1839 1922 1887 1941 an.
1913 1915 1999 1941 Dom.
2023 1914 2150 1941 MCCCC
2162 1915 2220 1945 XV,
2242 1914 2290 1942 die

508 1963 552 1996 xxj
569 1962 676 1988 mensis
690 1962 824 1995 Augusti.
841 1972 854 1986 <t
871 1962 962 1989 Hodie
974 1962 1120 1996 siquidem
1135 1973 1160 1988 ».

1628 2000 1697 2027 1415.
1713 1999 1819 2031 Augusti
1829 2000 1869 2030 21,
1886 2000 2001 2026 Parisiis.

512 2086 580 2110 Bibl.
597 2090 650 2110 nat.
666 2087 761 2117 Paris,
775 2096 823 2110 ms.
840 2087 887 2111 lat.
904 2088 973 2118 1485,
992 2089 1035 2112 sol.
1051 2090 1063 2111 2
1077 2088 1113 2118 (in
1129 2089 1156 2111 2-
1170 2090 1266 2120 parte).
1282 2102 1312 2106 —
1329 2089 1396 2119 Opp.
1412 2088 1538 2117 Gen-son„
1555 2088 1585 2117 V,
1601 2084 1656 2111 3711.

511 2170 535 2195 1.
551 2170 635 2194 Livini
650 2171 783 2201 Neuelinc,
799 2171 843 2203 qui
858 2171 975 2200 (Livinus
990 2181 1001 2195 (t
1017 2173 1048 2195 de
1063 2173 1189 2197 Gondavo
1206 2173 1228 2203 »)
1252 2181 1295 2197 an.
1317 2173 1387 2202 1414,
1402 2172 1524 2197 Decemb.
1541 2173 1581 2202 20,
1596 2180 1645 2204 pro
1659 2175 1735 2204 parte
1755 2172 1830 2208 ducis
1846 2172 2016 2204 Burgundiae
2031 2176 2057 2196 et
2071 2181 2120 2205 pro
2139 2173 2199 2205 ipso
2220 2174 2289 2198 Con-

419 2215 530 2238 stantiae
543 2215 569 2238 in
584 2215 641 2238 loco
658 2215 771 2239 nationis
785 2216 965 2244 Germanicae,
980 2217 1037 2240 scil.
1051 2217 1077 2240 in
1094 2217 1232 2240 refectorio
1247 2219 1307 2241 frat.
1322 2217 1462 2246 Minorum,
1476 2217 1510 2240 ud
1523 2220 1636 2249 quatuor
1653 2217 1820 2248 quaestiones
1835 2217 2013 2248 respondebat
2028 2217 2107 2247 (Bibl.
2121 2221 2175 2242 nat.
2192 2218 2287 2247 Paris„

418 2259 436 2282 l.
450 2268 482 2284 c..
504 2260 549 2283 sol.
566 2260 604 2287 16,
618 2260 644 2282 1³
658 2262 753 2291 parte).
768 2274 797 2277 —
813 2260 838 2285 2.
853 2261 885 2284 Et
904 2261 1009 2292 quidem
1027 2269 1039 2284 «
1054 2261 1145 2285 habita
1161 2265 1265 2285 matura
1280 2265 1306 2285 et
1320 2261 1446 2285 diuturne
1459 2262 1527 2285 inter
1542 2269 1600 2291 nos,
1615 2261 1652 2285 uti
1667 2261 1693 2284 in
1714 2261 1805 2285 arduis
1825 2261 1938 2293 negotiis
1960 2262 2067 2286 solitum
2082 2265 2122 2286 est
2136 2262 2203 2292 fieri,
2218 2263 2250 2286 de
2263 2266 2290 2286 et

419 2312 498 2335 super
511 2304 633 2327 omnibus
646 2308 671 2328 et
686 2304 798 2336 singulis
813 2305 951 2336 premissis
967 2306 1156 2329 deliberatione
1170 2314 1192 2330 ι).
1208 2307 1261 2329 Hoc
1274 2306 1430 2336 notandum,
1443 2314 1503 2329 cum
1518 2306 1609 2329 eadem
1625 2305 1737 2329 facultas
1756 2314 1824 2329 anno
1841 2306 1971 2338 sequenti,
1987 2306 2112 2331 Novemb.
2130 2307 2168 2337 18,
2183 2307 2288 2339 quando

418 2348 579 2371 contrarium
593 2349 714 2378 asseruit,
726 2349 804 2379 dicat,
821 2353 897 2373 antea
912 2350 1058 2373 deliberata
1074 2359 1125 2374 non
1143 2351 1174 2374 de
1189 2354 1274 2374 mente
1289 2351 1422 2374 facultatis
1436 2350 1553 2382 legitime
1568 2353 1731 2382 congregata
1742 2350 1916 2382 processisse.

419 2514 562 2551 2045.
586 2524 729 2550 Iohannes
745 2525 860 2550 Fusoris
876 2529 1030 2551 accusatus
1045 2525 1080 2552 de
1094 2526 1211 2552 crimine
1224 2526 1324 2553 laesae
1339 2527 1512 2562 majestatis⁴

1617 2591 1684 2621 1415,
1700 2591 1827 2624 Septemb.
1847 2592 1869 2621 7,
1885 2592 1999 2618 Parisiis.

506 2669 560 2700 Du
583 2669 718 2701 samedi
739 2670 800 2714 vij⁰
815 2670 901 2714 jour
922 2670 966 2703 de
988 2671 1199 2715 Septembre
1221 2671 1289 2704 l⁷an
1310 2671 1372 2704 mil
1393 2678 1518 2716 quatre
1540 2683 1627 2704 cens
1655 2677 1690 2704 et
1716 2671 1857 2715 quinze.
1892 2671 1960 2703 Par
1980 2671 2111 2703 devant
2137 2671 2284 2704 maistre

415 2733 527 2766 Jehan
549 2734 591 2766 de
613 2735 742 2780 vailly,
767 2736 954 2780 president
974 2749 1019 2769 en
1039 2737 1294 2782 parle111e11t,...
1314 2750 1331 2771 a
1348 2742 1425 2771 este
1445 2738 1571 2770 attaint
1590 2749 1636 2770 ou
1658 2737 1747 2782 petit
1766 2736 1951 2770 Chastelet
1977 2739 1995 2769 a
2015 2737 2115 2770 Paris
2137 2737 2287 2771 maistre·

415 2799 526 2832 Jehan
549 2802 710 2842 Fusoris7
729 2802 904 2835 chanoine
922 2815 967 2836 en
987 2803 1129 2849 l’eglise
1149 2805 1279 2837 Nostre
1302 2806 1411 2837 Darne
1429 2804 1473 2837 de
1494 2804 1608 2844 Paris,
1626 2804 1771 2836 maistre
1788 2815 1834 2836 en
1850 2803 2028 2836 medicine
2045 2809 2081 2836 et
2099 2803 2284 2838 bachelier

416 2877 461 2898 en
481 2866 677 2912 theologie,
701 2872 745 2901 nt':
767 2869 810 2902 de
831 2869 864 2902 la
885 2874 989 2903 conte
1011 2870 1055 2903 de
1078 2870 1191 2912 Retel,
1214 2871 1315 2916 aagie
1336 2871 1380 2904 de
1402 2871 1594 2915 cinquante
1615 2882 1680 2904 ans
1701 2882 1746 2903 ou
1769 2870 1933 2912 environ,
1957 2870 1987 2903 si
2008 2882 2147 2903 comme
2168 2870 2193 2903 il
2215 2870 2280 2912 dit,
