2502 3418
293 330 387 367 1444]
635 343 680 364 AB
715 343 821 364 ΑΝΝΟ
858 342 1145 366 MCCCLxxxxw
1182 342 1311 370 USQUE
1346 344 1393 364 AI)
1428 343 1566 364 ANNUM
1602 343 1808 364 mccccrii.
2092 332 2154 365 647

288 417 400 458 tione,
427 429 465 449 ac
496 417 629 450 ceteris
659 416 797 449 Bituris
827 416 915 448 alias
944 415 1183 460 solempniter
1208 416 1406 456 conclusis,
1435 423 1469 448 ct
1494 416 1666 460 precipue
1693 416 1808 448 donec
1832 417 1907 460 ipsa
1930 416 2156 449 Univcrsitas

288 494 400 528 super
421 483 477 516 his
495 484 538 516 ad
562 483 707 528 plenum
730 483 777 515 sit
795 482 930 523 audita,
954 484 1059 526 cujus
1081 483 1235 515 interest
1254 483 1484 527 gravissime.

378 551 466 582 Item
488 561 606 594 neque
628 550 664 581 in
686 550 893 594 oppositum
913 561 1058 581 movere
1074 549 1183 581 debet
1204 549 1339 594 regiam
1362 549 1616 582 celsitudinem
1640 549 1875 593 congregatio
1894 549 2052 593 predicta
2070 550 2156 581 sacta

289 616 457 654 Bituris³,
486 617 521 648 in
550 616 750 660 qua'pauci
781 616 973 648 admodum
1006 615 1131 659 prelati
1160 616 1417 655 interfuerunt,
1446 628 1525 648 cum
1554 623 1670 648 tamen
1703 627 1761 647 res
1788 622 1880 647 tanta
1913 615 2070 659 requirat
2099 627 2158 647 so-

289 682 443 715 lemnem
466 683 626 715 omnium
650 683 871 727 prelatorum
894 683 1192 726 comparitionem
1215 690 1250 715 et
1268 683 1500 727 presentiam.

377 751 479 790 Item,
502 756 536 782 et
557 749 726 794 quoniam
750 749 912 793 provisio
935 750 1207 794 suppositorum
1225 749 1482 782 Universitatis
1505 761 1569 782 seu
1591 749 1877 781 nominationum
1895 749 2072 792 ejusdcm,
2094 761 2157 792 per

284 816 499 849 sanctionem
514 816 783 860 pragmaticam
806 827 993 860 expressa,
1016 817 1091 848 sere
1113 817 1230 848 inanis
1252 823 1286 848 ct
1306 816 1447 849 inutilis
1464 823 1636 849 censetur
1656 827 1699 848 ex
1716 816 1871 848 deffectu
1894 815 2157 859 compulsionis

287 882 514 921 collatorum,
544 888 667 927 petant
688 882 802 927 ipsam
830 882 1095 927 compulsionis
1124 883 1277 916 litteram
1305 883 1392 916 alias
1421 896 1437 915 a
1469 883 1568 928 regia
1598 883 1782 927 majestate
1812 882 2047 915 Universitati
2073 894 2158 913 con-

286 961 439 990 cessam,
467 956 527 981 aut
553 949 657 982 talem
687 949 812 982 saltem
841 949 1130 994 compulsionem
1153 950 1294 994 qualem
1324 950 1495 982 dominus
1524 956 1651 982 noster
1672 962 1734 982 rex
1761 961 1826 994 pro
1856 949 1932 982 suis
1963 949 2157 981 nominatis

288 1022 455 1049 excercet
474 1016 635 1048 assidue.

376 1084 463 1115 Item
487 1089 522 1115 et
538 1082 632 1115 sicut
652 1094 695 1114 ex
715 1082 846 1115 litteris
869 1083 981 1127 regiis
1003 1083 1210 1127 patentibus
1228 1083 1315 1116 alias
1332 1084 1536 1116 ordinatum
1555 1090 1586 1115 et
1606 1083 1862 1128 proclamatum
1881 1083 2008 1122 extitit,
2027 1083 2156 1115 iterum

285 1149 476 1182 ordinetur
497 1156 532 1182 et
552 1149 770 1194 publicetur,
795 1149 892 1194 quod
920 1150 1102 1194 pendente
1129 1150 1339 1194 hujusmodi
1366 1151 1636 1194 prosecutionis
1664 1150 1910 1183 ecclesiastice
1941 1150 2038 1194 pacis
2068 1156 2157 1182 tem-

289 1227 389 1259 pore,
425 1216 548 1248 nullus
578 1216 792 1248 molestetur
820 1216 855 1248 in
888 1228 1057 1260 persona,
1086 1216 1276 1249 beneficiis
1306 1229 1370 1249 seu
1400 1217 1506 1250 bonis
1534 1229 1599 1261 per
1626 1229 1879 1261 quamcunque
1908 1216 2155 1249 auctoritatem

285 1282 343 1315 vel
365 1294 554 1315 censuram
578 1282 642 1315 hac
666 1283 857 1315 occasione
879 1283 936 1316 vel
963 1284 1113 1316 ratione.
1144 1285 1186 1316 Et
1207 1284 1236 1316 si
1259 1284 1345 1328 quid
1367 1285 1496 1316 sactum
1521 1284 1578 1316 sit.
1604 1290 1806 1320 revocetur,
1835 1290 1868 1316 et
1894 1283 2159 1328 compellantur

285 1349 562 1393 compellendi&

376 1417 462 1448 Item
481 1423 517 1448 et
533 1415 594 1448 ubi
612 1417 842 1461 contingeret
865 1417 1002 1462 aliquid
1020 1430 1130 1462 super
1147 1418 1340 1458 collatione
1357 1418 1617 1450 beneficiorum
1638 1417 1814 1457 innovari,
1834 1417 1878 1449 ita
1897 1417 1992 1461 quod
2010 1417 2157 1449 domino

286 1489 412 1515 nostro
441 1495 530 1527 pape
559 1483 669 1516 altera
700 1495 796 1528 pars,
821 1491 855 1516 et
875 1484 985 1516 altera
1007 1485 1166 1517 dominis
1188 1485 1336 1530 prelatis
1359 1497 1423 1517 seu
1450 1485 1686 1517 collatoribus
1714 1491 1746 1517 et
1774 1484 1935 1529 patronis
1961 1484 2157 1516 ordinariis

285 1549 549 1594 assignaretur,
573 1550 625 1582 sic
647 1550 820 1595 dignetur
843 1551 942 1595 regia
968 1553 1137 1595 majestas
1164 1564 1228 1596 pro
1256 1552 1465 1596 provisione
1492 1552 1715 1584 studentium
1742 1551 1944 1591 intendere,
1969 1551 2065 1595 quod
2093 1563 2157 1595 pro

286 1616 481 1649 nominatis
504 1623 539 1649 et
559 1617 792 1650 nominandis
816 1630 880 1662 per
906 1618 1172 1651 Universiiates
1199 1626 1354 1663 quatuor
1379 1631 1525 1651 menses
1552 1619 1586 1650 in
1614 1617 1774 1663 quolibet
1800 1630 1893 1650 anno
1924 1618 2159 1662 assignentur

286 1683 435 1715 discreti
452 1689 487 1715 et
508 1684 685 1727 expressi,
705 1684 874 1728 quoniam
898 1691 933 1717 et
954 1685 1005 1717 sic
1022 1685 1138 1718 litium
1161 1685 1300 1718 sublata
1323 1685 1469 1718 materia
1492 1692 1526 1718 et
1548 1697 1632 1729 pace
1656 1685 1777 1717 relicta
1796 1684 2040 1724 studentibus,
2062 1691 2156 1717 recte

287 1750 364 1794 ipsa
382 1749 558 1782 beneficia
581 1750 827 1783 ecclesiastica
850 1752 1084 1784 conserentur
1106 1752 1191 1790 illis,
1211 1752 1344 1797 quibus
1367 1764 1465 1785 sacra
1482 1753 1618 1796 jurium
1638 1752 1852 1784 documenta
1870 1751 2013 1795 jubent,
2031 1751 2156 1784 volunt

287 1823 322 1849 et
343 1817 547 1849 decernunt
567 1829 607 1849 ea
629 1817 751 1850 debite
773 1818 965 1863 assignari.

376 1884 463 1915 Item
486 1890 525 1916 ut
544 1884 679 1916 vitetur
701 1885 888 1926 circuitus,
913 1892 945 1917 et
964 1886 1053 1918 ordo
1075 1893 1196 1918 rectus
1218 1886 1469 1918 confusionem
1493 1885 1645 1926 aboleat,
1666 1886 1880 1929 disponatur
1901 1885 1996 1929 quod
2019 1885 2054 1916 in
2077 1897 2159 1929 qua-

287 1949 376 1982 libet
406 1950 592 1994 provincia
626 1951 769 1992 unicus,
807 1951 948 1984 scilicet
982 1953 1298 1997 metropolitanus,
1335 1953 1495 1985 conserat
1530 1964 1593 1997 per
1623 1952 1891 1987 Universitates
1927 1951 2156 1983 nominandis

287 2017 405 2049 omnia
437 2017 614 2050 beneficia
642 2018 678 2050 in
709 2018 815 2050 dictis
844 2025 998 2063 quatuor
1026 2019 1215 2052 mensibus
1245 2020 1418 2057 vacantia,
1442 2026 1564 2064 preter
1594 2019 1652 2051 illa
1679 2031 1748 2063 que
1775 2019 1817 2051 ad
1844 2030 1943 2050 suam
1976 2019 2154 2062 propriam

287 2082 517 2116 collationem
549 2096 613 2117 seu
645 2084 934 2130 qualemcunque
969 2086 1248 2130 dispositionem
1277 2099 1402 2119 vacare
1433 2086 1640 2131 contigerit,
1671 2098 1740 2130 que
1774 2097 1838 2130 per
1867 2085 2021 2130 primum
2052 2097 2154 2117 suum

288 2150 556 2195 suffraganeum
579 2158 714 2184 certum
740 2159 775 2184 ct
795 2153 1053 2185 nominandum
1078 2154 1311 2185 conserantur
1332 2153 1427 2185 dicto
1456 2160 1616 2197 tempore
1643 2152 1745 2185 altcri
1769 2152 1946 2185 dictorum
1970 2152 2157 2184 nominan-

289 2217 431 2249 dorum.
456 2218 516 2249 Et⁵
544 2218 626 2262 quia
652 2218 718 2251 hcc
747 2219 903 2251 secunde
928 2220 1145 2251 eruditionis
1172 2232 1303 2264 parens
1330 2232 1402 2252 non
1425 2232 1467 2252 ex
1489 2232 1557 2252 uua
1581 2220 1731 2264 regione
1753 2219 1883 2259 solum,
1908 2219 1972 2251 sed
1999 2219 2156 2251 diversis

290 2284 415 2316 mundi
437 2284 600 2328 partibus
622 2285 720 2317 viros
742 2285 778 2317 in
800 2298 838 2318 sc
859 2292 959 2318 tenet
979 2286 1246 2319 beneficialium
1268 2287 1535 2331 promotionum
1560 2298 1721 2331 capaces,
1746 2292 1962 2330 procuretur
1987 2285 2157 2317 omnibus

290 2362 481 2383 commune
505 2350 639 2383 bonum
663 2358 698 2384 et
718 2353 897 2396 promotio
919 2354 1020 2397 juxta
1047 2365 1169 2397 posse,
1198 2354 1250 2386 sic
1276 2354 1446 2386 videlicet
1476 2354 1573 2398 quod
1600 2354 1645 2386 ita
1672 2353 1862 2385 ordinetur
1888 2364 1951 2397 per
1978 2364 2156 2384 summum

292 2417 497 2461 pontificem
520 2417 657 2450 eisdem
681 2418 759 2450 fieri
780 2419 815 2450 in
838 2419 995 2464 singulis
1017 2419 1331 2453 christianissimis
1354 2420 1581 2465 regionibus.

1116 2558 1198 2590 Pax
1223 2558 1336 2602 regni.

381 2680 468 2711 Item
488 2686 522 2711 et
537 2687 818 2723 consequenter,
842 2680 911 2725 ipsi
928 2688 1103 2722 oratores,
1123 2682 1353 2726 apperientes
1374 2682 1496 2714 ruinas
1513 2688 1547 2714 et
1563 2682 1743 2714 scissuras
1766 2680 1975 2725 hujusmodi
1995 2680 2160 2713 christia-

294 2745 437 2777 nissimi
460 2746 564 2790 regni
587 2746 705 2790 (proth
728 2747 867 2791 dolor!)
891 2748 1083 2780 occasione
1105 2760 1317 2792 guerrarum
1342 2748 1376 2780 in
1404 2760 1445 2780 eo
1472 2748 1691 2792 prolixarum
1720 2747 1991 2787 desolatissimi,
2014 2746 2160 2779 laudare

294 2817 330 2844 et
345 2812 599 2844 commendare
617 2812 771 2845 habeant
788 2825 909 2857 pacem
929 2820 961 2846 et
979 2814 1209 2846 serenitatem
1229 2815 1391 2858 ejusdem
1410 2815 1486 2847 sore
1504 2813 1848 2847 convenientissime
1867 2813 2158 2858 perquirendam,

295 2877 447 2910 solidam
471 2885 588 2911 tamen
609 2885 715 2923 atquc
737 2891 913 2912 veracem.
