2502 3418
400 327 464 359 660
977 335 1292 358 CIIARTULARIUM
1328 335 1517 357 umvnns.
1554 335 1682 357 mnis.
2163 321 2263 358 [1445

399 420 491 455 pour
513 422 579 444 son
600 417 692 444 estat
712 416 748 444 ct
766 411 823 444 vie
846 411 946 444 audit
966 411 1081 451 office,
1106 417 1141 443 et
1160 422 1199 443 se
1220 422 1242 454 y
1262 416 1318 443 est
1337 410 1494 442 destine.
1519 409 1578 442 Dit
1598 409 1686 455 qu’il
1707 422 1724 442 a
1746 409 1818 442 don
1840 409 1887 442 du
1909 420 2000 454 pape
2021 407 2126 441 dudit
2146 408 2261 449 office,

399 478 460 523 qui
478 490 541 523 par
556 490 616 511 ses
632 478 752 511 bulles
768 478 802 511 le
818 478 869 511 lui
886 490 903 511 a
920 477 1029 510 baille
1046 480 1064 510 a
1081 477 1320 522 perpetuite7,
1334 489 1397 509 sur
1413 476 1599 521 lesqueles
1616 476 1736 510 bulles
1753 489 1770 510 a
1787 479 1865 509 este
1881 475 1914 509 le
1932 479 2062 521 proces
2083 475 2167 508 bien
2187 475 2263 516 fait,

399 551 434 577 et
453 544 507 578 les
529 545 707 591 employe.
730 545 760 578 A
781 557 821 578 ce
838 557 907 590 que
929 545 1114 589 l'evesq·ue
1136 544 1180 576 dc
1203 544 1378 576 Beauvais
1400 543 1439 576 fit
1465 550 1634 588 requeste
1656 556 1700 576 en
1721 543 1970 583 l'Universite,
1992 554 2032 575 ce
2053 543 2106 575 sut
2128 542 2262 587 princi-

398 611 557 656 palment
577 624 670 657 pour
690 614 740 645 Μθ
762 613 881 657 Louys
903 611 1007 644 Bailli
1028 611 1273 655 vicesgerent,
1296 611 1386 643 mais
1409 622 1500 655 pour
1522 612 1569 643 Le
1594 610 1710 655 Bugle
1738 610 1943 643 seulement
1962 620 2032 654 que
2052 609 2123 642 l'en
2144 621 2189 641 ne
2210 608 2262 641 lui

398 679 554 712 donnast
579 679 682 724 point
707 679 751 712 de
777 679 1029 724 competiteur,
1054 689 1117 722 par
1142 689 1238 722 quoy
1265 689 1309 710 ne
1335 677 1537 710 consessoit
1561 689 1630 722 que
1656 677 1784 710 l'office
1805 678 1900 710 seust
1925 675 2081 712 muable.
2107 676 2166 708 Dit
2190 687 2260 720 que

398 747 541 780 Meaulx
562 746 612 779 lui
634 746 787 791 promist
802 746 894 779 ainsi
913 745 946 778 le
967 746 1055 777 faire
1077 751 1112 777 et
1128 744 1358 777 neantmoius
1378 756 1396 776 a
1417 744 1480 777 fait
1500 750 1578 777 tout
1597 744 1630 777 le
1651 745 1844 785 contraire,
1862 743 2030 777 combien
2051 755 2121 788 que
2141 749 2260 776 autre-

397 813 466 846 foiz
488 813 663 846 Beauvais
684 813 726 845 l'a
752 813 836 846 bien
858 824 978 857 servy,
1005 823 1064 844 car
1091 811 1115 843 il
1137 812 1189 844 sut
1210 822 1317 844 cause
1344 822 1413 856 que
1435 812 1488 844 sut
1515 810 1607 844 abbe
1633 811 1676 844 de
1698 811 1905 844 Talemont⁸
1931 817 1967 844 et
1990 822 2012 855 y
2032 810 2085 843 ala
2111 821 2156 843 en
2178 821 2260 855 per-

398 892 527 914 sonne.
555 881 590 913 Si
618 880 668 912 lui
691 886 817 912 seront
837 891 896 912 585
918 878 1155 912 80118111510115
1180 878 1356 922 adjugees
1382 890 1427 910 en
1448 877 1480 910 la
1506 877 1702 919 novellete,
1725 885 1760 911 et
1779 890 1824 911 ne
1846 890 1926 912 sera
1947 877 2134 923 provision
2155 877 2259 910 faicte

398 947 462 980 des
484 947 640 992 papiers,
663 959 731 980 veu
752 958 792 979 ce
814 958 883 991 que
905 945 1079 978 autresoiz
1100 957 1144 978 en
1166 957 1183 978 3
1205 945 1269 986 (111,
1293 951 1328 977 81
1347 945 1446 978 311551
1468 957 1538 990 que
1558 957 1598 978 ce
1620 945 1734 978 seroit
1754 945 1903 978 decider
1923 944 2054 990 l'appel
2075 944 2122 977 du
2144 943 2260 989 Bugte

397 1027 443 1047 ou
463 1014 639 1059 appeaulx
663 1014 730 1046 saiz
755 1025 818 1058 par
844 1013 975 1046 devant
995 1019 1031 1045 et
1056 1012 1218 1045 derriere
1245 1018 1389 1045 recteur
1410 1018 1445 1045 et
1464 1018 1738 1054 conservateur,
1760 1012 1821 1057 qui
1848 1024 1892 1045 ne
1918 1023 1957 1045 se
1984 1011 2060 1045 doit
2082 1011 2171 1044 faire
2192 1022 2260 1044 aux

394 1081 582 1126 appeaulx.
605 1081 666 1113 Dit
686 1092 755 1125 que
772 1079 904 1125 l'appel
925 1079 1012 1124 qu’il
1032 1092 1050 1112 a
1070 1079 1134 1112 snit
1154 1085 1209 1112 est
1230 1091 1322 1124 pour
1342 1091 1382 1112 ce
1404 1091 1474 1124 que
1495 1078 1528 1112 le
1549 1086 1693 1112 recteur
1714 1079 1904 1124 procedoit
1923 1084 2048 1112 contre
2073 1077 2125 1111 lui
2144 1083 2260 1112 aucto-

395 1149 506 1182 ritate
537 1147 794 1182 Universitatis
819 1154 853 1180 et
877 1159 950 1180 non
977 1145 1019 1180 de
1041 1158 1088 1187 se,
1114 1153 1150 1179 et
1174 1158 1236 1191 par
1256 1158 1296 1179 ce
1317 1146 1416 1179 vient
1442 1146 1572 1191 l‘appel
1593 1158 1716 1188 ceans,
1738 1153 1773 1179 et
1793 1146 1826 1179 le
1848 1158 1913 1191 roy
1933 1159 1951 1179 a
1972 1146 2040 1179 mis
2061 1144 2192 1191 l'appel
2213 1157 2258 1180 en

393 1215 603 1260 opposition
624 1215 762 1247 dedans
782 1214 836 1247 les
857 1214 918 1259 viij
936 1215 1055 1259 jours,
1078 1213 1139 1258 qui
1159 1213 1258 1248 vault
1282 1213 1545 1255 reliefvement,
1569 1220 1603 1247 et
1623 1213 1754 1259 l'appel
1770 1220 1826 1247 est
1848 1213 1891 1247 de
1904 1213 2070 1247 connexis
2089 1212 2259 1247 novitatis

394 1282 454 1327 qui
476 1289 532 1315 est
551 1294 673 1323 ceans,
695 1282 810 1327 partie
831 1282 914 1314 n'en
930 1294 948 1314 3
970 1281 1094 1326 requis
1114 1281 1148 1314 le
1167 1292 1303 1326 renvoy
1319 1265 1364 1313 en
1384 1280 1620 1314 l'Universite
1637 1287 1672 1314 et
1686 1281 1741 1314 n'a
1763 1281 1918 1314 conclud
1935 1293 1980 1313 en
2000 1279 2145 1325 l'appel,
2166 1280 2256 1313 mais

393 1361 462 1394 que
480 1348 684 1382 seulement
704 1351 722 1382 3
742 1349 791 1382 1111
812 1349 856 1381 (18
878 1360 951 1381 11011
972 1348 1137 1382 recevoir
1153 1354 1188 1381 et
1204 1359 1267 1393 par
1282 1359 1323 1380 ce
1343 1360 1361 1381 a
1382 1348 1514 1393 gaigne
1536 1360 1595 1381 ses
1616 1359 1744 1381 causes
1766 1347 1908 1393 d'appel
1928 1354 1964 1380 et
1978 1347 2030 1380 lui
2050 1353 2177 1380 seront
2196 1358 2256 1381 ses

390 1416 515 1449 lettres
541 1416 748 1449 enterinees
775 1422 810 1449 et
834 1427 919 1449 aura
947 1422 1038 1449 estat
1068 1427 1112 1448 en
1138 1427 1331 1448 recreance
1356 1427 1425 1448 veu
1454 1426 1521 1448 son
1547 1415 1623 1457 fait,
1651 1415 1772 1448 bulles
1799 1422 1835 1448 et
1863 1414 1995 1456 tiltres,
2021 1414 2114 1447 ainsi
2140 1414 2173 1447 le
2198 1426 2256 1447 re·-

389 1483 552 1528 quiert...

477 1552 558 1591 [An.
587 1551 684 1592 1445,
707 1550 826 1583 Martii
847 1551 914 1590 24]
939 1569 983 1574 -
1009 1550 1099 1583 Cum
1127 1549 1164 1582 in
1190 1556 1287 1582 certa
1314 1561 1421 1582 causa
1448 1549 1485 1582 in
1516 1556 1640 1582 nostra
1665 1549 1881 1582 Parlamenti
1911 1549 2010 1582 curia
2038 1548 2134 1582 inter
2158 1561 2253 1594 mag.

386 1617 585 1651 Johannem
615 1619 663 1650 Le
685 1617 836 1662 Bugle⁹,
935 1623 970 1649 et
1062 1616 1174 1661 episc.
1202 1616 1443 1657 Meldensem,
1466 1623 1761 1650 conservatorem
1783 1616 2060 1662 privilegiorum
2081 1615 2255 1661 apostoli-

385 1697 510 1718 corum
585 1691 721 1718 tantum
743 1696 956 1730 processum
975 1684 1157 1717 extitisset
1172 1684 1269 1728 quod
1291 1683 1455 1729 partibus
1477 1684 1514 1716 in
1531 1683 1702 1717 omnibus
1719 1695 1789 1729 que
1805 1683 1900 1717 circa
1921 1683 2099 1728 premissa
2116 1683 2251 1726 dicere,

386 1764 604 1798 proponere,
636 1752 823 1797 requirere
854 1758 890 1784 et
921 1751 1146 1784 concludere
1173 1750 1364 1784 voluerant
1395 1751 1439 1784 ad
1472 1751 1617 1796 plenum
1648 1751 1796 1793 auditis,
1828 1751 1964 1796 prefata
1995 1750 2095 1783 curia
2128 1757 2252 1784 nostra

386 1826 506 1865 partes
525 1819 624 1865 ipsas
649 1819 694 1852 ad
723 1819 1001 1864 producendum
1031 1830 1145 1863 penes
1166 1830 1243 1851 eam
1265 1818 1441 1863 quicquid
1474 1819 1511 1851 in
1542 1818 1608 1852 hac
1638 1825 1738 1863 parte
1766 1818 1970 1863 producere
1990 1817 2128 1851 vellent
2150 1829 2190 1851 ac
2215 1818 2252 1850 in

380 1888 463 1932 jure
485 1899 550 1920 seu
571 1887 608 1919 in
629 1893 768 1919 arresto
791 1892 1061 1931 appunctasset.
1084 1885 1244 1918 Tandem
1333 1897 1398 1930 per
1422 1897 1528 1919 suum
1555 1892 1733 1919 arrestum
1761 1885 2047 1930 obtemperando
2077 1885 2251 1930 predictis

384 1954 516 1987 litteris
537 1954 674 1987 nostris
695 1965 760 1998 per
780 1953 981 1998 predictum
1003 1959 1160 1986 actorem
1184 1959 1218 1985 et
1239 1952 1480 1998 appellantem
1501 1952 1674 1995 obtentis,
1697 1952 1976 1998 appellationem
1996 1952 2192 1998 predictam
2213 1952 2250 1985 in

384 2021 652 2066 oppositionem
680 2020 818 2066 absque
840 2020 993 2053 emenda
1020 2020 1171 2053 mutavit
1191 2026 1226 2053 et
1252 2027 1376 2053 mutat.
1409 2022 1451 2054 Et
1479 2027 1647 2066 respectu
1675 2020 1838 2066 predicte
1865 2020 2035 2054 novitatis
2064 2031 2130 2065 per
2153 2019 2248 2053 idem

382 2095 559 2122 arrestum
590 2088 724 2121 dictum
752 2088 832 2130 suit,
854 2087 953 2132 quod
983 2094 1103 2132 partes
1136 2087 1299 2132 predicte
1327 2094 1429 2121 erant
1456 2094 1492 2121 et
1520 2095 1606 2121 511111
1634 2087 1828 2121 contrarie.
1856 2087 2002 2120 Facient
2026 2086 2139 2133 igitur
2158 2079 2248 2120 facta

383 2168 459 2197 sua,
482 2163 518 2189 et
538 2156 705 2201 inquesta
725 2156 814 2188 sacta
835 2155 935 2188 curie
957 2161 1082 2188 nostre
1104 2154 1266 2199 predicte
1288 2161 1470 2200 reportata
1495 2162 1531 2188 et
1549 2155 1594 2188 ad
1609 2155 1847 2200 judicandum
1870 2161 2029 2200 recepta,
2050 2154 2129 2200 ipsa
2149 2154 2247 2187 curia

382 2223 488 2256 saciet
502 2224 577 2267 jus,
595 2222 859 2255 recredentiam
882 2221 1044 2267 predicte
1065 2222 1118 2254 rei
1139 2221 1367 2255 contentiose
1385 2222 1481 2255 dicto
1498 2222 1611 2256 actori
1632 2229 1667 2255 et
1687 2221 1926 2267 conquerenti
1947 2221 2130 2267 pendente
2151 2221 2246 2254 dicto

384 2302 558 2335 processu
581 2297 616 2323 et
635 2290 773 2335 absque
795 2289 998 2334 prejudicio
1019 2289 1137 2334 ipsius
1158 2289 1412 2333 adjudicando.
1436 2291 1476 2322 In
1497 2291 1614 2335 cujus,
1637 2297 1704 2323 etc.

471 2357 743 2390 l'ronuntiatum
766 2357 892 2401 xxiiijta
910 2356 1029 2389 Martii
1050 2356 1429 2390 M⁰CCCC⁰XL1111¹⁰.
1928 2358 2065 2390 MAnLE.

474 2456 551 2480 Art-h.
564 2458 616 2479 nat.
633 2455 726 2484 Paris„
739 2456 782 2478 X¹⁵¹
796 2456 867 2485 4800,
882 2455 926 2479 sol.
937 2454 995 2478 15912
1009 2463 1078 2487 sqq„
1095 2456 1139 2478 165
1155 2457 1232 2486 {quae
1246 2458 1308 2478 sunt
1321 2463 1362 2479 an.
1380 2455 1463 2485 1444);
1478 2456 1521 2478 Xm
1533 2456 1571 2485 712,
1587 2456 1632 2479 sol.
1646 2455 1691 2478 106
1704 2458 1781 2487 (quae
1796 2458 1858 2478 sunt
1872 2463 1914 2479 an.
1931 2455 2010 2485 1445).
2020 2469 2051 2472 —
2061 2454 2197 2478 Nescimus
2211 2462 2243 2477 nn

380 2504 440 2523 tunc
457 2501 490 2524 Le
505 2501 587 2531 Bugle
601 2503 753 2532 resumptus
768 2500 846 2523 fucrit
860 2500 887 2523 in
902 2500 1027 2523 scribam.
1044 2501 1167 2523 Fortasse
1181 2500 1266 2523 solum
1279 2508 1322 2523 an.
1334 2500 1404 2530 1448,
1416 2508 1477 2523 nam
1488 2503 1549 2523 tunc
1561 2500 1648 2523 scriba
1656 2500 1834 2531 juramentum
1851 2503 1988 2532 praestare
2001 2499 2093 2523 debuit
2103 2500 2244 2530 (Auctar.‚

378 2546 409 2574 ll,
425 2554 450 2576 p.
468 2546 521 2574 715,
537 2546 585 2575 32),
601 2548 626 2568 et
641 2554 683 2569 an.
699 2546 759 2569 1450
774 2549 865 2568 contra
877 2555 890 2567 n
909 2546 942 2569 Le
958 2546 1041 2576 Bugle
1058 2546 1174 2569 scribam
1193 2545 1265 2568 curie
1283 2545 1491 2568 conservationis
1508 2555 1521 2567 υ
1538 2548 1674 2576 promotor
1690 2545 1877 2569 Universitatis
1893 2545 2049 2576 Radulphus
2070 2544 2201 2568 Barnnsse
2217 2544 2242 2567 in

379 2590 555 2614 Univcrsitate
569 2590 720 2619 insurrexit,
736 2599 795 2613 cum
808 2600 821 2612 «ι
837 2591 979 2614 enormiter
994 2593 1064 2614 esset
1078 2590 1170 2613 illesus
1187 2598 1217 2613 ex
1232 2590 1414 2614 verberatione
1429 2590 1492 2613 dicti
1507 2590 1590 2622 Bugle
1605 2599 1618 2612 n
1632 2590 1717 2620 (ibid.,
1734 2599 1761 2621 p.
1773 2591 1827 2619 829,
1843 2590 1884 2618 18;
1899 2590 1954 2620 834,
1970 2590 2019 2620 34).

471 2674 495 2699 1.
510 2675 556 2698 Ms.
573 2675 633 2697 add.
651 2682 655 2697 z
671 2685 683 2696 «
700 2683 749 2706 que
763 2684 784 2698 n.
801 2689 829 2692 —
846 2674 870 2700 2.
886 2675 1025 2705 Narratur,
1038 2678 1098 2706 post
1113 2676 1259 2699 Johannem
1275 2677 1380 2699 Marson
1397 2675 1478 2699 fuisse
1497 2675 1610 2698 scribam
1628 2683 1698 2706 mag.
1714 2674 1861 2698 Johannem
1879 2674 2008 2704 Chuffart,
2024 2673 2050 2697 in
2063 2673 2138 2705 cujus
2153 2672 2240 2697 locum

377 2718 516 2750 episcopus
537 2719 688 2743 Bclvaccns.
710 2721 811 2748 (Petrus
832 2720 964 2750 Cauchon)
981 2720 1011 2744 G.
1032 2721 1064 2743 de
1079 2720 1184 2744 Brossis
1203 2721 1316 2751 suffecit,
1333 2729 1409 2753 quem
1429 2721 1524 2744 iterum
1544 2719 1692 2751 excipiebat
1713 2720 1747 2743 Le
1767 2719 1859 2751 Bugle.
1881 2719 1965 2743 Etiam
1985 2719 2012 2742 in
2032 2719 2121 2742 facult.
2142 2718 2238 2742 decret.

377 2763 508 2786 Johannes
528 2764 558 2786 dc
579 2764 723 2787 Courcellis
743 2764 903 2795 subrogatus
924 2768 964 2788 est
979 2765 1004 2787 in
1021 2765 1133 2788 officium
1147 2765 1345 2797 vicesgerentis,
1366 2766 1436 2797 quod
1456 2769 1533 2789 antea
1550 2765 1634 2788 tenuit
1652 2764 1712 2788 Joh.
1729 2764 1830 2787 Hubert
1852 2764 1915 2794 (vid.
1935 2764 1969 2787 ad
1988 2764 2052 2787 haec
2072 2767 2101 2786 n⁰
2115 2764 2196 2793 2440).
2209 2776 2240 2780 —

376 2807 399 2831 3.
416 2808 473 2831 Vid.
490 2808 523 2830 111*
536 2809 595 2831 2584
609 2812 634 2831 et
649 2810 717 2832 2585.
731 2823 757 2826 —
774 2809 798 2834 4.
816 2810 853 2832 ΑΙ)
869 2818 911 2833 an.
924 2810 993 2833 1423.
1005 2810 1063 2833 vid.
1077 2819 1158 2841 supra
1173 2819 1201 2841 p.
1214 2811 1268 2839 389,
1282 2814 1336 2834 not.
1348 2825 1378 2828 —
1388 2810 1412 2835 5.
1429 2811 1466 2834 Ex
1481 2819 1531 2842 quo
1546 2810 1637 2841 liquet,
1651 2810 1798 2833 Johannem
1812 2809 1932 2832 Cbuffart
1946 2809 2040 2832 saltem
2055 2811 2116 2832 tunc
2131 2808 2239 2831 minime

378 2860 389 2875 (1
406 2853 691 2884 Anglo—Bourguiguon
705 2863 727 2882 n,
744 2857 772 2877 ut
790 2854 894 2877 Petrum
911 2855 1044 2884 Cauehon,
1060 2855 1151 2884 fuisse.
1167 2856 1207 2879 vel
1225 2864 1236 2878 t(
1250 2855 1402 2879 adversaire
1420 2855 1572 2879 intraitable
1586 2855 1631 2878 des
1651 2856 1813 2886 Armagnacs
1824 2864 1847 2884 ι,
1865 2857 1893 2877 ut
1907 2862 1922 2877 a
1936 2853 2069 2886 principio
2085 2853 2134 2876 suit
2147 2856 2239 2876 auctor

377 2896 437 2920 libri
451 2898 574 2921 Journal
587 2897 654 2922 cl'un
674 2898 819 2929 bourqeois
835 2898 897 2928 (vid.
913 2900 1031 2930 ΤυΕτΕΥ,
1048 2899 1074 2923 111
1090 2900 1141 2924 ed..
1157 2908 1183 2932 p.
1200 2902 1285 2930 xx1v);
1302 2900 1383 2924 immo
1399 2901 1476 2925 Petro
1492 2900 1615 2924 Cuuchon
1631 2903 1770 2932 suspectus
1789 2899 1838 2923 suit
1854 2899 1885 2923 de
1900 2907 1948 2923 sua
1962 2902 2062 2923 secreta
2078 2897 2237 2934 adhaesione
