2502 3418
394 369 457 402 672
972 377 1287 399 CHARTULARIUM
1323 378 1513 402 nmvnns.
1549 378 1676 400 rmus.
2159 364 2259 402 [1446

484 453 561 479 bonii
574 453 729 479 instructor
742 452 782 478 ad
794 452 936 478 civitatem
947 452 1108 479 Parisiens.
1121 453 1258 479 accedere
1269 462 1323 479 non
1340 453 1453 488 valeret,
1470 453 1510 479 ad
1520 453 1749 490 supplicationes
1759 452 1889 489 Philippi
1901 453 2075 488 Burgundie,
2088 455 2168 489 cujus
2184 453 2259 479 idem

482 503 563 538 filius
578 511 665 539 nepos
683 507 734 537 est,
753 511 787 528 ac
806 502 943 528 Borbonii
960 502 1071 537 ducum,
1089 511 1216 538 suasque
1231 503 1378 537 Eugenius
1397 504 1441 529 IV
1451 503 1589 537 concedit,
1608 506 1639 528 ut
1660 503 1689 528 in
1705 511 1876 538 quacunque
1890 502 1952 528 alia
1968 502 2083 529 civitate
2099 502 2140 529 vel
2154 502 2260 537 insigni

484 552 589 589 oppido
605 561 624 577 a
640 560 817 587 quocumque
834 551 969 577 maluerit
986 552 1015 577 in
1033 551 1134 577 eadem
1153 551 1298 585 facultate
1313 552 1452 586 magistro
1473 552 1635 587 magisterii
1648 551 1771 586 gradum
1789 555 1817 578 et
1833 552 1961 586 insignia
1977 551 2149 587 hujusmodi,
2168 551 2259 577 tribus

484 605 535 627 aut
551 605 676 636 quatuor
691 600 897 627 assistentibus
917 600 1065 635 magistris
1087 600 1115 626 in
1131 600 1284 635 theologia,
1305 600 1440 635 diligenti
1455 604 1481 626 et
1496 602 1625 635 rigoroso
1639 601 1772 627 examine
1783 604 1913 637 peracto,
1931 609 1966 626 ac
1979 604 2046 637 post
2060 600 2260 637 responsiones

484 650 591 677 eisdem
605 650 761 685 magistris,
781 649 911 676 videlicet
925 650 1052 683 ipsorum
1066 649 1184 676 cuilibet
1197 649 1351 684 sigillatim
1365 649 1400 676 de
1415 650 1539 684 singulis
1555 649 1774 685 quaestionibus
1791 649 1958 684 theologicis
1972 649 2137 676 solemniter
2150 651 2258 685 factas,

485 700 611 736 recipere
623 700 726 736 possit.
739 701 804 726 Dat.
816 700 907 726 Rome
919 699 998 733 apud
1010 699 1151 725 Sanctum
1164 699 1283 725 Petrum
1295 707 1381 730 anno,
1394 703 1446 725 etc.
1450 720 1457 733 ,
1468 700 1625 726 millesimo
1635 699 1927 733 quadringentesimo
1937 699 2161 734 quadragesimo
2171 701 2260 729 sexto,

484 750 607 783 septimo
623 749 661 775 id.
680 749 794 783 Aprilis,
811 749 1000 783 pontificatus
1014 748 1107 775 nostri
1119 756 1198 774 anno
1210 748 1414 775 sextodecimo.
1433 759 1447 773 «
1463 749 1640 775 Litterarum
1655 748 1773 775 scientia
1789 759 1815 775 ».

1636 837 1714 867 7446,
1730 837 1823 871 Aprilis
1837 838 1858 867 7,
1873 838 1976 865 Romae.

490 928 553 958 Reg.
567 927 624 951 Vnt.
640 927 741 957 Eugen.
756 925 797 957 lv,
813 930 842 949 n⁰
857 927 911 954 378,
927 926 972 950 fol.
991 927 1028 949 56.
1045 939 1076 944 —
1090 925 1128 949 Ad
1143 926 1207 949 haec
1222 925 1276 950 vid.
1293 925 1388 957 Suppl.
1403 925 1486 950 Nicol.
1500 926 1529 954 V,
1546 930 1575 949 n⁰
1589 926 1643 954 445,
1662 925 1708 950 fol.
1725 926 1791 956 last,
1805 926 1840 950 ad
1854 934 1899 950 an.
1914 926 1984 950 1451.

397 1082 490 1118 261
502 1082 524 1118 1
534 1110 542 1118 .
565 1089 720 1116 Licentiati
735 1090 763 1115 in
778 1089 923 1124 facultate
937 1089 1126 1116 decretorum.

1610 1132 1686 1163 7443,
1700 1133 1792 1165 Aprilis
1807 1133 1842 1163 11,
1858 1132 1975 1159 Parisiis.

486 1223 585 1254 Lune
606 1222 655 1266 xj⁸
674 1221 812 1266 Aprilis
837 1227 918 1254 ante
940 1221 1074 1254 Pascha
1103 1221 1230 1254 eodem
1257 1234 1352 1254 anno
1383 1222 1663 1267 quadragesimo
1690 1222 1816 1266 quinto
1843 1221 1992 1254 fuerunt
2016 1221 2108 1254 infra
2134 1220 2261 1267 scripti

396 1289 555 1335 adoptati
577 1295 612 1321 et
631 1288 806 1321 licentiati
827 1288 864 1321 in
885 1288 1015 1322 ordine
1036 1289 1205 1334 sequenti
1228 1300 1235 1322 :

484 1385 631 1410 Johannes
646 1383 814 1417 Guilloppo‚
831 1391 936 1410 canon.
952 1383 1052 1414 Paris„
1117 1383 1229 1420 [quem]
1243 1384 1392 1419 adoptavit
1407 1393 1414 1411 :
1430 1384 1518 1411 abbas
1532 1385 1560 1411 S.
1575 1384 1743 1411 Katherine.

485 1433 648 1459 Ludovicus
661 1433 697 1459 de
712 1432 871 1463 Haricuria,
1263 1449 1298 1452 -—
1431 1433 1498 1460 Joh.
1514 1434 1550 1460 de
1565 1433 1731 1460 Courcellis.

486 1483 592 1509 Paulus
606 1482 642 1508 de
657 1482 741 1511 Villa,
1432 1482 1574 1510 Martinus
1587 1483 1622 1510 de
1637 1483 1776 1510 Fraxinis.

485 1531 658 1558 Vinceneius
671 1532 707 1558 de
720 1531 836 1559 Crossis.
1433 1534 1534 1560 Petrus
1546 1534 1582 1560 de
1597 1534 1699 1560 Brena.

486 1582 587 1608 Petrus
601 1581 628 1607 le
640 1581 771 1615 Moytier,
1432 1583 1499 1610 Joh.
1515 1583 1659 1611 Chuffart.

485 1632 634 1657 Johannes
647 1630 770 1664 Verjuti.
1433 1633 1499 1659 Joh.
1517 1632 1661 1659 Chufl'art.

485 1681 632 1707 Johannes
648 1679 701 1715 [de]
718 1680 862 1708 Mauville‚
1434 1682 1536 1708 Petrus
1548 1681 1584 1708 de
1599 1681 1701 1708 Brena.

484 1730 629 1756 Arnaldus
646 1728 857 1765 [Raymundus]
873 1729 909 1756 de
925 1729 1047 1762 Palacio,
1433 1731 1520 1757 abbas
1536 1731 1563 1757 S.
1580 1731 1747 1758 Katherine.

1432 1781 1498 1808 Joh.
1515 1780 1551 1807 de
1566 1781 1731 1807 courcellis.

1433 1828 1521 1855 abbas
1536 1829 1732 1856 Gaudiivallis.

1433 1879 1535 1905 Petrus
1550 1879 1699 1913 Maugerii.

1432 1929 1515 1954 Mart.
1531 1928 1568 1955 de
1583 1928 1722 1954 Fraxinis.

1430 1978 1496 2004 Joh.
1514 1978 1650 2012 Mydoux.

1431 2027 1518 2053 abbas
1533 2027 1730 2054 Gaudiivallis.

1432 2078 1533 2103 Petrus
1546 2077 1582 2103 de
1595 2077 1696 2103 Brena.

1431 2126 1511 2160 prior
1524 2126 1560 2153 de
1575 2126 1651 2156 Ovis,
1667 2126 1703 2152 al.
1718 2126 1754 2153 de
1768 2127 1841 2153 Beeo
1856 2126 1933 2160 (Joh.
1949 2126 1986 2153 de
1998 2126 2096 2162 Mota).

1433 2174 1595 2201 Ludovicus
1609 2175 1709 2208 Bailly.

1432 2224 1498 2250 abb.
1516 2224 1543 2250 S.
1559 2223 1726 2251 Katherine.

1431 2273 1512 2307 prior
1526 2273 1562 2300 de
1577 2273 1653 2300 Ovis.

1432 2323 1498 2349 Joh.
1515 2323 1551 2349 de
1565 2322 1727 2357 Montigny.

1433 2372 1499 2398 Joh.
1516 2372 1552 2398 de
1566 2372 1733 2399 Courcellis.

1434 2421 1597 2448 Ludovicus
1612 2422 1713 2456 Bailly.

484 1781 586 1806 Petrus
602 1779 731 1813 Goujon,

484 1831 582 1856 Frater
598 1829 822 1855 Bartholomeus
835 1828 954 1863 Augerii
971 1828 1014 1864 [O.
1032 1829 1059 1856 S.
1076 1829 1129 1865 B.].

484 1879 632 1905 Johannes
646 1878 771 1912 Nepotis,

483 1928 611 1954 Andreas
624 1927 744 1960 Lapieti.

483 1977 631 2003 Johannes
646 1977 681 2003 de
696 1976 783 2002 Paris.

484 2027 586 2052 Petrus
601 2024 704 2052 d'Aule
721 2025 765 2061 [al.
784 2025 927 2059 d’Aulley‚
941 2026 1120 2062 Morinens.]‚

483 2076 631 2102 Johannes
646 2075 752 2105 Grossi,

485 2125 662 2151 Guillelmus
676 2125 712 2151 de
727 2125 873 2154 Vernone,

485 2174 634 2200 Johannes
648 2174 684 2200 de
698 2173 882 2202 Molendinis.

484 2223 624 2249 Marcialis
639 2223 754 2252 Celarii,

485 2273 634 2298 Johannes
649 2272 776 2306 Leporis,

486 2321 680 2348 Theodericus
695 2321 865 2351 Godiscalci,

487 2372 588 2397 Petrus
603 2371 705 2400 Brode,

485 2420 608 2446 Jacobus
622 2420 658 2446 dc
671 2420 796 2450 Leustas.

487 2469 596 2495 Alanus
611 2469 708 2495 Lezcle
723 2468 768 2504 [al.
786 2469 885 2505 Lesle],

489 2519 590 2544 Petrus
604 2518 640 2544 de
655 2518 811 2548 Marisiaco‚

488 2567 608 2593 Pontius
623 2567 751 2594 Bouron.

1435 2471 1537 2497 Petrus
1552 2470 1689 2504 Maugier.

1434 2520 1500 2546 Joh.
1517 2520 1654 2554 Mydoux.

1433 2570 1499 2596 Joh.
1516 2569 1552 2596 de
1566 2570 1727 2603 Montigny.

1433 2619 1499 2645 Joh.
1517 2619 1660 2645 Chuffart.

1434 2668 1521 2694 abbas
1536 2668 1733 2694 Gaudiivallis.

1434 2717 1597 2744 Ludovicus
1611 2718 1704 2744 Bailli.

486 2617 635 2642 Johannes
648 2617 769 2650 Sagaeis,

488 2666 634 2691 Johannes
648 2666 802 2696 Remondi‚

489 2714 651 2741 Desiderius
663 2715 768 2741 Nicolai
783 2715 828 2750 [de
837 2716 916 2742 Valle
925 2716 1044 2747 Coloris.
1054 2717 1204 2753 Tullens,]‚

488 2763 641 2796 Mauginus
654 2764 803 2791 Canonici.

1261 1498 1300 2786 lllllllllllllllllllllllllll

1432 2766 1574 2793 Martinus
1589 2767 1625 2794 de
1639 2766 1778 2793 Fraxinis.
1888 2766 1941 2803 [29]

494 2851 601 2874 Memor.
622 2852 671 2874 sne.
692 2852 798 2880 decret„
817 2852 836 2882 l,
856 2854 900 2876 sol.
919 2853 986 2877 2291).
1000 2868 1031 2872 —
1049 2854 1114 2878 Cum
1129 2855 1189 2879 Joh.
1206 2855 1326 2879 Chufl'nrt
1340 2864 1383 2879 un.
1402 2856 1470 2884 1445,
1492 2855 1585 2879 Octob.
1606 2856 1644 2884 14,
1665 2855 1698 2879 ad
1720 2858 1809 2887 partes
1831 2854 1967 2879 Picerdiae
1986 2854 2148 2883 recessisset,
2170 2854 2263 2878 Petrus

402 2894 518 2925 Maugier
538 2894 560 2917 ei
580 2899 609 2918 ut
628 2896 741 2918 decanus
760 2896 920 2921 substitutus
943 2902 990 2928 est,
1013 2899 1135 2923 Decemb.
1156 2900 1167 2922 1
1191 2900 1229 2923 vel
1244 2901 1258 2923 2
1278 2907 1339 2923 vero
1359 2901 1457 2924 electus
1477 2903 1518 2924 est
1536 2900 1596 2924 Joh.
1618 2900 1650 2924 de
1665 2900 1808 2932 Montigny,
1825 2908 1900 2932 quem
1922 2907 1966 2923 nn.
1986 2900 2056 2929 1446,
2076 2897 2202 2923 Novemb.
2223 2898 2262 2929 10,

401 2938 502 2969 excepit
516 2939 663 2963 Ludovicus
679 2941 774 2972 Bailly.

2499 3369 2502 3382 ..
2496 3329 2502 3361 a„
2495 3284 2502 3323 m„
2488 2945 2502 3277 -.mamma-»Q
2488 2908 2502 2939 ’.Α
2495 2867 2502 2901 ,α
2495 2818 2502 2855 ,.,
