2502 3418
251 333 346 370 1430]
595 347 640 367 AB
676 347 782 368 ANNO
816 346 1104 368 MCCCLxxxxlv
1138 346 1270 374 USQUE
1307 346 1354 367 An
1390 346 1529 368 ANNUM
1565 347 1771 370 mccccmr.
2053 340 2117 372 505

334 421 470 446 instruire
488 422 592 455 enfans
607 429 641 446 en
657 422 819 455 gramaire;
837 424 865 446 et
883 429 914 446 se
934 420 995 446 doit
1013 419 1150 456 emploier
1169 429 1187 445 a
1206 420 1354 455 preschier
1371 429 1394 446 ».
1414 420 1489 445 Dicit
1510 420 1635 456 insuper,
1657 421 1753 446 Erard
1769 421 1875 447 habere
1896 422 2025 448 redditus
2048 423 2115 459 plus

336 478 420 505 quam
433 470 467 497 30
483 469 549 496 libr.
562 474 590 495 et
609 478 706 495 curam
722 470 751 495 in
767 469 946 495 Normannia
963 469 1066 495 valoris
1080 470 1114 496 80
1127 470 1232 503 frana,
1251 473 1278 494 et
1292 477 1354 495 esse
1372 478 1434 494 ean.
1452 469 1636 495 Laudunens.
1655 474 1681 495 e!
1699 479 1762 496 can.
1780 474 1867 505 atque
1882 472 2036 496 sacristam
2052 473 2115 497 Lin-

333 527 450 553 gonens.
463 518 560 544 Erard
570 518 693 555 replicat
702 518 776 544 inter
784 517 847 544 alia
856 527 886 543 se
896 518 989 552 fuisse
1001 518 1029 543 in
1038 506 1220 551 Alemanniiz,
1237 526 1252 544 ‹
1265 521 1292 543 el
1307 527 1325 543 a
1337 518 1397 543 este*
1407 519 1530 552 jusque:
1542 518 1560 543 ὰ
1572 518 1651 551 Bale,
1668 522 1695 543 et
1712 518 1759 543 n'a
1774 527 1830 554 peu
1842 528 1957 545 encore:
1969 524 2116 546 retourner

333 571 526 593 seurement».
541 569 735 594 Monstrentur
748 570 869 600 statuta,
886 576 900 592 «
917 571 944 592 et
959 566 980 592 il
995 575 1029 592 en
1046 566 1150 592 vendra
1165 575 1251 602 apr-e:
1266 566 1337 592 Noel
1353 574 1376 592 »Ἀ
1396 583 1429 585 -
1446 567 1531 591 Curia
1549 566 1693 592 concludit
1704 576 1757 602 pro
1774 567 1914 601 Gausrido
1931 568 1955 594 le
1968 570 2113 597 Normanl.

1400 655 1475 684 7430,
1493 654 1639 681 Decembris
1654 655 1693 684 19,
1711 655 1827 681 Parisiis.

339 691 415 715 Arch.
432 695 486 715 nat.
497 691 591 718 Paris.¹
606 692 653 714 X¹⁸
666 692 737 717 4796,
754 692 799 715 sol.
817 692 871 715 248.

339 775 363 800 1.
382 777 427 799 An.
446 776 514 803 1428,
531 775 607 799 Febr.
623 775 646 803 3,
661 775 713 798 dux
727 775 885 799 Bedsordiae
900 774 1040 798 consilium
1058 774 1084 797 in
1098 774 1243 805 Campania
1256 773 1380 803 instituit,
1397 773 1438 796 cui
1454 774 1625 805 praesidebat
1640 774 1731 797 Petrus
1748 774 1881 797 Cauchon.
1897 774 1955 797 Vid.
1973 781 2007 797 m:
2025 774 2115 797 ΒΕΑΕ-

244 827 342 848 counT,
356 821 430 845 Hist.
445 821 477 844 de
494 820 608 844 Char-les
628 819 687 848 VII,
705 823 722 843 t.
739 820 771 849 11,
787 828 814 851 p.
831 820 870 849 31,
888 823 942 843 not.
960 820 981 843 1.

244 1003 371 1040 2361
381 1031 389 1040 .
412 1012 581 1038 Doctoribus
599 1013 734 1048 Graecae,
749 1013 912 1039 Hebraicae
928 1017 955 1038 et
972 1012 1149 1038 Clzaldaicae
1162 1012 1326 1047 linguarum
1344 1012 1372 1038 in
1393 1013 1581 1038 Universitate
1593 1013 1688 1039 Paris.
1702 1013 1896 1040 subveniatur.

1488 1100 1560 1129 7430,
1575 1101 1699 1130 Decemb„
1714 1101 1828 1127 Parisiis.

333 1188 435 1220 Natio
466 1188 649 1221 Gallicana
680 1188 795 1221 voluit
814 1194 853 1220 ut
885 1188 1140 1233 provideretur
1169 1187 1353 1233 aliquibus
1382 1187 1595 1221 doctoribus
1622 1188 1756 1233 grecis,
1784 1187 1931 1221 hebreis
1960 1194 1994 1220 et
2019 1187 2116 1220 chal-

243 1254 356 1287 daicis
378 1254 421 1287 de
443 1254 622 1288 beneficio
644 1254 850 1292 sufficienti,
874 1261 912 1287 ut
938 1261 1090 1300 possent
1112 1267 1177 1300 per
1202 1254 1350 1288 eosdem
1383 1255 1419 1286 in
1446 1255 1690 1288 Universitate
1717 1254 1829 1287 Paris.
1858 1254 1918 1287 illa
1946 1254 2113 1287 idiomata

243 1321 417 1366 patefieri.

332 1420 408 1448 BUL„
424 1420 454 1448 V,
470 1428 496 1450 p.
512 1420 566 1448 393,
583 1427 596 1443 e
611 1419 668 1444 Lib.
684 1428 791 1451 procur.
806 1423 860 1443 nat.
877 1420 1038 1443 Gallicanae.
1055 1433 1085 1437 —-
1097 1420 1157 1443 ,lam
1171 1423 1248 1443 antea
1266 1428 1315 1451 pro
1331 1420 1432 1450 linguis
1453 1419 1578 1442 hebraica
1596 1423 1621 1442 et
1639 1419 1777 1442 chaldaica
1795 1419 1821 1442 in
1837 1418 2015 1442 Universitate
2030 1418 2116 1442 Paris.

243 1473 323 1487 unum
337 1464 482 1487 alterumve
498 1464 657 1495 magistrum
671 1464 762 1493 fuisse,
775 1465 806 1487 ad
823 1473 864 1487 an.
880 1465 949 1494 1421,
966 1464 999 1487 nis
1014 1465 1085 1494 2178,
1101 1465 1170 1493 2186,
1188 1465 1314 1488 vidimus.
1329 1465 1377 1489 Sed
1397 1467 1422 1487 et
1437 1467 1528 1495 postea
1547 1467 1601 1486 tam
1618 1472 1667 1495 pro
1682 1463 1774 1495 lingua
1789 1463 1912 1486 hebraica
1930 1471 2008 1494 quam
2021 1471 2116 1494 graeca

243 1509 365 1540 magistri
373 1508 488 1532 instituti
497 1510 602 1532 fuerunt
613 1508 676 1538 (vid.
688 1511 817 1538 Auctar.‚
830 1509 861 1538 Π,
871 1509 904 1532 ad
916 1517 957 1532 an.
969 1509 1028 1532 1455
1038 1512 1063 1532 et
1071 1510 1150 1539 1461),
1159 1512 1184 1532 et
1193 1512 1322 1532 statutum
1331 1509 1431 1532 concil.
1440 1509 1522 1532 Basil.
1533 1517 1575 1532 an.
1586 1509 1646 1531 1434
1657 1508 1683 1531 in
1692 1508 1770 1532 Mon.
1781 1508 1886 1533 concil.
1897 1515 1960 1537 yen.
1972 1515 2043 1532 saec.
2051 1507 2114 1536 XV,

243 1556 262 1577 t.
279 1554 311 1582 H,
325 1562 352 1584 p.
368 1554 432 1582 758).

244 1689 388 1725 2362.
417 1697 592 1724 Universitas
607 1698 703 1725 Paris.
720 1697 800 1734 apud
816 1697 914 1723 ducem
934 1697 1112 1732 Bedfordiae
1128 1698 1319 1733 conqueritur,
1339 1698 1416 1733 quod
1434 1697 1580 1723 Iohannes
1594 1697 1744 1731 Bouesgue
1758 1705 1776 1722 a
1792 1695 1912 1722 consilio
1932 1696 2007 1730 regis
2027 1697 2116 1721 Roto-

332 1747 461 1781 magensi
477 1747 581 1782 injuste
595 1747 720 1781 graviter
734 1746 872 1772 multatus
889 1748 934 1772 sit.

1538 1781 1696 1810 1424-1430,
1713 1782 1827 1807 Parisiis.

332 1878 477 1924 Regalis
498 1879 667 1924 prosapie
689 1879 783 1912 cedit
805 1880 848 1912 ad
878 1879 1044 1924 gloriam⁷
1068 1879 1317 1912 illustrissime
1344 1879 1529 1923 princeps,
1558 1885 1594 1910 ut
1621 1877 1776 1911 ecclesie
1802 1885 1924 1911 sancte
1946 1878 2115 1911 doctores

243 1946 311 1979 sub
338 1958 377 1979 ea
407 1946 529 1979 favore
558 1945 662 1979 uberi
693 1952 728 1978 et
751 1946 974 1991 amplissima
1003 1946 1118 1991 gratia
1146 1952 1357 1987 tractentur7
1387 1952 1426 1978 ut
1451 1945 1512 1990 qui
1542 1957 1607 1990 pro
1636 1944 1804 1977 humanis
1833 1944 1942 1977 rebus
1968 1945 2116 1978 celestia

243 2019 439 2057 capessunt
470 2012 553 2045 dum
586 2012 726 2046 divinas
757 2013 941 2046 doctrinas
970 2013 1162 2058 explanant
1187 2012 1403 2046 mortalibus
1427 2012 1464 2044 in
1490 2011 1658 2044 humanis
1685 2011 1830 2044 casibus
1856 2012 1913 2057 pia
1938 2012 2113 2045 sentiant¹

245 2079 408 2113 subsidia
430 2091 569 2112 summe
590 2079 803 2112 nobilitatis.
827 2081 901 2113 Hoc
923 2080 1018 2112 enim
1041 2080 1148 2112 estin
1166 2079 1228 2112 illo
1246 2079 1381 2112 illustri
1401 2086 1436 2111 et
1451 2079 1548 2111 claro
1569 2078 1727 2111 culmine
1745 2079 1852 2111 situm
1873 2085 1912 2111 ut
1928 2079 2115 2123 sapientia-

244 2146 341 2179 libus
363 2146 568 2191 disciplinis
594 2146 707 2179 dediti
733 2158 806 2179 non
832 2154 870 2179 ut
896 2147 1008 2179 ceteri
1034 2147 1099 2180 sed
1127 2146 1276 2191 speciali
1305 2146 1460 2191 quodam
1492 2151 1528 2178 et
1554 2145 1779 2178 accumulato
1805 2146 1927 2178 favore
1954 2146 2057 2178 etiam
2084 2146 2114 2178 si

245 2213 336 2258 lapsi
357 2213 492 2245 fuerint
512 2212 733 2250 releventur.
757 2213 813 2246 Sic
835 2213 1005 2258 equidem
1027 2213 1208 2246 redundat
1228 2213 1409 2246 illustrior
1430 2212 1561 2257 gloria,
1585 2224 1665 2244 cum
1694 2211 1820 2244 electis
1845 2211 1934 2245 viris
1960 2224 2113 2256 quorum

245 2280 409 2313 doctrina
434 2279 550 2324 fulget
574 2279 611 2312 in
636 2279 744 2312 domo
770 2280 915 2312 Domini
938 2280 1114 2313 beneficia
1140 2279 1359 2312 cumulatius
1386 2279 1661 2324 impenduntur.
1689 2279 1756 2311 Per
1782 2278 1976 2311 consilium
2002 2279 2114 2323 patris

245 2354 280 2379 et
300 2346 461 2391 supremi
487 2346 624 2379 domini
650 2347 766 2379 nostri
793 2347 892 2391 regis
913 2347 949 2379 in
977 2347 1215 2392 Rothomago,
1244 2346 1495 2379 illustrissime
1523 2346 1707 2390 princeps.
1736 2345 2023 2389 condempnatus
2049 2346 2115 2378 fuit

245 2414 281 2446 in
303 2413 491 2446 emendam
509 2420 749 2446 trecentarum
771 2413 944 2446 librarum
967 2414 1140 2459 magister
1154 2413 1339 2447 Johannes
1362 2413 1406 2445 de
1428 2414 1636 2457 Bouesgue.
1655 2418 1737 2453 etc„
1756 2418 1795 2444 ut
1815 2411 2014 2453 dicebatur,
2033 2412 2115 2456 quia

246 2480 437 2513 obstiterat
465 2480 661 2524 quominus
691 2480 763 2513 duo
790 2480 914 2513 clerici
945 2482 1248 2526 Fiscampnenses
1279 2479 1488 2513 carceribus
1517 2478 1709 2523 mancipati
1736 2478 1995 2522 expedirentur
2015 2478 2114 2523 layce

241 2546 402 2591 justicie,
430 2546 491 2591 qui
522 2553 640 2579 tamen
666 2546 709 2579 de
740 2554 843 2592 raptu
873 2547 1085 2588 mulierum.
1117 2547 1318 2580 sacerdotis
1344 2546 1601 2591 percussione,
1631 2544 1833 2578 latrociniis
1858 2544 2011 2589 aliisque
2038 2557 2115 2578 sce-

245 2613 384 2646 leribus
406 2620 508 2645 erant
523 2613 710 2646 convicti2.
735 2615 778 2646 Et
798 2626 877 2646 cum
900 2615 1020 2659 regias
1042 2614 1181 2647 litteras
1204 2613 1427 2646 obtinuisset
1450 2619 1488 2644 ut
1513 2612 1549 2644 in
1576 2611 1734 2644 scacario
1762 2612 1982 2643 Normannie
2007 2624 2113 2645 casus

247 2680 307 2713 ille
329 2680 483 2725 amplius
503 2680 724 2719 visitaretur,
748 2692 875 2713 rursus
896 2688 951 2714 est
971 2693 1082 2726 super
1103 2681 1292 2713 emendam
1314 2679 1511 2724 predictam
1534 2678 1577 2711 ad
1599 2678 1774 2711 ducentas
1791 2677 1902 2710 libras
1919 2679 2114 2724 condemp-

247 2754 363 2780 natus.
389 2748 475 2788 Hoc,
499 2747 747 2779 illustrissime
769 2747 952 2792 princeps,
976 2754 1031 2780 est
1050 2748 1087 2780 in
1109 2748 1303 2792 dampnum
1326 2757 1525 2791 pauperum
1548 2744 1700 2786 Christi,
1723 2744 1784 2789 qui
1806 2745 1886 2777 istis
1904 2745 2115 2790 quingentis

247 2813 351 2847 libris
373 2814 471 2858 pasci
498 2813 676 2846 deberent
700 2814 736 2845 in
762 2825 825 2846 sua
854 2814 1120 2847 elemosinaria.
1151 2816 1276 2858 Neque
1303 2820 1401 2846 certe
1429 2812 1522 2845 solvi
1553 2818 1674 2856 potest
1700 2811 1765 2844 hec
1795 2812 1946 2844 emenda
1971 2812 2041 2845 nisi
2072 2813 2116 2846 de

249 2880 455 2913 substancia
477 2892 675 2925 pauperum
698 2880 846 2921 Christi,
870 2881 931 2925 qui
953 2881 1063 2914 nichil
1085 2881 1122 2913 in
1142 2881 1211 2914 hoc
1233 2880 1480 2925 deliquerunt.
1505 2878 1647 2911 Deinde
1669 2878 1766 2922 quod
1789 2889 1883 2911 unus
1901 2890 2002 2912 sacre
2020 2879 2115 2912 theo-

371 2941 436 2958 ****
455 2939 550 2962 chart.
575 2938 653 2963 Unio.
672 2938 768 2962 Paris.
787 2939 828 2962 lv.
1964 2938 1993 2960 64
