2502 3418
413 331 477 364 612
991 342 1310 364 annTULAniUM
1346 342 1536 364 UNivssns.
1573 343 1702 364 PARIS.
2121 363 2124 366 Δ
2180 328 2280 366 [1439

503 417 605 457 Item,
629 423 664 449 et
684 416 852 449 similiter
868 417 1077 462 aperiantur
1097 417 1191 449 bona
1213 417 1480 461 consequencia
1501 428 1638 461 pacem,
1657 428 1726 461 que
1744 423 1829 449 sunt
1849 416 2034 461 reparacio
2056 422 2092 449 et
2111 428 2279 461 augmen-

416 483 507 515 tacio
540 483 654 516 divini
682 483 813 525 cultus,
844 484 1099 516 reconciliacio
1135 483 1297 516 fidelium
1329 484 1372 516 ad
1404 485 1517 516 Deum
1549 490 1582 516 et
1613 484 1655 516 ad
1687 483 1907 528 proximun13
1939 483 2159 516 restauracio
2191 490 2280 516 tem-

416 549 557 594 plorum
587 557 621 583 et
647 550 807 583 locorum
848 551 1006 596 piorum,
1041 551 1166 595 populi
1193 551 1469 596 multiplicacio3
1503 550 1724 595 agricultura
1753 557 1788 583 et
1816 550 2099 583 mercanciarum
2134 562 2278 590 cursus,

414 617 550 649 viarum
585 618 774 659 securitas,
804 625 838 650 et
872 618 1063 662 populacio
1093 618 1212 663 regni,
1241 618 1423 650 civitatum
1463 624 1498 650 et
1526 618 1744 659 studiorum,
1776 630 1856 650 cum
1892 617 2062 650 universa
2100 617 2277 650 dictorum

414 683 768 725 inconveniencimn,
794 685 1021 729 tyrannidum
1045 691 1078 717 et
1099 685 1328 729 iniquitatum
1352 685 1547 717 sedacione
1569 691 1604 717 et
1624 685 1884 730 extirpacione.

505 752 605 793 Item,
630 758 665 784 et
684 752 866 796 aperiatur
887 752 1069 796 quomodo
1092 752 1254 796 pondere
1274 763 1487 796 guerrarum
1517 764 1668 797 regnum
1691 752 1790 785 istud
1819 752 1856 784 in
1883 758 2019 785 tantum
2047 758 2102 784 est
2129 751 2280 796 depres-

416 830 508 860 sum,
550 819 647 863 quod
682 819 837 863 amplius
865 831 1033 863 guerram
1070 819 1254 852 sustinere
1295 831 1367 851 non
1398 826 1530 864 potest.
1560 826 1596 852 et
1623 819 1685 852 ubi
1714 832 1781 864 pax
1815 832 1887 852 non
1923 819 2154 860 interveniet,
2183 831 2280 852 com-

413 886 515 930 pellit
553 887 774 919 neccessitas
810 886 1017 931 regnicolas
1051 886 1094 918 ad
1129 886 1207 919 loca
1242 893 1411 919 extranea
1447 886 1616 927 transire,
1652 893 1687 919 et
1723 893 1842 932 partes
1878 887 2029 920 Franeie
2070 886 2279 930 relinquere

415 953 591 986 desertas.

504 1021 606 1061 Item,
629 1027 664 1052 et
681 1032 744 1065 pro
767 1020 916 1065 speciali
943 1021 1123 1053 interesse
1146 1021 1416 1063 Universitatis,
1439 1021 1653 1054 ostendatur
1678 1021 1917 1066 depopulacio
1939 1033 2087 1054 suorum
2116 1021 2281 1066 supposi-

415 1088 553 1119 torum⁵
576 1094 609 1120 et
631 1087 806 1132 proxima,
829 1088 859 1120 si
882 1100 954 1120 non
971 1088 1218 1132 provideatur,
1247 1089 1366 1121 sutura
1397 1089 1476 1133 ejus
1498 1088 1708 1133 dissipacio,
1745 1101 1849 1133 quam
1878 1095 2015 1122 avertat
2044 1090 2160 1129 Deus;
2183 1088 2280 1121 unde

412 1155 650 1199 insurgerent
665 1155 762 1187 varia
780 1155 948 1187 scandala
969 1155 1146 1188 adversus
1172 1155 1295 1197 fidem,
1318 1155 1508 1188 ecclesiam
1529 1155 1679 1197 Christi,
1703 1156 1815 1189 decus
1836 1155 1945 1201 hujus
1967 1156 2072 1201 regni
2088 1162 2124 1188 et
2143 1155 2282 1188 domini

415 1221 529 1254 nostri
553 1233 559 1253 ι
582 1234 664 1266 ymo
685 1221 792 1254 finale
814 1222 995 1255 excidium
1013 1223 1065 1255 rei
1089 1222 1232 1267 publice
1255 1234 1262 1255 :
1285 1223 1517 1256 considerato
1543 1224 1662 1256 fructu
1691 1235 1755 1268 per
1781 1223 1911 1256 dictam
1938 1223 2218 1257 Universitatem
2246 1229 2282 1256 et

414 1300 501 1321 suos
521 1289 680 1321 assiduis
702 1289 922 1322 salutaribus
944 1289 1121 1322 doctrinis
1142 1290 1235 1322 sacto
1255 1289 1443 1330 hactenus,
1467 1297 1502 1323 et
1518 1303 1582 1335 per
1601 1291 1667 1323 Dei
1687 1291 1844 1335 graciam
1866 1291 1988 1323 futuro
2010 1291 2046 1323 in
2067 1302 2185 1324 evum.

504 1357 606 1397 Item,
625 1363 767 1401 petatur
787 1363 821 1389 et
844 1357 1062 1401 requiratur,
1086 1357 1184 1401 quod
1210 1357 1240 1390 si
1262 1369 1327 1402 per
1353 1364 1540 1390 tractatum
1567 1358 1664 1403 pacis
1690 1357 1810 1403 aliqua
1831 1364 1926 1391 terra
1946 1357 2004 1391 vel
2025 1358 2143 1402 portio
2170 1357 2279 1402 hujus

414 1423 518 1467 regni
539 1423 748 1468 assignetur
768 1424 989 1457 adversariis
1011 1424 1130 1469 regni,
1159 1424 1239 1457 talis
1270 1424 1496 1458 modificacio
1517 1431 1731 1470 apponatur,
1759 1425 1857 1470 quod
1883 1424 2038 1458 ecclesie
2064 1431 2099 1458 et
2125 1424 2278 1470 collegia

413 1502 482 1535 que
500 1497 771 1523 consueverunt
790 1491 979 1536 percipere
1002 1491 1167 1524 redditus
1188 1491 1225 1523 in
1242 1491 1302 1524 illa
1318 1498 1427 1533 terra,
1450 1491 1551 1525 nullo
1572 1492 1680 1525 modo
1698 1492 1887 1537 priventur
1903 1492 2136 1537 perceptione
2153 1491 2280 1537 hujus-

414 1557 510 1590 modi
530 1557 750 1599 reddituum,
769 1570 813 1590 ne
835 1558 954 1591 cultus
971 1558 1118 1591 divinus
1139 1558 1338 1599 minuatum
1366 1566 1426 1591 aut
1447 1559 1674 1592 Universitas
1695 1571 1765 1604 que
1789 1559 1826 1592 in
1847 1559 2015 1604 collegiis
2039 1559 2186 1592 fundata
2211 1566 2279 1600 est,

414 1625 558 1669 penitus
579 1626 806 1666 enervetur⁶,
824 1625 995 1670 quodque
1017 1625 1223 1658 beneficiati
1243 1626 1280 1658 in
1302 1626 1379 1659 suis
1401 1633 1702 1659 manuteneantur
1718 1626 1922 1668 beneficiis,
1939 1633 1975 1659 et
1989 1626 2171 1671 gaudeant
2185 1627 2281 1659 sruc-

415 1691 511 1725 tibus
528 1692 752 1725 eorumdem.

504 1790 707 1831 Universis,
749 1797 816 1823 etc.
849 1792 993 1832 Rector,
1023 1798 1090 1824 etc.
1127 1793 1258 1824 Notum
1288 1792 1453 1833 facimus,
1477 1799 1560 1834 etc.,
1584 1792 1681 1837 quod
1707 1804 1775 1825 nos
1809 1793 1976 1833 fecimus,
2008 1789 2279 1834 constituimus,

413 1857 650 1902 facimusque,
667 1865 749 1899 etc.,
764 1865 1032 1903 procuratores,
1052 1865 1135 1900 etc.,
1153 1859 1326 1892 videlicet
1346 1859 1407 1901 tel,
1424 1866 1506 1900 etc.,
1524 1859 1651 1892 dantes
1669 1866 1704 1892 ct
1720 1860 1964 1893 concedentes
1982 1860 2119 1893 eisdem
2137 1859 2279 1905 plenam

414 1931 449 1956 et
468 1924 619 1957 liberam
641 1931 856 1970 potestatem
878 1926 1077 1959 assistendi
1101 1932 1135 1958 et
1161 1926 1408 1970 comparendi,
1432 1938 1573 1971 nosque
1595 1933 1629 1959 et
1657 1927 1786 1960 dictam
1809 1933 1967 1960 nostram
1998 1927 2279 1960 Universitatem

415 1992 704 2036 representandi,
727 1993 764 2025 in
782 1993 937 2025 consilio
956 1999 990 2026 et
1007 1994 1299 2038 congregacione
1317 2006 1382 2026 seu
1404 1994 1652 2027 convencione
1670 1994 1833 2039 proximo
1850 1994 2068 2027 celebranda
2089 2006 2154 2039 per
2169 1994 2280 2027 domi-

415 2071 497 2091 num
529 2066 693 2092 nostrum
726 2072 849 2105 regem
880 2067 914 2093 et
937 2072 1042 2093 suum
1069 2061 1263 2093 consilium
1292 2061 1398 2094 trium
1426 2067 1583 2094 statuum
1613 2061 1774 2100 Francie,
1806 2062 1980 2103 Parisius,
2007 2061 2223 2094 Aureleanis
2247 2068 2282 2094 et

414 2127 578 2168 Biuuris,
601 2139 664 2160 seu
683 2127 783 2169 alibi,
806 2127 1026 2172 ubicumque
1051 2128 1160 2161 suerit
1181 2128 1459 2170 celebrandum3
1487 2141 1553 2161 nec
1574 2141 1646 2161 non
1669 2129 1705 2161 in
1726 2129 1891 2162 Consilio
1913 2129 2068 2162 ecclesie
2094 2128 2279 2171 Galicane,

414 2205 478 2237 per
499 2195 674 2238 prefatum
698 2194 883 2227 dominum
902 2201 1066 2227 nostrum
1090 2207 1227 2240 regem,
1250 2195 1409 2240 prelatos
1431 2202 1466 2228 et
1486 2195 1757 2228 ecclesiasticos
1773 2196 1886 2237 viros,
1909 2196 2088 2241 proximo,
2115 2195 2281 2229 ubicum-

413 2273 482 2305 que
504 2261 624 2302 suerit,
646 2261 923 2303 celebrandum,
943 2269 977 2295 et
998 2263 1034 2294 in
1056 2262 1194 2295 eisdem
1213 2263 1379 2295 consiliis
1401 2270 1435 2296 et
1456 2275 1581 2296 eorum
1603 2263 1768 2307 quolibet
1788 2263 1973 2305 dicen[di],
1996 2263 2225 2308 proponendi
2247 2270 2282 2297 et

414 2327 639 2360 deliberandi
658 2329 776 2361 omnia
798 2335 833 2361 et
859 2329 1004 2373 singula
1025 2341 1094 2373 que
1120 2342 1138 2361 a
1163 2336 1287 2362 nostra
1308 2330 1516 2363 intencione
1546 2330 1745 2375 procedere
1767 2331 2020 2375 cognoverint,
2039 2331 2140 2375 juxta
2162 2337 2280 2363 tamen

414 2394 562 2427 sormam
599 2402 634 2428 et
677 2396 809 2428 seriem
852 2408 998 2429 suarum
1038 2397 1332 2438 instructionum,
1375 2396 1443 2430 sub
1469 2404 1595 2430 nostro
1620 2409 1751 2442 magno
1783 2397 1907 2442 sigillo
1943 2397 2013 2430 sibi
2043 2397 2279 2430 tradditarum

415 2473 478 2494 seu
506 2462 787 2495 traddendarum
811 2475 817 2495 ε
846 2464 883 2496 in
909 2476 1063 2508 quorum
1090 2464 1336 2497 testimonium
1371 2464 1605 2509 presentibus
1628 2464 1760 2497 litteris
1793 2465 1955 2510 sigillum
1990 2471 2155 2498 nostrum
2182 2476 2281 2510 mag-

417 2540 516 2570 num,
538 2536 605 2562 etc.

507 2641 620 2664 Minuta
635 2641 751 2665 chartac.
766 2644 791 2664 in
806 2642 884 2666 Arch.
901 2643 979 2666 Univ.
993 2643 1086 2671 Paris,
1103 2643 1179 2666 theca
1195 2644 1214 2672 1,
1226 2644 1255 2668 Α.
1273 2644 1295 2667 1.
1307 2652 1331 2667 a.
1347 2658 1375 2662 —
1385 2644 1532 2673 JounnAm,
1547 2645 1653 2673 nomm,
1665 2653 1743 2676 quem
1753 2645 1920 2668 difficultates
1931 2647 1956 2668 et
1966 2644 2122 2676 compendia
2132 2644 2280 2676 scriptume

414 2684 439 2707 in
455 2685 584 2715 plurimos
600 2694 702 2709 errores
716 2686 882 2717 induxerunt,
895 2687 942 2710 has
956 2688 1143 2711 Instructiones
1158 2688 1316 2711 mirabiliter
1329 2689 1361 2711 nd
1375 2697 1416 2712 an.
1432 2689 1500 2717 1435,
1512 2689 1529 2712 i.
1541 2697 1563 2712 e.
1580 2689 1612 2712 ad
1626 2698 1779 2712 consessum
1790 2690 1964 2719 Atrebatens„
1979 2691 2068 2719 refert,
2082 2690 2114 2712 ud
2126 2697 2203 2721 quem
2214 2689 2280 2712 Uni-

414 2729 524 2752 vcrsitas
542 2738 602 2752 suos
616 2731 821 2754 ambassiatores
838 2732 981 2763 instigante
997 2733 1062 2756 duce
1084 2733 1254 2764 Burgundine
1269 2733 1350 2763 misit,
1366 2742 1425 2757 cum
1445 2734 1561 2757 noudum
1579 2743 1638 2757 cum
1659 2735 1753 2757 Carolo
1773 2735 1819 2758 Vll
1838 2734 2023 2757 commercium
2041 2734 2146 2763 habuit;
2168 2734 2201 2757 nd
2217 2743 2280 2758 con-

415 2777 518 2796 ventum
535 2783 604 2802 veru,
622 2775 652 2797 dc
666 2784 716 2806 quo
730 2776 755 2798 in
771 2777 1010 2801 Instructionibus
1022 2778 1119 2808 agitur,
1137 2778 1342 2802 ambassiatores
1358 2787 1419 2802 suos
1434 2787 1447 2802 e
1460 2779 1582 2802 mandato
1594 2779 1664 2810 regis
1677 2779 1758 2809 misit,
1772 2780 1947 2803 utJouumm
1960 2788 1991 2802 ex
2005 2779 2071 2810 ipsis
2085 2779 2173 2802 videre
2183 2779 2278 2810 potuit.

415 2818 511 2840 Revera
528 2819 574 2841 hm»
587 2820 671 2842 evenit
688 2829 730 2843 an.
747 2821 816 2850 1039,
832 2822 962 2845 nwdiante
977 2823 1135 2846 cancellario
1151 2824 1277 2846 Franciac
1293 2823 1354 2852 (vid.
1373 2828 1421 2846 num
1435 2825 1514 2853 2535).
1533 2824 1630 2846 Deinde
1648 2824 1732 2847 solum
1748 2832 1790 2848 an.
1808 2825 1877 2853 1439,
1894 2828 1919 2847 et
1938 2832 1989 2847 non
2007 2832 2050 2847 an.
2066 2824 2135 2852 1435,
2151 2823 2280 2853 agebatur

414 2865 466 2884 tam
491 2863 522 2885 «lc
548 2864 704 2887 celebrando
724 2869 851 2888 conventu
874 2866 952 2889 triiim
974 2871 1100 2896 statuum,
1119 2877 1197 2899 quam
1218 2869 1249 2891 de
1270 2868 1426 2891 celebrando
1451 2868 1568 2892 Concilio
1588 2869 1713 2892 ecclesiae
1734 2869 1894 2898 Gallicanae,
1921 2872 2031 2900 utroque
2053 2877 2067 2891 a
2090 2876 2151 2899 rege
2171 2868 2279 2892 indicio.

415 2908 459 2928 Au.
485 2908 541 2929 15:32·
559 2908 635 2930 etiam
660 2910 742 2932 solum
767 2914 909 2933 conventus
926 2911 951 2934 in
968 2920 1019 2934 una
1039 2913 1174 2935 civitatum
1196 2913 1221 2935 in
1241 2913 1480 2938 Instruccimzibus
1502 2913 1706 2943 nominatarum,
1730 2914 1787 2937 scil.
1805 2913 1952 2937 Aurelianis
1976 2913 2105 2943 (Octobris
2127 2913 2165 2942 25)
2185 2921 2279 2944 «pour
