2502 3418
418 308 459 340 32
998 313 1319 335 anRTULAniUM
1354 312 1544 334 UNIVERS.
1583 312 1710 334 ΡΑ1113.
2189 296 2288 332 [1398

420 391 503 424 nisii
526 391 620 423 dicte
642 389 727 423 ville
749 395 872 421 nostre
894 389 1006 421 Paris.
1026 387 1193 421 Colinum
1217 394 1251 419 et
1270 386 1468 420 Johannem
1492 386 1623 419 Hervei
1644 386 1774 418 fratres
1794 385 1980 418 vinearum
2002 383 2162 416 cultores
2183 394 2288 415 enor-

419 458 525 491 miter
541 457 791 491 vulneraverat
814 468 853 487 ac
878 455 931 487 eis
953 467 1015 487 sex
1037 461 1136 487 scuta
1160 460 1373 494 removerat,
1393 460 1430 485 ut
1452 453 1537 485 dicti
1558 453 1687 485 fratres
1709 451 1891 492 dicebant,
1914 462 1978 495 per
1998 456 2118 483 certos
2140 456 2286 483 nostros

419 525 621 558 servientes
642 524 678 556 in
699 523 794 555 dicto
816 522 1012 556 Castelleto
1036 528 1159 553 nostro
1185 521 1229 553 ad
1257 526 1461 564 requestam
1490 519 1667 552 dictorum
1696 519 1859 559 fratrum,
1884 518 1945 562 qui
1966 529 2046 550 cum
2074 517 2181 550 dictis
2210 528 2286 549 ser-

418 591 601 625 vientibus
623 597 737 629 erant,
755 589 996 634 prisionarius
1017 600 1097 620 cum
1120 587 1274 632 quodam
1299 598 1364 619 suo
1387 586 1487 619 socio
1508 586 1686 618 adductus
1707 586 1879 618 fuerat....

507 659 623 702 Super
645 656 777 702 quibus
859 656 1027 700 inquesta
1047 655 1136 687 sacta
1236 654 1328 686 dicta
1350 653 1447 686 curia
1535 652 1652 685 dictos
1674 652 1888 684 defensores
1909 663 1927 684 a
1948 650 2122 696 predictis
2143 650 2286 695 impeti-

419 724 579 757 tionibus
605 730 638 756 et
666 723 855 755 demandis
877 722 1055 754 dictorum
1077 728 1237 754 actorum
1264 720 1431 760 absolvit,
1458 719 1565 752 filiam
1587 725 1747 751 nostram
1774 725 1808 751 et
1836 719 2013 751 scolarem
2035 717 2220 762 predictos
2241 716 2284 750 ab

417 791 587 836 expensis
616 790 810 823 relevando
839 796 871 822 et
903 801 945 821 ex
974 800 1092 820 causa.
1123 787 1401 820 Pronuuciatum
1424 786 1516 830 xiiija
1536 786 1594 819 die
1621 786 1791 831 Augusti,
1818 797 1912 818 anno
1941 784 2086 817 Domini
2116 785 2167 817 Μ’)
2179 784 2284 818 CCC⁰

417 858 656 903 nonagesimo
673 858 761 901 viij⁰.

1436 900 1612 931 Boscnm.
1703 899 1772 930 MA.
1796 908 1838 929 DE
1861 898 1992 930 Bosco.

509 956 585 981 Arch.
602 959 655 979 nat.
671 955 765 984 Puris,
783 956 829 977 ΧΠ·
843 956 882 983 115,
897 955 940 978 sol.
957 955 1013 977 322.

508 1040 532 1064 1.
552 1039 627 1070 Apud
643 1040 777 1068 Seni-ms,
796 1039 888 1063 Gesch.
904 1040 930 1061 d.
949 1038 1064 1064 Quellen
1079 1039 1123 1061 des
1141 1044 1243 1061 canon.
1260 1037 1368 1065 Rechts,
1387 1037 1418 1064 11,
1436 1037 1490 1065 236,
1506 1036 1548 1059 hic
1563 1036 1655 1059 titulus
1672 1035 1846 1059 desideratur.
1866 1049 1893 1053 ·-
1909 1034 1932 1060 2.
1950 1036 1998 1059 Ms.
2015 1044 2021 1058 ε
2039 1044 2051 1058 (ι
2067 1035 2159 1059 dictis»
2174 1053 2180 1058 .

419 1206 558 1243 1749.
582 1224 597 1240 ‹<
617 1214 764 1240 Conclusio
784 1213 935 1248 facultatis
959 1213 1098 1248 theologie
1117 1222 1204 1249 super
1223 1213 1346 1238 niceteria
1366 1212 1437 1246 fidei
1452 1221 1524 1237 nunc
1545 1213 1660 1246 agitata
1681 1211 1829 1238 novissime
1847 1211 2039 1238 determinata
2055 1221 2070 1238 »
2086 1212 2121 1238 de
2140 1213 2282 1249 supersti-

503 1264 637 1289 tionibus.

1588 1298 1664 1327 7398,
1682 1297 1809 1329 Septemb.
1826 1297 1861 1326 79.
1878 1297 1991 1323 Parisii&

500 1388 657 1421 Attentis
678 1388 770 1420 sacto
792 1399 856 1420 seu
878 1399 989 1432 opere
1012 1386 1201 1431 principali
1223 1392 1257 1418 et
1277 1387 1356 1430 ejus
1373 1385 1639 1430 compositione
1661 1386 1697 1417 in
1720 1397 1758 1418 se
1780 1397 1818 1417 ac
1841 1385 2011 1418 omnibus
2032 1386 2110 1419 suis
2131 1386 2280 1419 circum-

412 1455 552 1488 stantiis
583 1455 690 1487 simul
714 1455 865 1499 junctis,
887 1454 1058 1487 videlicet
1087 1465 1218 1498 magno
1246 1453 1383 1485 circulo
1413 1453 1569 1486 diversis
1601 1452 1811 1485 nominibus
1842 1452 1978 1497 ignotis
2008 1453 2216 1498 conscripto
2246 1459 2282 1486 et

412 1522 520 1555 variis
541 1521 784 1554 caracteribus
806 1521 1043 1565 consignatis,
1068 1532 1174 1565 parva
1196 1527 1272 1552 rota
1303 1520 1424 1565 lignea
1452 1531 1563 1564 super
1584 1526 1738 1564 quatuor
1758 1519 1871 1564 pedes
1899 1519 2044 1565 ligneos
2065 1527 2099 1552 et
2120 1520 2279 1565 stipitem

411 1589 447 1621 in
468 1589 587 1621 medio
613 1588 775 1632 ejusdem
807 1588 927 1632 magui
958 1587 1083 1620 circuli
1113 1587 1249 1620 elevata
1279 1593 1311 1619 et
1343 1586 1483 1631 ampula
1514 1598 1624 1632 super
1650 1586 1779 1619 dictam
1810 1593 1923 1619 rotam
1954 1586 2141 1627 collocata,
2169 1578 2280 1632 super

410 1668 514 1700 quain
535 1655 711 1700 ainpulam
743 1655 778 1687 111
805 1655 956 1699 quadam
987 1666 1092 1699 parva
1122 1654 1238 1687 rotula
1268 1654 1412 1698 papirea
1439 1654 1612 1698 inscripta
1641 1660 1743 1686 erant
1769 1654 1922 1698 quedam
1944 1654 2101 1694 nomina,
2126 1665 2279 1699 quorum

410 1723 550 1767 signata
571 1729 656 1755 sunt
677 1721 783 1754 nobis
805 1722 942 1766 ignota,
960 1721 1100 1754 scilicet
1121 1721 1313 1765 Garsepin,
1338 1720 1465 1761 Oroth,
1488 1721 1713 1755 Carmesine.
1731 1721 1855 1759 Visoc,
1878 1721 1985 1766 signo
2006 1721 2125 1754 crucis
2145 1728 2180 1754 et
2200 1721 2279 1766 qui-

411 1789 560 1822 busdam
584 1788 827 1821 caracteribus
858 1789 952 1821 inter
980 1788 1139 1833 predicta
1166 1788 1311 1820 nomina
1338 1788 1564 1833 interpositis
1592 1800 1631 1820 ac
1660 1788 1763 1821 etiam
1790 1788 1984 1829 cathedris,
2012 1788 2107 1833 potis
2134 1788 2277 1829 terreis,

411 1857 495 1901 igne
524 1856 687 1896 incense,
717 1855 1088 1900 suffumigationibus,
1116 1855 1368 1896 luminaribus,
1399 1855 1564 1896 ensibus,
1591 1855 1832 1900 pluribusque
1862 1855 1942 1888 aliis
1973 1855 2217 1889 caracteribus
2245 1862 2280 1889 et

412 1923 538 1967 figuris
570 1930 603 1955 et
635 1922 844 1955 nominibus
875 1922 1030 1955 diversis
1058 1922 1254 1967 verbisque
1287 1922 1424 1967 ignotis
1454 1935 1493 1955 ae
1526 1923 1631 1955 etiam
1663 1923 1910 1956 nominatione
1941 1934 2006 1956 seu
2038 1923 2278 1968 inscriptione

412 1996 564 2034 quatuor
587 2001 712 2034 regum
735 1990 771 2021 111
793 1996 947 2034 quatuor
968 1989 1087 2034 parvis
1108 1989 1197 2022 rotis
1220 1990 1391 2034 papireiS,
1422 1989 1562 2022 scilicet
1582 1990 1681 2034 regis
1703 1990 1852 2031 Galtini,
1882 1990 2155 2035 septentrionis,
2178 1990 2278 2036 regis

412 2056 556 2097 Baltini,
574 2056 755 2100 ponentis,
773 2056 871 2101 regis
893 2055 1035 2098 Saltini,
1057 2056 1238 2097 meridiei,
1257 2057 1355 2101 regis
1380 2056 1504 2096 Ultini,
1531 2057 1745 2095 occidentis,
1769 2057 1997 2102 interpositis
2017 2057 2112 2090 inter
2133 2057 2279 2090 nomina

412 2123 588 2155 dictorum
610 2135 735 2168 regum
759 2122 974 2167 quibusdam
1002 2122 1258 2163 caracteribus,
1281 2123 1399 2168 signis
1427 2123 1551 2156 rubeis
1572 2124 1809 2169 conscriptis;
1832 2124 1978 2157 attentis
1999 2124 2103 2157 etiam
2125 2124 2279 2157 circum·-

411 2190 552 2223 stantiis
574 2190 747 2234 temporis
769 2197 804 2222 et
832 2189 901 2222 loci
931 2190 1092 2234 suspecti
1120 2196 1155 2222 et
1179 2190 1286 2222 modo
1313 2202 1352 2222 se
1373 2190 1529 2223 habendi
1552 2190 1695 2223 illorum
1720 2191 1780 2236 qui
1802 2191 1838 2223 in
1861 2191 1956 2224 dicto
1973 2203 2083 2236 opere
2104 2191 2278 2224 interfue-

412 2263 494 2289 runt
515 2263 550 2289 et
569 2257 605 2289 in
627 2257 753 2289 eodem
779 2257 962 2301 cooperati
989 2263 1085 2298 sunt,
1108 2263 1143 2289 et
1163 2256 1233 2289 hiis
1255 2269 1325 2301 que
1346 2264 1501 2302 egerunt
1530 2264 1613 2302 post
1637 2259 1840 2302 juramenta
1867 2258 1910 2291 de
1936 2258 2101 2291 faciendo
2122 2258 2276 2304 legalem

411 2324 612 2368 portionem
635 2324 678 2356 de
707 2323 886 2356 thesauris
915 2324 1166 2368 reperiendi[s]
1196 2336 1260 2368 per
1280 2336 1343 2357 eos
1371 2324 1509 2368 pluries
1538 2325 1700 2369 prestita,
1723 2325 1847 2358 iterata
1876 2326 1980 2358 etiam
2008 2332 2091 2371 post>
2116 2325 2277 2359 declara-

411 2390 543 2422 tionem
562 2390 648 2422 dicti
669 2390 790 2434 operis
811 2402 828 2422 a
851 2389 1040 2435 principali
1057 2397 1178 2422 actore
1200 2390 1299 2423 illius
1316 2391 1471 2431 artificii,
1490 2391 1583 2424 sicut
1600 2403 1642 2424 ex
1659 2404 1783 2424 eorum
1802 2392 2099 2425 confessionibus
2115 2399 2275 2437 apparet,

411 2456 543 2500 quibus
564 2456 716 2489 hahetur
737 2457 834 2501 quod
856 2457 892 2488 in
914 2457 1065 2501 quadam
1092 2469 1244 2497 camera,
1267 2457 1303 2489 in
1325 2469 1393 2502 qua
1422 2465 1523 2490 erant
1549 2459 1709 2502 predicta
1740 2459 1981 2492 instrumenta
2009 2459 2053 2492 de
2082 2471 2121 2492 se
2149 2471 2277 2504 super-

411 2523 556 2555 sticiosa
576 2523 738 2556 accensis
759 2523 999 2556 luminaribus
1021 2530 1055 2556 et
1076 2524 1508 2568 consuss'umigationibus
1529 2525 1623 2558 circa
1644 2525 1821 2570 ampulam
1845 2533 1881 2558 et
1901 2526 2071 2567 circulos,
2090 2526 2126 2559 in
2143 2525 2276 2571 quibus

411 2596 511 2622 erant
541 2590 701 2634 predicte
733 2590 992 2635 inscriptiones
1024 2597 1059 2623 et
1095 2591 1246 2635 predicti
1279 2598 1493 2632 caracteres,
1524 2592 1609 2624 dicti
1642 2599 1898 2637 cooperatores
1928 2593 2098 2638 expoliati
2132 2593 2169 2626 in
2199 2593 2276 2626 suis

410 2655 607 2700 giponibus
633 2668 739 2689 enses
763 2663 927 2689 tenentes
958 2668 1019 2701 per
1041 2657 1257 2701 pommellos
1277 2664 1358 2690 ante
1380 2657 1568 2691 cathedras
1595 2658 1750 2703 quilibet
1776 2671 1900 2701 unum,
1924 2659 2139 2705 cuspidibus
2165 2671 2279 2704 quan-

411 2722 529 2766 doque
550 2722 586 2754 in
607 2729 701 2755 terra
722 2723 801 2755 fixis
823 2730 855 2756 et
882 2723 1101 2768 quandoque
1122 2736 1202 2756 cum
1225 2724 1332 2757 dictis
1354 2724 1504 2758 ensibus
1525 2726 1626 2769 juxta
1648 2725 1837 2759 cathedras
1862 2733 1897 2759 et
1917 2726 2074 2760 circulos
2095 2733 2129 2759 et
2151 2739 2276 2772 ampu-

410 2789 476 2820 lam
494 2789 657 2821 fecerunt
673 2790 857 2831 circuitus,
877 2790 1051 2823 elevando
1069 2802 1197 2823 versus
1215 2791 1331 2823 celum
1353 2791 1526 2836 cuspides
1543 2792 1698 2832 ensium,
1717 2801 2039 2839 apposueruntque
2057 2794 2275 2839 quandoque

412 2868 536 2888 manus
567 2868 649 2888 suas
687 2856 794 2889 simul
833 2869 911 2889 cum
949 2869 1055 2890 manu
1087 2857 1297 2902 principalis
1327 2859 1459 2891 actoris
1492 2859 1619 2904 prefati
1651 2860 1773 2904 operis
1804 2872 1914 2905 super
1944 2861 2135 2906 ampulam,
2168 2873 2271 2906 quam
