2502 3418
381 334 445 365 694
966 345 1283 367 ann'rULmuum
1320 345 1509 367 UNIVERS.
1546 346 1676 367 PARIS.
2149 333 2250 370 [1450

383 442 527 479 2664.
556 453 729 478 Universims
744 461 761 478 a
778 461 843 487 rege
859 453 1002 479 manilium
1017 454 1098 489 petit,
1117 457 1147 479 ut
1162 454 1208 479 sui
1223 454 1367 480 debitores
1381 454 1422 480 ad
1435 454 1599 480 solvendum
1616 454 1812 491 impellantur.

1481 543 1556 573 7450,
1573 543 1833 573 asumma-Decem..
1849 543 1963 569 Parisiis.

470 629 636 662 Almisice
657 630 801 675 pietatis
822 642 884 663 rex
905 631 1168 671 illustrissime,
1191 631 1372 676 supplicat
1393 630 1499 664 vobis
1520 638 1555 664 et
1575 632 1676 676 regie
1697 631 1874 676 majestati
1895 638 2015 664 vestre
2036 630 2248 664 felicissime

382 703 501 729 vestra
531 696 660 730 devota
687 697 758 730 filia
786 698 1015 730 Universitas
1046 698 1304 743 magistrorum
1337 705 1372 731 et
1397 697 1591 731 scolarium
1618 698 1831 739 Parisiens.,
1860 698 1957 743 quod
1985 710 2064 731 cum
2097 698 2167 743 ipsi
2189 698 2249 731 vix

381 763 438 796 vel
460 775 639 808 nonquam
659 776 723 796 seu
742 776 821 796 cum
840 764 979 797 tediosa
997 764 1195 797 dificultate
1212 777 1230 797 a
1247 764 1477 798 debitoribus
1494 765 1571 798 suis
1588 765 1732 809 possint
1748 777 1811 798 sua
1823 766 1921 810 justa
1937 765 2058 798 debita
2074 765 2249 810 prosequi

382 837 417 863 et
437 829 584 868 habere,
607 831 822 875 plerumque
844 838 1009 876 oporteat
1029 832 1130 876 ipsos
1151 831 1195 864 ab
1223 831 1466 865 Universitate
1492 832 1651 876 predicta
1676 838 1711 865 et
1736 832 1857 865 studio
1877 832 2030 866 distrahi
2055 832 2102 865 ob
2122 832 2250 877 hujus-

383 897 479 930 modi
506 897 711 939 dess‘ectum,
743 910 867 942 qnare,
898 899 1009 931 vestri
1036 898 1287 931 misericordia
1320 905 1355 932 et
1382 899 1526 944 pietatis
1554 899 1698 940 intuitu,
1729 899 1850 933 velitis
1876 899 2013 932 eisdem
2045 899 2248 932 concedere

381 964 479 1009 quod
505 962 715 997 detentores
746 976 833 997 suos
858 977 966 998 veros
991 972 1027 998 et
1051 965 1259 998 nullatenus
1285 965 1389 999 siclos
1420 966 1564 1011 possint
1587 966 1784 999 convenire
1806 967 1908 1011 justo
1938 966 2046 999 modo
2074 972 2109 999 et
2130 966 2248 999 facere

382 1031 569 1065 conveniri
595 1044 713 1064 coram
739 1032 927 1076 preposito
948 1039 1071 1065 vestro
1093 1033 1305 1074 Parisiensi,
1327 1040 1363 1066 et
1381 1040 1522 1066 vestras
1546 1033 1685 1067 litteras
1706 1034 1759 1067 eis
1786 1045 1897 1078 super
1917 1033 1985 1066 hoc
2007 1033 2146 1078 prefato
2167 1045 2249 1078 pre-

383 1098 500 1143 posito
523 1110 561 1131 se
583 1098 799 1143 dirigentes,
818 1099 861 1131 dc
883 1099 1003 1144 gracia
1021 1099 1170 1144 speciali
1191 1100 1407 1142 concedere,
1424 1101 1556 1134 virtute
1574 1113 1723 1146 quarum
1746 1101 1865 1146 possit
1885 1100 2074 1146 prelibatis
2095 1100 2250 1134 Univer-

382 1170 491 1211 sitati,
514 1170 698 1215 magistris
723 1176 758 1203 et
778 1170 982 1203 scolaribus
1007 1171 1051 1203 de
1073 1170 1302 1205 debitoribus
1324 1172 1402 1205 suis
1427 1179 1462 1205 et
1482 1184 1594 1217 super
1614 1172 1749 1205 debitis
1767 1172 1880 1217 justis
1902 1184 2025 1205 eorum
2053 1171 2188 1205 honum
2214 1178 2251 1205 et

382 1236 492 1270 breve
512 1237 630 1269 facere
646 1237 789 1281 justitie
812 1237 1133 1282 complementum,
1156 1245 1192 1271 et
1211 1239 1253 1271 ad
1277 1239 1560 1273 satisfactionem
1583 1251 1780 1285 congruam
1803 1239 1920 1272 dictos
1944 1238 2131 1272 debitores
2147 1240 2248 1284 justo

382 1303 489 1337 modo
507 1304 741 1348 compellere,
758 1304 963 1350 privilegiis
980 1312 1015 1338 et
1030 1305 1362 1339 consuetudinibus
1378 1308 1667 1340 Normannorum
1686 1319 1750 1340 seu
1772 1306 1923 1340 aliorum
1947 1318 2248 1352 quorumcunque

382 1370 648 1416 regnicolarum
672 1371 708 1403 in
730 1372 950 1404 contrarium
978 1373 1167 1405 concessis
1189 1384 1253 1406 seu
1275 1373 1524 1407 concedendis
1550 1386 1662 1418 super
1681 1373 1749 1406 hoc
1772 1385 1946 1419 expresse
1968 1374 2006 1406 in
2026 1374 2246 1407 contrarium

379 1438 587 1471 nullatenus
611 1437 856 1475 obstantibus,
878 1439 1030 1472 maxime
1056 1440 1139 1484 quia
1165 1447 1251 1473 sunt
1274 1440 1393 1485 alique
1418 1441 1486 1474 alie
1516 1441 1781 1474 Universitates
1807 1441 1913 1486 regni
1935 1441 2048 1475 vestri
2074 1441 2137 1486 qui
2161 1453 2249 1474 con—

378 1505 496 1538 simile
517 1505 554 1538 in
575 1512 611 1538 et
631 1517 742 1550 super
762 1505 830 1538 hoc
851 1505 986 1539 habent
1006 1506 1165 1551 speciale
1186 1507 1433 1553 privilegium.

470 1603 607 1635 Originnlc
623 1603 648 1627 in
665 1604 740 1627 Arch.
757 1607 811 1628 nat.
828 1605 922 1632 Paris„
940 1605 963 1628 M
977 1605 1027 1634 651‘,
1045 1610 1074 1628 n⁰
1085 1606 1116 1629 94
1131 1605 1204 1635 (olim
1220 1606 1249 1629 Α.
1265 1607 1287 1629 3.
1302 1608 1364 1635 zzz).
1382 1608 1401 1629 A
1414 1609 1488 1637 tergo
1503 1614 1508 1629 τ
1527 1614 1539 1629 «
1555 1606 1690 1638 supplicat
1707 1606 1874 1630 Universitas
1894 1607 1927 1630 ad
1947 1615 2037 1638 regem
2053 1607 2166 1639 quedam
2183 1615 2204 1631 »-
2218 1620 2249 1625 -—·

375 1648 413 1671 Ad
429 1651 611 1680 tempestatem
627 1649 773 1680 Anglorum
789 1649 902 1681 epistola
915 1650 959 1673 vix
974 1650 1107 1681 pertinere
1120 1653 1215 1682 potest,
1231 1659 1291 1673 cum
1307 1651 1356 1674 sub
1372 1659 1463 1674 eorum
1479 1651 1657 1675 dominatione
1672 1655 1778 1683 praeter
1793 1651 1970 1675 Parisiensem
1983 1660 2034 1675 non
2049 1654 2155 1676 suerunt
2170 1660 2182 1676 «
2198 1652 2247 1676 uli-

376 1701 425 1724 que
441 1693 492 1716 alie
507 1694 700 1717 Universitates
715 1702 736 1722 »,
760 1694 805 1717 sed
829 1695 914 1717 solnm
931 1695 1113 1718 Cndomensis.
1136 1695 1171 1718 De
1194 1695 1348 1719 fundatione
1369 1695 1558 1719 Universitntis
1574 1696 1761 1728 Burdigalens.
1778 1705 1820 1720 an.
1837 1697 1898 1720 1439
1917 1700 2020 1720 tantum
2039 1697 2169 1728 agebatur
2183 1697 2247 1727 (vid.

376 1738 502 1767 Dnmruz,
518 1738 560 1762 La
575 1738 730 1763 de'solasson
745 1740 791 1763 des
805 1739 900 1770 e'qlises
913 1747 948 1764 en
964 1740 1082 1768 France,
1097 1744 1125 1762 n⁰
1139 1741 1203 1769 346),
1219 1740 1236 1763 i.
1256 1748 1278 1763 e.
1298 1740 1390 1771 Anglis
1406 1748 1419 1764 e
1436 1740 1543 1764 civitate
1565 1741 1649 1765 Paris.
1663 1741 1719 1772 jam
1741 1741 1840 1772 ejectis.
1854 1742 2016 1765 Normanniu
2031 1750 2093 1765 vero
2112 1742 2198 1765 solum
2213 1742 2247 1766 ab

376 1791 417 1806 nn.
431 1783 491 1805 1450
507 1782 539 1805 nd
554 1791 679 1806 coronam
695 1783 820 1807 Franciuc
835 1783 930 1807 iterum
946 1784 1083 1815 pertinuit.
1099 1784 1266 1808 Univcrsitas
1282 1785 1372 1808 eodem
1386 1793 1463 1814 nnno,
1477 1786 1604 1809 Novemb.
1620 1789 1646 1809 et
1660 1786 1792 1814 Decemb.,
1806 1786 1838 1810 de
1853 1786 2051 1810 conservatione
2066 1795 2173 1810 suorum
2189 1786 2248 1819 pri-

375 1827 533 1858 vilegiorum
549 1827 574 1850 in
591 1828 688 1851 ducatu
703 1828 878 1851 Normnnnine
894 1828 1026 1852 laboravit
1040 1831 1176 1859 (Auctar.‚
1193 1830 1226 1858 II,
1242 1838 1268 1861 p.
1286 1830 1341 1859 826,
1358 1831 1385 1858 3;
1407 1831 1461 1859 829,
1478 1831 1501 1860 3,
1517 1831 1560 1858 44;
1579 1831 1632 1859 834,
1650 1832 1699 1861 20).
1715 1831 1842 1855 Novemb.
1859 1831 1888 1855 17
1901 1832 1932 1855 de
1948 1840 1960 1855 (ι
1974 1835 2045 1855 resta
2058 1831 2207 1855 debitorum
2222 1834 2248 1856 et

375 1872 535 1896 creditorum
550 1881 562 1895 »
578 1872 658 1896 etiam
674 1873 804 1904 agebatur
819 1874 883 1903 (830,
900 1874 948 1905 21).
961 1873 1011 1897 An.
1025 1874 1096 1904 1451,
1111 1874 1238 1898 Novemb.
1254 1876 1278 1904 6,
1292 1875 1388 1898 iterum
1404 1875 1435 1898 dc
1451 1875 1510 1898 istis
1526 1876 1589 1905 (865,
1604 1877 1634 1899 36
1649 1876 1730 1908 sqq.).

377 2035 521 2072 2665.
551 2045 726 2071 Πιιὶιένείἰαε
744 2045 840 2072 Paris.
858 2046 987 2072 Decemb.
1006 2047 1038 2073 11
1060 2047 1175 2072 nuntios
1194 2047 1275 2082 eligit
1298 2047 1338 2073 od
1355 2048 1483 2074 comitem
1505 2050 1666 2075 Dunensem
1681 2050 1867 2084 Rotomagum
1890 2049 2053 2084 mittendos,
2073 2050 2188 2076 Petrum
2210 2048 2246 2075 de

470 2094 611 2128 Vaucello,
634 2094 764 2120 Thomam
786 2094 822 2121 de
839 2095 994 2122 Com-cellis
1010 2100 1037 2122 et
1053 2097 1167 2122 Petrum
1188 2097 1330 2131 Maugier.
1348 2098 1401 2123 Ast
1415 2098 1547 2124 Decemh.
1567 2099 1601 2125 19
1617 2098 1767 2124 constitnit
1781 2098 1893 2133 legatos
1915 2098 2095 2125 Guillelmum
2111 2098 2242 2134 Evrardi,

463 2145 577 2169 Petrum
593 2144 726 2178 Maugier
737 2148 763 2170 et
777 2145 950 2178 (lanfridum
966 2146 1134 2172 Nor-manni.
1148 2146 1243 2172 Finis⁴
1257 2146 1412 2181 legationis
1425 2147 1482 2181 suit
1496 2158 1510 2172 «
1521 2155 1575 2182 pro
1590 2148 1715 2175 tuitione
1730 2150 1758 2175 et
1773 2149 1990 2175 conservatione
2005 2149 2242 2183 privilegiorum:

464 2201 517 2226 pro
529 2193 674 2220 obviando
689 2194 867 2220 crectoribus
879 2194 968 2221 studii
984 2195 1156 2222 Cadomcns.
1166 2195 1186 2226 ²:
1203 2204 1256 2230 pro
1270 2196 1434 2230 provisione
1449 2197 1670 2231 suppositorum
1686 2198 1886 2224 Universitatis
1901 2208 1927 2224 n.

1523 2287 1598 2317 7450.
1614 2287 1730 2313 Becemb.
1750 2287 1828 2315 1Ι-19.
1844 2288 1959 2313 Parisiis.

469 2373 588 2395 Λυσίαν.
608 2371 745 2402 chariat,
762 2373 794 2401 ll,
810 2381 837 2404 p.
856 2374 911 2402 834v
931 2373 958 2396 17
978 2382 1047 2405 sqq.;
1063 2375 1117 2403 835,
1137 2374 1179 2402 11;
1196 2375 1251 2405 8:37,
1274 2376 1340 2398 6-22.
1359 2389 1389 2393 —
1406 2375 1498 2399 comes
1524 2376 1638 2400 Dunens.
1664 2376 1733 2405 (Joh.
1756 2376 1898 2399 bastardus
1923 2376 2116 2405 Aurelianens.)
2141 2376 2244 2400 litteras

377 2414 449 2437 misit
462 2415 645 2446 Universitati,
662 2417 694 2439 de
709 2417 805 2448 quibus
822 2417 875 2441 vid.
889 2417 954 2442 ibid.
969 2431 998 2436 —-
1011 2419 1093 2442 Antea
1109 2418 1275 2442 Universitas
1291 2428 1387 2451 anceps
1405 2420 1461 2448 suit,
1476 2428 1508 2443 an
1525 2420 1686 2444 nmbassintn
1701 2421 1734 2444 ud
1750 2429 1838 2452 regem
1855 2421 1982 2444 mittenda
1998 2424 2078 2444 esset.
2093 2421 2151 2444 Vid.
2167 2420 2243 2450 ibid„

376 2468 402 2490 p.
415 2460 468 2488 8⁴25,
484 2461 523 2487 25:
540 2462 594 2486 828,
607 2462 645 2486 37.
659 2462 735 2490 Bur..5
749 2462 778 2491 V,
795 2463 850 2492 554,
864 2463 931 2486 hunc
943 2463 1103 2494 legationem
1118 2472 1258 2495 perperam
1274 2466 1355 2488 refert
1370 2465 1403 2488 ad
1418 2465 1574 2488 Januarium
1587 2474 1629 2489 nn.
1644 2466 1714 2494 1450,
1727 2469 1753 2489 et
1763 2466 1869 2497 quidem
1882 2466 1915 2489 ad
1931 2466 2032 2490 Concil.
2047 2466 2243 2497 Rotomngcns„

377 2503 508 2536 simulque
525 2513 581 2528 enm
597 2507 736 2530 confundit
748 2515 806 2530 cum
824 2507 955 2538 legatione
971 2516 1013 2531 an.
1031 2509 1100 2537 1449,
1118 2509 1295 2533 Jul.-Octobr.
1311 2510 1368 2534 Vid.
1386 2518 1467 2541 supra
1483 2515 1512 2533 n⁰
1527 2511 1596 2539 2048,
1613 2513 1638 2534 et
1652 2515 1681 2533 n⁰
1696 2512 1765 2534 2653.

482 2589 507 2613 1.
523 2590 664 2621 Sequentia
680 2591 835 2615 scribuntur
849 2592 875 2615 in
891 2593 967 2617 Libr.
981 2600 1100 2624 procur.
1115 2598 1177 2619 nat.
1193 2594 1306 2623 Gallie..
1323 2595 1368 2619 sol.
1383 2595 1451 2619 127b.
1465 2609 1494 2612 —
1507 2595 1531 2620 2.
1547 2595 1605 2619 Vid.
1622 2604 1704 2627 supra
1719 2600 1748 2619 n⁰
1762 2596 1832 2625 2662,
1846 2599 1901 2620 not.
1916 2596 1939 2620 1.

380 2751 523 2788 2666.
551 2762 734 2798 Πιιὶνονεῐιαε,
749 2764 880 2798 sabbato,
894 2766 957 2791 lan.
977 2766 1019 2801 16,
1037 2766 1118 2802 apud
1132 2768 1159 2794 S.
1178 2767 1375 2794 Mathurinum
1391 2773 1565 2804 congregata
1580 2769 1664 2795 audit
1675 2769 1812 2795 lecturam
1828 2769 1990 2795 litterarum
2004 2778 2057 2805 per
2072 2768 2242 2795 ambassia-

467 2813 541 2835 tores
562 2811 596 2836 de
613 2813 790 2838 Nor-mannia
807 2814 975 2840 venientium
996 2824 1032 2841 ex
1047 2820 1132 2851 parte
1150 2817 1262 2843 comitis
1278 2819 1421 2844 Dunensis
1435 2822 1628 2854 por-tatarum.
1643 2819 1807 2855 Exponitur
1821 2818 1975 2853 diligentia
1990 2821 2073 2853 facta
2089 2818 2242 2852 Rotomagi

468 2859 505 2884 ab
517 2860 777 2887 amhassiatoribus
802 2871 889 2898 supet*
910 2865 1124 2891 conservatione
1142 2866 1364 2902 privilegiorum,
1381 2867 1543 2903 provisione
1562 2868 1786 2903 suppositorum,
1802 2867 1988 2894 destitutione
2000 2871 2027 2894 et
2040 2867 2241 2893 annullatione

467 2908 558 2934 studii
571 2909 678 2935 noviler
691 2910 819 2937 inchoati
837 2912 1032 2941 cadomensis.
1048 2914 1126 2940 Finis
1141 2915 1292 2942 relationis
1307 2916 1403 2942 dilata
1419 2916 1515 2943 estad
1530 2917 1605 2943 diem
1621 2917 1708 2943 lunae
1722 2921 1897 2954 sequentem.

2491 1532 2502 1559 ξι·

2493 1562 2502 1583 1

2496 1638 2502 1650 ,,

2490 1651 2502 1675 ’τῖ

2486 1687 2487 1690 ,
2494 1679 2502 1698 Ἰ,1

2498 1704 2502 1718 1

2498 1781 2502 1792 ‹

2490 1819 2502 1831 ,Α

2489 1844 2496 1855 2
