2502 3418
285 323 382 359 1445]
635 337 681 358 AB
716 337 822 358 ANNO
856 336 1142 358 stcCCLxxxxiv
1180 336 1310 364 USQUE
1341 337 1388 357 An
1423 337 1561 358 ANNUM
1598 337 1803 359 MCCCCLtt.
2088 329 2153 361 655

372 410 482 444 Sexta
503 411 691 444 conclusio.
712 411 747 443 Si
765 423 837 443 non
855 410 1051 454 licetjuxta
1068 410 1246 454 premissa
1264 410 1300 442 in
1318 410 1481 454 predicto
1499 411 1592 443 sesto
1610 411 1801 443 stultorum
1821 412 1937 443 facere
1960 413 2153 457 episcopos

284 483 345 509 aut
367 476 665 522 archiepiscopos
686 471 878 516 fatuorum,
902 476 963 521 qui
990 483 1136 509 utantur
1157 470 1329 521 insigniis
1351 470 1577 521 pontificum,
1601 484 1634 509 et
1658 477 1785 509 saciant
1814 473 1972 510 divinum
1996 479 2149 510 officium

283 543 319 575 in
342 543 524 584 ecclesiis,
549 550 583 576 et
604 543 898 576 benedictionem
922 542 1058 587 populo
1081 543 1304 587 impendant,
1330 555 1347 575 a
1369 543 1510 575 fortiori
1532 543 1670 575 ratione
1697 555 1769 575 non
1796 550 1851 576 est
1872 544 2023 584 licitum,
2047 546 2150 577 etiam

283 617 448 654 pretextu
484 605 737 654 cujuscunque
775 610 922 654 antique
953 610 1232 642 consuetudinis
1267 616 1327 642 aut
1359 610 1482 642 verius
1517 604 1737 654 corruptele,
1775 610 1810 642 in
1848 610 1965 654 aliqua
2001 611 2153 643 ecclesia

283 683 446 721 exempta
468 683 503 709 et
527 676 735 709 immediate
757 676 836 709 sedi
857 676 1058 720 apostolice
1085 676 1229 709 subdita
1255 677 1373 709 facere
1399 689 1509 709 unum
1536 689 1661 721 papam
1688 677 1880 717 fatuorum,
1905 677 1965 721 qui
1987 677 2155 710 similiter

282 755 363 775 cum
385 737 559 787 insigniis
581 742 771 788 papalibus
792 743 897 775 saciat
918 743 1079 776 divinum
1103 743 1304 783 servitium,
1328 750 1388 776 aut
1410 743 1602 776 benedicat
1624 743 1811 788 populum,
1834 750 1893 776 aut
1913 738 2002 776 alias
2024 745 2153 788 quovis

284 809 390 842 modo
422 804 578 842 officium
613 821 703 854 pape
734 817 913 850 exerceat,
940 822 1019 842 cum
1058 810 1139 842 talia
1174 810 1246 843 sint
1274 810 1309 842 in
1336 822 1504 855 magnum
1538 817 1783 855 contemptum
1815 817 1850 842 et
1878 810 2150 843 irreverentiam

283 875 421 920 papalis
443 876 645 920 dignitatis.

371 943 530 987 Septima
555 942 742 976 conclusio.
770 944 850 975 Non
876 943 974 984 licet,
1001 956 1068 976 nec
1095 944 1199 976 decet
1221 944 1309 976 viris
1334 944 1593 976 ecclesiasticis
1621 951 1655 976 et
1680 944 1831 976 maxime
1858 944 1894 976 in
1918 944 2031 977 sacris
2057 944 2154 976 ordi-

283 1008 391 1042 nibus
413 1009 636 1050 constitutis,
660 1010 697 1042 in
718 1009 853 1054 quibus
875 1010 991 1055 magis
1013 1010 1172 1051 devotio,
1195 1011 1432 1043 sanctimonia
1455 1017 1490 1043 et
1510 1011 1668 1055 gravitas
1686 1023 1825 1043 morum
1843 1010 1987 1043 elucere
2005 1010 2151 1052 debent,

281 1075 379 1120 quod
396 1075 464 1108 sub
482 1083 647 1121 pretextu
666 1083 727 1109 aut
742 1076 865 1109 colore
884 1077 970 1109 dicti
987 1077 1070 1110 festi
1092 1078 1271 1109 fatuorum
1294 1078 1425 1110 saciant
1441 1077 1597 1110 officium
1619 1077 1796 1117 divinum,
1814 1084 1873 1110 aut
1894 1077 1946 1109 illi
1967 1078 2151 1117 intersint,

281 1143 393 1175 sive¹²
410 1142 596 1175 habitibus
618 1150 652 1175 et
673 1143 902 1176 vestimentis
925 1144 1157 1184 secularium,
1176 1151 1235 1176 aut
1252 1144 1458 1183 stultorum,
1476 1144 1534 1177 vel
1551 1144 1632 1177 aliis
1650 1144 1860 1189 prophanis,
1883 1156 1963 1177 cum
1982 1144 2063 1177 talia
2081 1145 2153 1177 sint

280 1209 318 1241 in
338 1209 558 1254 vituperium
582 1216 617 1242 et
638 1210 798 1242 derisum
821 1210 930 1242 officii
952 1211 1083 1251 divini;
1108 1217 1258 1255 peccant
1279 1211 1492 1251 mortaliter,
1516 1217 1550 1243 et
1572 1218 1656 1243 sunt
1676 1211 1834 1256 graviter
1855 1211 2042 1255 puniendi.

370 1276 502 1309 Octava
527 1277 716 1310 conclusio.
739 1278 819 1310 Non
842 1277 927 1310 licet
948 1277 1082 1310 ducere
1104 1277 1255 1310 choreas
1277 1278 1312 1310 in
1335 1277 1503 1317 ecclesia,
1526 1278 1670 1322 quando
1698 1278 1733 1310 [it
1760 1278 1921 1310 divinum
1948 1278 2149 1319 servitium,

286 1349 346 1375 aut
363 1343 555 1376 comedere
578 1355 642 1376 seu
665 1343 792 1376 bibere
815 1344 909 1376 circa
932 1344 1056 1385 altare,
1080 1344 1224 1388 quando
1247 1345 1356 1377 missa
1374 1344 1592 1385 celebratur,
1610 1351 1669 1377 aut
1685 1344 1771 1377 alias
1788 1344 1928 1377 similes
1945 1345 2151 1378 derisiones

282 1415 316 1441 et
337 1410 520 1442 fatuitates
547 1411 678 1451 facere,
703 1423 781 1443 cum
807 1411 888 1443 talia
911 1411 984 1444 sint
1010 1418 1133 1444 contra
1156 1412 1394 1444 reverentiam
1422 1411 1487 1443 Dei
1513 1418 1548 1443 et
1571 1411 1759 1450 honorem,
1785 1411 1819 1443 in
1846 1418 2090 1456 contemptum
2117 1419 2151 1445 et

280 1476 444 1509 derisum
466 1477 582 1510 divini
604 1478 758 1510 servitii.
783 1479 826 1510 Et
847 1478 908 1522 qui
930 1478 1012 1511 talia
1034 1479 1198 1519 fecerint,
1222 1485 1307 1511 sunt
1327 1479 1455 1511 merito
1478 1478 1678 1511 secundum
1705 1478 1911 1522 qualitatem
1934 1490 2147 1511 excessuum

280 1543 469 1587 puniendi,
498 1550 533 1576 et
558 1544 588 1577 si
614 1545 751 1577 suerint
777 1545 936 1577 rebelles
964 1552 999 1578 et
1028 1545 1315 1590 incorrigibiles,
1343 1552 1467 1578 contra
1492 1545 1583 1578 tales
1614 1545 1747 1590 poterit.
1774 1545 1934 1577 invocari
1963 1536 2148 1578 brachium

279 1610 456 1651 seculare,
480 1617 515 1643 et
534 1611 712 1644 adversus
734 1623 798 1644 eos
819 1612 969 1656 procedi
991 1619 1159 1657 tanquam
1186 1618 1378 1656 suspectos
1401 1612 1444 1644 de
1466 1611 1549 1644 fide.

369 1678 474 1710 IVona
491 1677 680 1712 conclusio.
703 1680 783 1711 Non
804 1679 889 1711 licet
910 1678 1169 1712 ecclesiasticis
1192 1679 1259 1711 sub
1281 1685 1446 1724 pretextu
1468 1686 1502 1711 et
1520 1678 1642 1711 colore
1663 1679 1747 1711 festi
1767 1680 1945 1711 fatuorum
1969 1679 2149 1711 dimittere

281 1750 315 1776 et
336 1744 521 1789 deponere
542 1745 759 1778 vestimenta
781 1757 844 1778 sua
866 1746 1047 1778 clericalia
1069 1758 1133 1779 seu
1157 1746 1416 1786 ecclesiastica,
1441 1752 1475 1778 et
1495 1746 1546 1778 uti
1568 1746 1797 1778 vestimentis
1820 1745 2037 1778 secularium
2059 1746 2152 1778 viro-

282 1822 372 1851 rum,
396 1818 456 1844 aut
477 1811 685 1853 stultorum,
710 1813 815 1845 etiam
837 1820 933 1845 extra
956 1813 1146 1846 ecclesiam
1170 1815 1260 1856 (cum
1284 1813 1366 1845 talia
1383 1812 1579 1857 plurimum
1598 1813 1778 1857 derogent
1801 1812 2017 1845 clericorum
2040 1812 2148 1845 hone—

280 1877 361 1909 stati
394 1884 428 1910 et
456 1890 605 1910 suorum
639 1891 779 1911 morum
805 1880 997 1924 gravitati),
1031 1886 1065 1912 et
1095 1879 1212 1912 adhuc
1243 1880 1362 1912 minus
1391 1879 1475 1912 licet
1502 1879 1555 1911 eis
1581 1879 1735 1911 larvatas
1762 1879 1926 1923 accipere
1952 1879 2061 1911 facies
2089 1886 2149 1911 aut

280 1944 455 1988 depictas,
481 1945 539 1978 vel
565 1957 753 1978 assumere
778 1947 993 1979 vestimenta
1019 1946 1222 1987 muliebria,
1245 1953 1304 1979 aut
1329 1946 1446 1978 facere
1472 1946 1580 1978 ludos
1602 1945 1808 1986 theatrales,
1831 1945 1889 1978 vel
1908 1945 2064 1978 ludibria
2089 1952 2148 1978 aut

280 2011 486 2055 spectacula
507 2024 656 2045 suorum
684 2025 891 2057 corporum,
915 2021 950 2046 et
973 2013 1064 2046 alios
1091 2014 1394 2058 personagiorum
1416 2013 1537 2053 ludos,
1561 2019 1595 2045 et
1620 2013 1771 2044 maxime
1798 2012 1833 2044 in
1860 2012 1950 2045 locis
1977 2012 2146 2056 publiciS,

280 2077 336 2110 vel
358 2089 476 2111 coram
501 2091 630 2123 magna
652 2080 871 2124 populorum
899 2080 1149 2120 multitudine3
1178 2087 1213 2113 et
1237 2080 1298 2125 qui
1326 2079 1546 2112 contrarium
1574 2079 1738 2119 fecerint,
1765 2079 1868 2111 etiam
1897 2085 2061 2123 pretextu
2089 2086 2149 2111 aut.

280 2143 348 2176 sub
366 2144 488 2177 colore
511 2146 710 2191 supradicti
730 2147 827 2188 festi,
846 2147 997 2179 maxime
1020 2154 1102 2192 post
1123 2147 1415 2192 supradictorum
1437 2146 1665 2178 decretorum
1684 2145 1980 2190 publicationem,
1999 2153 2146 2189 peccant

282 2210 495 2252 mortaliter,
517 2223 637 2256 ymmo
660 2219 825 2258 tanquam
843 2220 1113 2258 contemptores
1135 2221 1169 2246 et
1184 2213 1380 2246 violatores
1402 2224 1585 2245 sacrorum
1609 2213 1839 2244 decretorum
1858 2219 1941 2244 sunt
1958 2212 2144 2256 puniendi.

369 2277 513 2311 Decima
534 2279 720 2313 conclusio.
743 2281 823 2312 Non
844 2280 929 2313 licet
944 2281 1032 2313 viris
1051 2280 1310 2313 ecclesiasticis
1333 2286 1366 2312 et
1383 2279 1533 2312 maxime
1556 2278 1779 2323 presbyteris
1800 2285 1859 2311 aut
1879 2278 1959 2311 aliis
1975 2279 2011 2310 in
2034 2279 2146 2311 sacris

281 2343 474 2377 ordinibus
499 2346 708 2379 constitutis
734 2347 770 2379 in
796 2354 994 2391 conspectu
1021 2347 1147 2392 populi
1172 2347 1298 2379 ludere
1323 2346 1441 2390 aliqua
1472 2345 1688 2390 personagia
1713 2345 1895 2385 ludorum,
1924 2346 1985 2389 qui
2013 2357 2077 2377 nec
2103 2345 2145 2377 ad

281 2410 511 2443 devotionem
530 2419 677 2446 movent
697 2425 763 2446 nec
782 2414 825 2446 ad
843 2426 977 2455 mores,
996 2414 1060 2447 sed
1082 2414 1199 2458 magis
1220 2414 1263 2446 ad
1285 2413 1397 2445 risum
1420 2419 1454 2445 et
1475 2412 1685 2453 ludibrium,
1704 2424 1782 2444 cum
1804 2412 1883 2444 talia
1906 2412 2022 2444 facere
2046 2412 2145 2444 nullo

282 2477 389 2509 modo
411 2485 553 2522 spectet
572 2478 754 2513 honestati
775 2481 832 2513 vel
854 2481 1021 2525 gravitati
1043 2481 1273 2514 clericorum.

374 2544 564 2578 Undecima
589 2546 776 2580 conclusio.
808 2547 998 2580 Seculares
1030 2548 1196 2580 homines
1229 2548 1393 2580 iaciendo
1429 2546 1517 2579 tales
1548 2546 1668 2586 ludos,
1698 2545 1759 2590 qui
1790 2552 1874 2578 sum
1905 2545 2074 2578 duntaxat
2102 2546 2145 2578 ad

282 2610 394 2643 risum
416 2611 473 2644 vel
494 2612 539 2644 ad
560 2612 772 2654 ludibrium,
791 2626 863 2646 non
886 2614 1020 2647 debent
1041 2615 1092 2647 uti
1113 2614 1298 2647 habitibus
1314 2614 1371 2647 vel
1392 2613 1619 2646 vestimentis
1641 2611 1914 2652 monachorum,
1931 2612 1987 2645 vel
2009 2613 2146 2645 monia-

279 2677 366 2709 lium
389 2685 448 2710 aut
470 2678 623 2711 aliorum
647 2680 993 2722 ecclesiasticorum,
1017 2694 1096 2714 cum
1119 2681 1208 2713 illud
1232 2681 1278 2713 sit
1299 2681 1402 2713 etiam
1425 2693 1442 2712 a
1464 2679 1560 2712 civili
1576 2681 1660 2723 jure
1682 2678 1917 2723 prohibitum.

368 2744 583 2778 Duodecimn
606 2747 794 2780 conclusio.
818 2748 947 2780 Dicere
965 2755 1000 2780 et
1021 2748 1254 2792 pertinaciter
1274 2759 1453 2787 asserere,
1473 2760 1488 2777 «
1506 2746 1603 2791 quod
1625 2745 1691 2786 illi,
1710 2746 1771 2790 qui
1793 2745 1996 2790 impediunt
2017 2758 2060 2778 ne
2084 2746 2145 2778 dc-

281 2817 402 2843 cetero
420 2811 480 2844 fiat
500 2813 630 2845 festum
648 2813 842 2846 stultorum
861 2814 1122 2859 supradictum,
1135 2820 1285 2859 peccant
1302 2820 1335 2846 et
1352 2820 1436 2846 sunt
1453 2812 1751 2845 excommunicati
1765 2826 1795 2853 ³),
1809 2811 1967 2845 heresim
1985 2813 2095 2845 sentit
2112 2820 2146 2845 et

281 2889 440 2910 errorem
465 2879 501 2910 in
528 2879 617 2920 fide;
641 2892 721 2912 cum
749 2881 994 2914 ecclesiastica
1016 2893 1169 2913 censura
1196 2881 1239 2913 sit
1263 2881 1416 2913 ecclesie
1439 2893 1455 2912 a
1477 2879 1623 2913 Christo
1646 2891 1819 2911 concessa
1841 2886 1965 2912 contra
1988 2879 2145 2913 rebelles
