2502 3418
371 306 439 339 688
949 317 1275 339 CHARTULAMUM
1310 317 1504 340 nmvens.
1541 318 1674 340 PARIS.
1796 326 1798 329 .
2146 305 2245 343 [1449

466 392 541 418 Frat.
559 392 625 418 Joh.
643 392 737 422 lluen,
755 393 891 423 Carmel..
914 393 1023 427 incepit
1043 393 1205 420 Sententias
1222 392 1276 428 [lic.
1412 393 1485 427 Mag.
1503 393 1634 420 Nicolaus
1650 393 1798 423 Lambert,
1815 393 1869 420 sub
1884 393 1988 420 eodem
2005 393 2061 428 [lic.
2079 394 2168 429 1454}

591 440 678 477 ι454].
1427 458 1463 462 -
1499 442 1674 469 Guillelmus
1709 442 1877 472 Bremondi.
1907 442 1961 469 suh
1990 450 2068 476 mag.
2089 443 2182 470 ‘Petro
2209 444 2245 471 de

463 491 536 523 Mag.
554 490 621 517 Joh.
637 491 673 517 de
697 491 806 521 Halliis,
828 491 883 517 sub
898 499 974 525 mag.
993 492 1076 518 Petro
1090 491 1126 518 de
1146 491 1280 518 Vaucello
1537 492 1672 519 Vaucello
1689 491 1744 527 [lic.
1765 491 1852 527 14541.

591 540 644 576 [lic.
664 540 752 575 145AJ.
1430 556 1462 560 —
1501 542 1674 568 Laurentius
1695 541 1840 570 Reverela.
1869 541 1924 567 sub
1946 549 2024 575 mag.
2046 541 2172 568 Roberto
2185 541 2242 576 Cy—

479 604 514 608 —
551 590 675 616 Jacobus
689 589 828 620 Gosselin‚
845 589 900 615 sub
913 590 1025 616 eodem.
1396 596 1399 597 ⁷
1535 591 1612 617 bolle
1627 590 1683 625 [lic.
1704 591 1791 624 1454}
2078 592 2080 594 '

479 655 514 657 —
552 639 617 665 Joh.
642 639 820 667 Escombart.
843 639 897 665 sub
914 647 992 672 mag.
1014 639 1141 665 Roberto
1164 639 1282 673 Cybolle
1411 641 1486 667 Frat.
1502 641 1568 667 Joh.
1586 641 1757 674 Davaugon,
1775 640 1844 666 Ord.
1862 640 1931 666 Cist.

585 688 642 721 [lic.
663 688 750 721 1J15l1].
1431 705 1463 708 —
1501 690 1567 716 Joh.
1586 689 1707 719 Patini',
1724 689 1793 715 Ord.
1812 689 1920 716 Predic.

480 753 514 756 —
552 738 705 764 Nicholaus
720 737 755 763 dc
770 738 856 767 Mara,
874 737 927 763 suh
940 737 1043 763 eodem
1059 737 1113 772 [lic.
1134 737 1220 771 1454]
1428 753 1464 756 ——
1500 738 1566 764 Joh.
1584 738 1666 768 Piati.
1683 738 1752 764 Ord.
1770 738 1873 764 Minor.
1891 737 1947 773 [lic.
1965 737 2040 773 1454]

479 802 514 806 —
550 787 616 813 Joh.
645 786 766 820 Beguin,
794 786 847 812 suh
876 794 954 820 mag.
972 787 1095 813 Girardo
1116 787 1195 813 Gehe
1225 786 1279 822 [lic.
1429 803 1463 806 —
1502 788 1602 813 Petrus
1617 787 1749 817 Testoris,
1766 787 1835 814 Ord.
1852 788 1976 821 August.

589 836 676 870 14541.
1430 851 1465 854 —
1502 835 1643 862 Martinus
1666 836 1817 866 Francisci,
1841 836 1910 862 Ord.
1940 836 2060 866 Predie,
2088 836 2243 863 sententia-

479 901 514 904 -—
551 886 616 911 Joh.
635 885 801 918 Videgrain,
818 885 872 911 sub
887 885 991 912 eodem
1009 884 1064 921 [lic.
1085 884 1172 920 1456].
1537 884 1598 911 rius
1613 885 1789 919 apostolicus
1804 884 1859 920 [lic.
1879 884 1966 921 1454}
2023 886 2082 919 [15]

463 964 592 998 Bihlici
615 965 779 1009 ejusdem
802 965 886 997 anni
910 977 916 997 :

461 1056 536 1082 Frat.
550 1056 616 1082 Joh.
634 1055 782 1085 Ludovici,
799 1056 868 1082 Ord.
886 1056 995 1082 Predic.
1408 1057 1484 1083 Frat.
1498 1057 1565 1083 Joh.
1582 1056 1618 1083 de
1633 1056 1749 1090 Capella
1761 1055 1903 1086 Thosan²‚
1919 1056 1988 1082 Ord.
2006 1056 2075 1083 cist.

477 1121 512 1124 —
549 1105 615 1131 Joh.
632 1105 773 1139 Cornage.
791 1105 861 1133 Ord.
878 1105 980 1131 Minor.
1426 1121 1461 1125 —
1498 1106 1684 1132 Mathurinus
1700 1106 1866 1140 Clementis,
1883 1105 2008 1132 Carmel.

477 1170 511 1173 —
550 1154 712 1180 Ludovicus
727 1154 873 1184 Godbaut.
891 1154 960 1181 Ord.
978 1155 1101 1189 August.
1886 1154 1921 1190 [5]

464 1230 532 1254 Bibl.
548 1233 601 1253 nat.
618 1230 713 1259 Puris„
729 1238 777 1255 ms.
800 1230 847 1254 lat.
871 1231 952 1261 56570,
974 1231 1020 1254 fol.
1042 1232 1064 1255 1.
1086 1245 1117 1249 -
1137 1231 1255 1259 Quilibet
1269 1231 1506 1255 Sententiariorum
1521 1231 1602 1255 solvit
1620 1240 1669 1263 pro
1686 1232 1736 1255 suc.
1755 1231 1835 1255 theol.
1852 1231 1881 1254 24
1901 1231 1960 1269 sol„
1976 1231 2138 1262 apostolicus
2155 1234 2242 1256 nutem

371 1274 558 1299 'sententiarius
573 1275 603 1298 48
617 1275 665 1299 sol.
683 1275 801 1307 Quisque
818 1274 933 1298 biblicus
946 1276 976 1299 20
989 1276 1038 1300 sol.
1056 1276 1215 1307 numeravit,
1233 1279 1261 1300 ut.
1272 1276 1328 1308 jam
1344 1276 1377 1300 ab
1390 1284 1433 1300 an.
1450 1277 1508 1300 1421
1525 1276 1720 1300 annotavimus.

463 1360 487 1385 1.
506 1360 558 1384 Lic.
575 1361 602 1384 in
617 1361 696 1384 theol.
713 1369 756 1385 an.
772 1362 843 1393 1454,
863 1361 946 1393 April.
964 1362 1002 1385 29.
1026 1361 1085 1385 Fuit
1105 1365 1168 1385 tunc
1190 1361 1305 1385 vicarius
1328 1361 1495 1393 inquisitoris
1521 1362 1655 1390 Franciae,
1679 1370 1805 1394 praesens
1826 1361 1852 1385 in
1872 1370 1998 1394 processu
2018 1362 2241 1386 rehabilitationin

368 1405 504 1429 Jobannue
519 1405 605 1430 d'Arc.
621 1406 790 1434 chuEnAT.
807 1407 916 1435 Proce's,
935 1407 980 1436 111,
997 1407 1036 1436 23,
1057 1406 1125 1430 mule
1147 1406 1241 1430 scribit
1260 1417 1272 1428 α
1288 1406 1421 1430 Jolmnnes
1437 1406 1560 1431 Martini
1577 1417 1590 1429 υ
1608 1409 1686 1437 (recte
1705 1415 1731 1438 p.
1748 1408 1762 1430 2
1777 1417 1790 1428 «
1805 1406 1881 1431 Patin
1897 1407 1930 1438 υ),
1953 1407 2065 1439 indeque
2085 1408 2192 1431 Vnum·
2206 1415 2241 1432 οι

369 1451 518 1479 VlmvlLer,
534 1450 607 1475 Hist.
622 1452 656 1475 de
672 1451 786 1476 Charles
809 1451 868 1482 VII,
883 1455 903 1475 t.
926 1452 959 1480 ll,
975 1460 1002 1483 p.
1019 1451 1073 1479 189,
1088 1454 1142 1476 not.
1159 1452 1180 1480 2,
1202 1459 1261 1475 eum
1284 1451 1421 1474 confundit
1436 1459 1495 1474 cum
1514 1451 1627 1475 Mnrtino
1643 1451 1752 1483 Billory,
1769 1451 1813 1483 qui
1829 1460 1871 1475 nn.
1892 1452 1951 1475 1431
1967 1452 2097 1483 pendente
2113 1460 2240 1484 processu

363 1496 459 1519 'contra
472 1495 621 1519 Johannum
637 1496 713 1519 d'Arc
727 1496 921 1527 subinquisitor
937 1497 994 1520 fuit.
1013 1510 1040 1514 —
1063 1496 1087 1521 2.
1103 1496 1296 1520 Constantiam.
1314 1496 1406 1526 dioec„
1423 1496 1449 1519 in
1465 1496 1593 1520 Helvetia.
1612 1496 1668 1520 Vid.
1682 1497 1870 1527 JANAUSCREK,
1887 1497 1963 1528 Ονίῃ.
1981 1497 2054 1526 Cist„
2068 1497 2088 1526 Ι,
2103 1506 2130 1529 Ρ.
2143 1497 2198 1522 184.

369 1648 514 1686 2648.
543 1658 719 1684 Universitas
735 1659 830 1684 Paris.
849 1659 904 1685 Jul.
925 1660 957 1686 14
977 1659 1123 1685 concludit
1138 1668 1223 1686 unum
1239 1659 1281 1686 vel
1295 1660 1367 1686 duos
1386 1664 1524 1695 tanquam
1539 1660 1655 1686 nuntios
1671 1659 1711 1685 ad
1726 1668 1819 1694 regem
1835 1668 1896 1685 cum
1916 1659 2021 1686 litteris
2043 1660 2242 1686 Universitatie

456 1716 508 1743 pro
525 1707 738 1733 conservatione
751 1707 966 1743 privilegiorum
980 1707 1142 1742 mittendos,
1160 1717 1175 1734 α
1192 1708 1261 1744 quia
1276 1707 1380 1734 cotidie
1394 1709 1507 1735 ratione
1522 1709 1735 1745 impositionum
1751 1712 1779 1735 et
1792 1708 1942 1735 talliarum
1957 1709 2110 1745 supposita
2131 1709 2243 1736 Univer-

454 1756 554 1782 sitatis
569 1756 758 1782 molestantur
769 1766 795 1784 ».
812 1757 935 1791 Augusti
948 1758 964 1784 6
979 1757 1186 1783 Instructiones
1200 1766 1252 1793 pro
1268 1757 1533 1784 ambassiatoribus
1548 1757 1640 1784 lectae
1655 1762 1731 1784 sunt.
1750 1758 1854 1784 Statim
1867 1762 1935 1795 post
1951 1758 2093 1795 Septemb.
2106 1759 2141 1786 15
2151 1759 2241 1794 magi-

455 1806 510 1831 stri
526 1805 693 1831 Guillelmus
708 1805 835 1832 Bouille'⁴
854 1810 881 1832 et
893 1806 1034 1832 Robertus
1050 1806 1165 1833 Ciboule
1178 1807 1220 1832 ad
1232 1816 1326 1842 regem
1338 1807 1463 1844 profecti
1477 1811 1552 1842 sunt,
1571 1807 1621 1843 qui
1640 1807 1736 1833 Octob.
1749 1809 1763 1834 4
1780 1807 1860 1844 apud
1874 1808 1966 1844 ipsum
1979 1808 2237 1843 commorabantur,

456 1855 541 1881 misso
557 1854 598 1880 ad
611 1863 657 1881 eos
672 1864 708 1881 ex
719 1859 805 1891 parte
824 1855 1023 1882 Universitatis
1039 1856 1139 1882 nuntio
1155 1865 1217 1882 cum
1233 1856 1338 1883 litteris
1357 1857 1557 1883 Universitatis
1573 1856 1608 1883 de
1622 1856 1825 1883 conservandis
1838 1857 2022 1884 libertatibus
2038 1857 2175 1893 ejusdem.

1453 1947 1528 1977 7449,
1545 1947 1608 1973 dum·
1620 1946 1785 1974 14-0ctobr1's
1798 1947 1822 1977 4,
1838 1947 1954 1973 Parisiis.

459 2035 579 2058 Aue-tar.
597 2034 738 2062 Chartul„
755 2034 785 2062 ΙΙ,
804 2042 832 2065 p.
849 2035 901 2064 769,
916 2035 958 2062 30;
975 2035 1029 2064 771,
1049 2034 1085 2064 10,
1102 2035 1147 2063 16;
1168 2035 1222 2064 772,
1237 2036 1276 2063 32,
1292 2036 1336 2063 39;
1353 2036 1406 2066 775,
1423 2036 1466 2064 33;
1488 2036 1540 2065 779,
1555 2037 1578 2059 5.
1594 2035 1633 2059 Cf.
1649 2035 1728 2059 etiam
1743 2036 1802 2060 Lib.
1820 2040 1967 2066 procurat.
1983 2040 2042 2060 nat.
2061 2036 2172 2065 Gallie„
2192 2036 2236 2060 tol.

368 2077 433 2101 106¹).
451 2078 527 2107 Bon„
543 2078 573 2107 V,
590 2079 643 2107 549,
658 2082 683 2102 et
698 2086 732 2102 nr:
748 2079 922 2107 ΒΕΛυεοωιτ,
934 2079 1008 2103 Hist.
1024 2080 1057 2103 de
1073 2079 1187 2104 Charles
1205 2079 1268 2108 VII,
1282 2083 1300 2103 t.
1316 2080 1344 2110 V,
1360 2088 1386 2111 p.
1403 2081 1457 2108 303,
1472 2083 1524 2103 not.
1541 2081 1565 2110 9,
1581 2080 1746 2103 contundunt
1760 2080 1827 2103 hanc
1841 2080 2000 2111 legationem
2015 2088 2075 2103 cum
2090 2080 2238 2112 posteriore

367 2130 455 2145 mense
468 2122 589 2145 Januarii
605 2123 739 2154 sequentis
756 2124 833 2147 sactu.

459 2206 483 2231 1.
501 2207 634 2238 Septemb.
651 2207 679 2231 15
695 2207 805 2231 Parisiis
827 2216 915 2231 coram
936 2208 1089 2239 patriarcha
1111 2208 1281 2239 Antiocheno,
1304 2209 1403 2232 Jacobo
1423 2209 1561 2233 Juvenalis
1580 2209 1625 2234 des
1648 2210 1753 2239 Ursins,
1769 2210 1910 2242 proposuit
1929 2210 2033 2234 nomine
2048 2210 2236 2234 Universitatis

368 2253 505 2281 muctar..
521 2260 548 2283 p.
565 2253 619 2281 775,
637 2252 677 2280 11;
689 2254 759 2282 ete).

364 2362 512 2402 2649.
541 2371 716 2397 Universitas
735 2371 891 2398 Paris-iens.
921 2372 1016 2398 Octob.
1042 2374 1076 2399 29
1095 2372 1235 2399 conclusit
1251 2377 1281 2399 ut
1303 2373 1417 2408 legatus
1435 2377 1529 2410 apost.
1552 2373 1632 2400 sedis
1652 2374 1830 2410 (Alphonsus
1845 2374 1880 2401 de
1903 2373 2041 2409 Segura)¹
2058 2374 2231 2410 visitaretur,

456 2421 538 2455 eique
561 2421 736 2447 Universitas
757 2430 818 2446 cum
838 2422 999 2458 suppositis
1020 2423 1309 2449 recommendaretur.
1327 2424 1404 2458 Mag.
1426 2423 1567 2449 Robertus
1583 2423 1700 2449 Ciboule
1717 2427 1746 2449 ut
1760 2432 1924 2460 proponens
1943 2423 2049 2450 electus
2069 2428 2120 2458 est,
2139 2424 2189 2460 qui
2205 2424 2234 2450 in

454 2469 598 2505 principio
615 2470 778 2496 Novembris
792 2479 888 2496 coram
904 2470 1000 2505 legato
1012 2473 1174 2507 proposuit.

608 2520 612 2524 ¹
1418 2509 1492 2538 7449,
1511 2509 1596 2535 octob.
1612 2509 1777 2536 29-tloremb.
1792 2510 1818 2539 8,
1834 2509 1947 2536 Parisiis.

458 2595 578 2618 Λυσίαν.
595 2594 732 2622 chartul„
749 2594 780 2625 ll,
795 2604 821 2626 p.
839 2596 894 2624 783,
908 2596 946 2625 17,
959 2596 1001 2626 2ος
1016 2597 1070 2626 784,
1085 2598 1123 2627 29,
1138 2598 1175 2620 37.
1192 2610 1218 2614 —-
1229 2597 1276 2620 An.
1293 2597 1363 2627 1450,
1379 2597 1459 2621 etiam
1475 2598 1641 2621 Universitas
1657 2606 1716 2621 eum
1730 2597 1849 2621 visitavit
1863 2598 1927 2627 (801,
1942 2598 1980 2626 18,
1996 2601 2021 2621 et.
2034 2600 2088 2621 not.
2105 2598 2138 2628 1).

461 2677 485 2702 1.
502 2679 587 2709 Supra
600 2679 689 2709 agitur
705 2679 736 2703 de
751 2680 886 2711 Alphonso
901 2681 933 2704 de
946 2681 1056 2712 Segura,
1071 2681 1115 2712 qui
1126 2681 1182 2713 jam
1197 2682 1282 2713 prius,
1297 2690 1355 2705 cum
1371 2686 1442 2706 esset
1456 2682 1570 2706 decanus
1586 2683 1712 2713 Toleten„
1723 2691 1864 2706 causarum
1877 2683 1903 2706 in
1916 2683 2000 2714 palat.
2015 2685 2100 2714 apost.
2116 2682 2230 2713 auditor,

366 2722 461 2746 decret.
478 2723 576 2751 doctor,
590 2723 616 2746 in
637 2724 746 2747 Francia
764 2725 868 2755 legatus
886 2725 943 2755 suit,
958 2729 986 2749 ut
1005 2734 1095 2750 omnes
1114 2730 1220 2750 norunt.
1241 2727 1314 2750 Nunc
1330 2730 1417 2750 autem
1434 2728 1519 2751 sactus
1535 2728 1676 2759 episcopus
1694 2728 1894 2756 Mindoniens„
1910 2727 1928 2751 i.
1945 2736 1967 2751 e.
1984 2727 2146 2751 Mondofiedo
2163 2728 2229 2758 (scil.

366 2766 398 2788 zib
414 2766 462 2788 hoc
478 2775 555 2796 anno,
568 2768 620 2791 Jul.
638 2769 675 2798 14)
693 2769 786 2792 iterum
801 2778 816 2792 a
831 2769 938 2793 Nicolao
952 2771 972 2793 V
986 2770 1011 2793 in
1025 2771 1163 2794 Franciam
1178 2774 1206 2795 ut
1217 2771 1321 2802 legatus
1333 2771 1431 2795 missus
1445 2775 1493 2795 est.
1507 2772 1656 2802 D'Acnmw,
1670 2772 1775 2803 Spicil„
1793 2773 1806 2795 2
1822 2773 1873 2803 ed„
1888 2772 1934 2801 ΙΙΙ,
1945 2781 1972 2803 ρ.
1985 2773 2038 2802 785,
2055 2776 2080 2796 et
2092 2780 2126 2796 DE
2142 2773 2231 2796 ΒΕΛυ-

367 2817 461 2838 courir,
480 2811 550 2835 Hist.
568 2813 600 2835 de
619 2813 734 2838 Charles
754 2813 812 2842 VII,
830 2818 848 2837 t.
866 2815 894 2843 V,
909 2823 936 2846 p.
954 2816 1007 2844 203,
1027 2824 1086 2838 eum
1102 2817 1266 2839 confundunt
1281 2825 1340 2839 cum
1355 2817 1470 2848 quodem'
1484 2816 1609 2848 episcopo
1624 2817 1818 2842 Minturnens.
1835 2817 1861 2847 (i.
1878 2825 1901 2841 e.
1917 2817 2058 2848 Mintur-no,
2074 2817 2229 2848 episcopatu

364 2854 418 2884 jum
434 2855 466 2877 ab
482 2855 615 2886 aliquibus
632 2858 745 2880 saeculis
760 2858 906 2888 exstincto),
918 2859 1030 2891 indeque
1046 2869 1089 2883 eos
1106 2864 1275 2892 caeterosque
1290 2869 1380 2885 omnes
1397 2862 1512 2885 secunda
1526 2862 1624 2893 legatio
1638 2862 1765 2893 Alphonsi
1778 2862 1809 2885 de
1823 2863 1924 2893 Segura
1941 2861 2017 2894 sugit.
2030 2861 2119 2885 Latius
2135 2862 2167 2885 de
2179 2862 2228 2885 hoc

366 2898 467 2928 egimus
483 2899 509 2921 in
523 2902 652 2931 Auctar.‚
667 2902 698 2930 ΙΙ,
715 2910 742 2932 p.
758 2903 811 2931 775,
830 2906 882 2926 not.
897 2905 919 2926 3.
2127 2906 2131 2907 ⁷
