2502 3418
376 330 439 362 722
946 337 1267 361 CHARTULARIUM
1302 337 1494 359 umvssns.
1532 336 1663 358 Panis.
2135 322 2234 360 [1452

375 413 543 447 volumus
564 413 731 455 coartari,
748 413 814 446 sed
835 413 878 446 ab
900 413 974 445 illis
991 414 1091 457 juxta
1108 419 1212 445 vetus
1234 418 1406 445 statutum
1430 411 1521 444 nihil
1542 411 1698 456 amplius
1718 411 1883 456 exigatur
1899 416 1935 443 et
1954 409 2149 455 recipiatur
2169 422 2234 455 pro

376 492 589 525 unaquaque
610 480 719 513 bursa
740 492 845 525 quam
867 480 963 525 quod
987 479 1202 524 juraverint,
1229 485 1263 511 et
1283 479 1380 523 quod
1401 478 1601 511 verisimile
1623 484 1678 511 est
1706 490 1773 510 una
1796 477 1995 510 ebdomada
2016 476 2100 510 illos
2121 477 2235 510 fuisse

376 559 615 592 expensuros,
637 548 683 580 ita
709 547 806 592 quod
839 547 1000 592 predicta
1031 558 1168 579 summa
1199 545 1407 578 nullatenus
1437 546 1643 578 excedatur.
1678 545 1714 578 Si
1742 545 1802 589 qui
1832 551 1949 577 autem
1976 543 2084 588 hujus
2110 550 2233 577 nostre

377 614 629 655 ordinationis,
659 614 851 647 taxationis
884 614 960 646 sive
989 613 1111 646 statuti
1145 619 1440 657 transgressores
1471 612 1712 657 reperiantur,
1744 611 1871 644 dantes
1903 618 1937 644 et
1969 617 2099 656 sponte
2128 611 2233 644 etiam

377 681 468 714 ultra
490 681 755 726 preordinatam
779 692 952 713 summam
979 692 1044 725 per
1065 691 1103 712 se
1124 679 1182 712 vel
1208 691 1273 724 per
1293 679 1401 712 alium
1428 679 1637 719 offerentes,
1667 690 1685 711 a
1714 678 1868 711 liceneie
1888 677 1946 711 vel
1972 677 2234 711 baehalariatus

375 748 551 794 gradibus
572 760 637 793 pro
658 748 721 780 illo
742 759 836 781 anno
858 747 1093 792 repellantur,
1116 746 1286 779 doctores
1307 753 1424 779 autem
1447 752 1482 779 et
1502 746 1666 791 magistri
1687 745 1824 791 aliquid
1844 745 1999 790 amplius
2021 745 2157 778 directe
2177 744 2235 778 vel

375 816 551 848 indirecte
569 815 771 859 exigentes,
790 820 969 859 petentes,
987 814 1044 847 vel
1065 826 1083 846 a
1105 820 1236 858 sponte
1254 812 1424 846 dantibus
1441 813 1675 858 recipientes,
1694 819 1860 857 tanquam
1879 812 2015 857 perjuri
2033 818 2068 845 et
2083 812 2236 845 infames

375 882 418 915 ab
444 882 581 915 honore
608 881 785 926 regentie,
814 887 849 913 et
876 880 1047 913 omnibus
1068 880 1327 913 Universitatis
1356 879 1573 920 honoribuS,
1601 879 1806 925 privilegiis
1828 886 1862 912 et
1886 879 2142 912 emolumentis
2163 879 2237 912 sint

375 949 509 982 tamdiu
531 949 715 993 suspensi,
744 948 860 980 donee
882 955 916 980 et
937 959 1129 992 quousque
1149 947 1299 992 duplum
1331 947 1430 980 illius
1461 946 1577 991 pluris
1598 947 1712 979 exacti
1732 946 1790 980 vel
1815 946 1951 991 recepti
1977 946 2235 991 persolverint,

375 1016 543 1061 simplum
561 1015 700 1048 50111001
716 1015 964 1055 Universitati,
983 1022 1016 1047 et
1038 1014 1189 1047 alterum
1212 1014 1381 1059 simplum
1400 1013 1578 1059 Hospitali
1599 1014 1736 1046 Domus
1757 1014 1823 1046 Dei
1845 1013 2075 1046 Parisiensis.
2093 1013 2235 1056 Quod³⁷

374 1084 405 1116 si
426 1083 670 1127 suspensione
691 1082 843 1115 durante
865 1088 900 1114 et
920 1088 1001 1114 ante
1024 1082 1238 1127 premissam
1261 1081 1543 1114 satisfactionem
1564 1092 1603 1113 se
1624 1081 1789 1126 regentie
1810 1087 1846 1113 et
1865 1079 2081 1121 honoribus,
2102 1079 2236 1113 emolu-

375 1150 504 1183 mentis
526 1149 783 1183 Universitatis
804 1149 1042 1194 ingesserint,
1068 1155 1153 1182 tunc
1175 1149 1248 1182 sint
1268 1149 1347 1194 ipso
1369 1149 1461 1181 sacto
1483 1147 1797 1188 excommunicati,
1823 1160 1842 1180 a
1863 1160 1930 1192 qua
1952 1147 2236 1180 excommunica-

375 1218 470 1250 tione
491 1216 533 1249 ab
554 1216 623 1249 alio
646 1228 750 1261 quam
767 1215 984 1249 cancellario
1006 1215 1225 1249 Parisiensis
1247 1215 1402 1248 ecclesie
1423 1214 1563 1248 absolvi
1590 1226 1662 1247 non
1690 1215 1845 1259 possint,
1870 1214 1931 1259 qui
1960 1220 2077 1247 tamen
2099 1213 2236 1247 cancel-

373 1284 484 1316 larius
504 1283 771 1316 absolutionem
793 1283 1005 1328 impendere
1027 1290 1194 1327 nequeat,
1213 1283 1284 1315 nisi
1306 1282 1512 1327 supradicta
1534 1281 1635 1327 dupli
1655 1282 1902 1314 satisfactione
1923 1281 2111 1326 premissa.
2132 1281 2237 1324 Quod

373 1352 403 1384 si
424 1351 619 1395 contigerit
641 1350 753 1395 (quod
775 1350 885 1393 absit)
908 1362 1035 1383 omnes
1057 1357 1091 1383 et
1111 1350 1280 1395 singulos
1302 1350 1471 1382 doctores
1493 1356 1528 1382 01
1553 1350 1748 1394 magistros
1774 1348 1955 1381 facultatis
1982 1349 2019 1381 in
2046 1348 2237 1393 premissis

373 1418 591 1459 excessisse,
609 1424 643 1450 et
663 1417 781 1450 animo
803 1417 971 1450 indurato
989 1417 1198 1450 satisfacere
1216 1416 1327 1458 nolle,
1346 1423 1431 1449 tunc
1452 1416 1664 1449 imminente
1682 1422 1845 1461 tempore
1861 1415 1993 1460 jubilei
2010 1415 2236 1449 Universitas

373 1486 488 1530 possit
508 1485 599 1518 alios
621 1485 789 1518 doctores
809 1484 867 1518 vel
888 1484 1094 1517 licentiatos
1116 1483 1340 1517 substituere
1362 1496 1426 1529 pro
1448 1483 1588 1516 actibus
1610 1483 1710 1516 illius
1730 1482 1923 1524 facultatis,
1940 1483 2002 1527 qui
2022 1482 2236 1516 doctoribus

372 1552 598 1593 incumbunt,
616 1551 843 1585 exercendis.
865 1552 1078 1584 Mandamus
1095 1563 1253 1596 quoque,
1272 1558 1307 1584 01
1327 1551 1490 1584 districte
1512 1550 1747 1595 precipimus,
1764 1556 1803 1583 ut
1818 1550 1951 1583 veritas
1967 1550 2100 1583 clarius
2117 1549 2235 1583 eluce-

373 1626 460 1661 scat,
487 1619 588 1664 ipsos
616 1618 858 1651 lieentiandos
878 1618 936 1651 vel
963 1618 1263 1651 bachalariandos
1285 1624 1368 1663 post
1389 1618 1688 1650 examinationem
1712 1623 1747 1649 et
1771 1617 2079 1662 presentationem
2101 1617 2138 1650 in
2158 1617 2236 1662 ipsa

372 1686 506 1731 gradus
533 1686 727 1719 collatione
758 1697 822 1730 per
842 1685 1099 1718 cancellarium
1134 1685 1352 1718 Parisiensis
1387 1684 1542 1717 ecclesie
1573 1696 1637 1729 per
1662 1685 1908 1729 juramentum
1930 1685 2162 1730 interrogari,
2191 1696 2235 1717 an

371 1753 507 1798 aliquid
529 1765 593 1798 per
614 1764 652 1786 se
673 1752 729 1786 vel
751 1752 860 1785 alium
882 1752 1096 1785 doctoribus
1118 1759 1153 1785 et
1179 1752 1365 1797 magistris
1388 1752 1480 1785 ultra
1503 1764 1676 1785 summam
1700 1751 1878 1784 solverint
1897 1758 2141 1784 memoratam.
2163 1752 2236 1785 Nec

372 1827 452 1853 ante
473 1820 609 1865 gradus
630 1819 776 1853 licentie
798 1826 832 1853 et
852 1819 1115 1853 bachalariatus
1137 1820 1190 1853 illi
1211 1819 1268 1853 vel
1289 1820 1363 1852 illis
1385 1819 1519 1852 debere
1541 1819 1712 1860 conferri,
1730 1831 1836 1863 quam
1857 1818 2046 1864 corporale
2067 1819 2104 1851 in
2125 1819 2237 1852 mani-

372 1887 440 1920 bus
461 1887 667 1920 cancellarii
698 1887 852 1931 predicti
882 1887 1110 1932 prestiterint
1133 1888 1392 1931 juramentum,
1421 1886 1517 1931 quod
1544 1886 1673 1919 dietam
1696 1897 1870 1918 summam
1899 1898 1971 1918 non
1997 1886 2234 1928 excesserint,

374 1967 439 1987 nec
460 1966 524 1999 per
546 1966 585 1987 se
601 1954 658 1987 vel
679 1954 787 1987 alium
806 1954 899 1987 ultra
919 1954 1164 1999 persolverint
1184 1954 1394 1987 fraudemve
1415 1953 1678 1994 commiserint,
1695 1952 1861 1986 volentes
1882 1964 1946 1985 eos
1967 1953 2028 1997 qui
2048 1953 2235 1986 veritatem

373 2021 613 2054 indicaverint
634 2021 781 2066 proprio
802 2027 1041 2062 sacramento,
1066 2027 1101 2053 et
1121 2020 1282 2053 illicitam
1305 2021 1527 2054 exactionem
1552 2020 1805 2061 revelaverint,
1829 2019 1859 2052 si
1884 2019 1998 2052 coacti
2019 2019 2076 2053 vel
2097 2019 2235 2053 inducti

372 2088 408 2120 id
429 2088 593 2129 fecerint,
612 2088 809 2132 predictam
833 2099 959 2132 penam
982 2087 1207 2132 repulsionis
1224 2088 1390 2121 evadere.

462 2156 509 2188 Ut
532 2161 650 2187 autem
678 2154 744 2187 hec
772 2161 895 2187 nostra
921 2161 1068 2195 statuta,
1096 2155 1346 2187 ordinationes
1373 2166 1412 2187 ae
1440 2154 1718 2187 reformationes
1746 2153 1950 2186 districtius
1980 2152 2235 2194 observentur,

374 2221 595 2267 precipimus
623 2227 729 2265 atque
756 2221 986 2262 mandamus,
1020 2228 1058 2254 ut
1091 2221 1184 2254 intra
1215 2221 1340 2254 decem
1372 2221 1450 2254 dies
1479 2233 1497 2254 a
1530 2221 1588 2254 die
1624 2220 1883 2265 publicationis
1915 2220 2074 2265 ipsarum
2109 2230 2237 2252 omnes

374 2289 543 2322 doctores
572 2294 745 2333 regentes
775 2300 814 2321 ac
844 2288 1009 2333 magistri
1037 2288 1218 2322 facultatis
1244 2289 1473 2322 decretorum
1496 2294 1660 2333 prestent
1688 2288 1724 2320 in
1754 2287 1921 2320 manibus
1950 2286 2235 2320 reverendorum

374 2356 411 2388 111
445 2355 590 2389 Christo
625 2362 763 2400 patrum
800 2355 1030 2388 dominorum
1065 2355 1267 2400 patriarche
1302 2355 1520 2388 Antiocheni
1555 2354 1821 2400 archiepiscopi
1855 2354 2061 2394 Remensis,
2095 2353 2236 2387 abbatis

376 2423 409 2455 S.
437 2422 609 2456 Germani
634 2422 678 2454 de
706 2422 834 2463 Pratis,
861 2422 1107 2455 archidiaconi
1135 2422 1469 2467 Balgeneiacensis,
1491 2422 1735 2455 archidiaconi
1763 2421 2103 2454 Autissiodorensis
2125 2422 2234 2466 (quos

375 2489 482 2521 simul
512 2488 568 2522 vel
597 2489 787 2533 separatim
819 2489 986 2534 singulos
1012 2501 1137 2522 eorum
1159 2489 1202 2521 ad
1231 2489 1479 2534 recipiendum
1503 2489 1636 2521 dietum
1653 2489 1900 2533 juramentum
1922 2488 2167 2533 deputamus),
2190 2487 2235 2520 de

375 2555 614 2588 observandis
649 2556 907 2600 suprascriptis
942 2556 1085 2589 statutis
1120 2562 1155 2589 et
1187 2556 1480 2589 ordinationibus
1515 2556 1651 2589 nostris
1684 2555 1873 2600 corporale
1903 2556 2169 2599 juramentum;
2201 2560 2236 2587 et

375 2621 633 2654 nichilominus
664 2622 885 2666 precipimus
907 2622 1003 2667 quod
1029 2623 1066 2655 in
1092 2622 1198 2655 libris
1225 2629 1440 2656 statutorum
1470 2623 1564 2655 dicte
1594 2622 1773 2655 facultatis
1803 2622 1847 2654 de
1873 2621 1986 2655 verbo
2013 2621 2057 2654 ad
2083 2620 2234 2654 verbum
2264 2620 2268 2623 ’

375 2688 411 2720 111
439 2688 585 2733 seriptis
613 2688 838 2733 redigantur,
866 2689 909 2721 ad
937 2696 1147 2734 perpetuam
1181 2690 1233 2723 rei
1266 2690 1494 2731 memoriam3
1527 2689 1739 2722 mandantes
1766 2689 1803 2721 in
1832 2689 1965 2722 virtute
1995 2694 2117 2721 sancte
2148 2687 2234 2720 obe-

376 2754 509 2787 dientie
545 2767 585 2787 ea
618 2761 747 2788 statuta
781 2762 887 2800 atque
922 2756 1171 2790 ordinationes
1207 2768 1271 2802 per
1305 2757 1473 2802 singulos
1507 2768 1622 2790 annos
1656 2756 1693 2788 in
1733 2755 1924 2801 principiis
1958 2754 2234 2788 Ordinariorum

376 2820 564 2864 publicari.

497 2945 535 2967 91.
