2502 3418
321 314 418 350 1452]
667 328 712 349 Αη
748 327 852 349 ΑΝΝΟ
886 326 1173 348 MCCCLXXXXIV
1203 326 1332 354 USQUE
1368 327 1414 348 An
1450 328 1586 349 ANNUM
1622 329 1825 352 Mccccrtt.
2113 323 2175 355 717

407 403 495 434 Item
521 402 736 435 innovamus
763 408 933 434 statutum
959 400 1003 433 (le
1029 400 1190 444 quinque
1217 401 1321 432 annis
1346 408 1426 433 ante
1453 402 1606 446 primum
1634 416 1796 442 cursuum
1830 411 1863 437 ct
1890 405 2007 449 quoad
2037 413 2175 438 sextum

318 480 449 501 annum
471 469 630 501 additum
652 480 717 514 per
738 474 907 501 statutum
929 467 1108 500 facultatis
1135 479 1207 499 non
1232 467 1499 512 dispensetur¹⁸
1526 469 1678 502 faciliter
1704 477 1763 503 aut
1793 471 1938 514 passim,
1961 472 2025 504 scd
2051 484 2177 505 occur-

318 542 419 568 rente
441 536 602 577 materia,
624 547 666 568 ex
687 535 780 567 bona
802 541 836 568 et
857 534 1049 567 sufficienti
1071 546 1177 566 causa
1198 534 1240 566 ad
1263 534 1451 567 arbitrium
1474 536 1620 580 majoris
1643 537 1752 581 partis
1779 537 1955 570 facultatis
1978 550 2088 583 super
2108 539 2175 571 hoc

317 602 524 647 specialiter
544 609 752 636 convocate.
772 603 839 634 Per
859 601 926 634 hoc
947 607 1063 633 autem
1088 613 1159 633 non
1182 601 1405 634 intendimus
1427 603 1756 636 consuetudinibus
1778 604 1980 637 observatis
2002 605 2175 639 hactenus

316 668 574 714 religiosorum
597 669 879 702 Mendicantium
904 675 938 701 et
958 668 1109 700 aliorum
1132 668 1443 713 privilegiatorum
1466 682 1531 714 pro
1553 670 1768 703 bachalariis
1790 671 1833 703 ad
1850 671 2007 704 lecturas
2029 673 2175 705 Senten-

314 736 441 768 tiarum
464 742 499 769 et
523 735 640 768 Biblie
661 742 721 768 aut
737 736 917 769 Cursuum
941 736 1196 780 presentandis
1219 748 1283 780 per
1304 748 1408 769 suum
1426 736 1614 779 Ordinem,
1638 739 1706 770 et¹⁰
1729 738 1862 783 quibus
1883 738 2057 771 hactenus
2079 740 2175 784 paci-

314 802 380 836 fice
402 803 459 836 usi
480 809 576 844 sunt,
600 803 636 835 in
657 803 778 847 aliquo
801 802 991 847 derogare.

402 871 490 902 Item
512 870 605 902 circa
627 876 796 902 statutum
820 869 918 914 quod
935 869 1087 914 quilibet
1104 881 1231 902 cursor
1247 877 1327 903 ante
1346 870 1516 903 lecturam
1536 872 1803 905 Sententiarum
1822 873 2041 918 respondeat
2061 873 2174 906 semel

312 937 355 970 ad
376 937 510 978 minus,
532 937 725 970 statuimus
746 943 782 970 et
801 937 1026 977 ordinamus,
1049 937 1145 981 quod
1168 937 1321 982 quilibet
1341 937 1567 971 bachalarius
1589 951 1717 972 cursor
1738 940 1799 984 qui
1820 939 1929 973 (lebet
1949 940 2172 985 respondere

312 1004 356 1037 de
377 1004 569 1049 questione
596 1004 817 1049 temptativa,
840 1004 1022 1049 supplicet
1046 1016 1111 1049 pro
1141 1005 1314 1049 magistro
1337 1005 1372 1037 in
1393 1005 1572 1047 facultate,
1592 1018 1657 1039 nec
1680 1014 1850 1051 procuret
1870 1007 1940 1040 sibi
1962 1007 2098 1040 directe
2115 1008 2172 1041 vel

310 1071 500 1113 indirecte,
524 1083 588 1116 per
609 1083 648 1104 se
669 1071 727 1104 vel
748 1083 812 1116 per
833 1071 954 1112 alium,
979 1071 1048 1104 sibi
1071 1071 1147 1103 (lari
1168 1071 1380 1116 magistrum
1403 1072 1445 1104 ad
1467 1079 1587 1105 votum
1611 1085 1730 1115 suum,
1753 1074 1817 1106 sed
1842 1074 1957 1107 libere
1979 1087 2043 1119 per
2063 1075 2171 1119 magi-

310 1144 406 1170 stros
434 1138 601 1183 eligatur,
629 1138 690 1183 qui
718 1138 765 1171 sit
791 1137 941 1171 alterius
972 1138 1114 1180 domus,
1142 1139 1300 1171 nationis
1323 1145 1357 1171 et
1376 1139 1533 1184 Collegii
1564 1141 1763 1173 secundum
1792 1147 1963 1174 statutum
1993 1141 2171 1174 facultatis

309 1216 420 1249 super
439 1204 507 1237 hoc
528 1205 677 1238 editum.

397 1272 579 1305 Satuimus
600 1272 697 1316 quod
713 1273 815 1316 juxta
836 1284 972 1305 morem
995 1272 1195 1317 antiquitus
1217 1272 1447 1306 observatum
1471 1274 1508 1305 in
1529 1274 1596 1306 hoc
1619 1274 1758 1316 Studio,
1783 1275 1939 1319 quilibet
1963 1275 2062 1308 Ordo
2085 1288 2170 1321 qua-

307 1345 388 1371 tuor
409 1338 694 1371 Mendicantium
717 1345 752 1371 et
772 1338 980 1383 Collegium
1002 1340 1036 1372 S.
1060 1339 1238 1372 Bernardi
1260 1340 1407 1372 omnino
1425 1347 1460 1372 et
1479 1339 1616 1385 absque
1639 1341 1714 1373 ullo
1736 1342 1879 1374 defectu
1900 1341 2029 1375 habeat
2044 1342 2169 1376 bacha-

305 1405 434 1438 larium
455 1405 642 1447 biblicum,
666 1406 728 1451 qui
748 1406 932 1439 ordinarie
954 1406 1155 1439 secundum
1178 1413 1308 1439 statuta
1330 1419 1393 1440 sua
1415 1406 1543 1440 habeat
1568 1407 1692 1453 legere
1719 1408 1871 1441 Bibliam
1896 1409 2114 1454 regulariter
2135 1416 2169 1442 et

305 1472 444 1517 absque
474 1472 741 1518 interruptione
770 1485 833 1518 per
859 1479 1001 1518 tempus
1030 1480 1201 1506 statutum
1228 1480 1262 1506 et
1286 1473 1374 1507 hora
1399 1481 1572 1507 consueta
1601 1486 1607 1507 ε
1637 1474 1799 1519 alioquin
1825 1475 1855 1508 si
1882 1476 1964 1520 quis
1988 1476 2165 1509 Ordinum

305 1546 341 1572 et
364 1539 521 1585 Collegii
546 1540 792 1584 predictorum
819 1540 904 1573 dare
934 1547 993 1573 aut
1017 1547 1227 1585 presentare
1257 1541 1462 1586 neglexerit
1486 1541 1673 1583 biblicum,
1699 1542 1861 1586 privetur
1888 1555 1952 1587 pro
1980 1555 2074 1576 anno
2102 1544 2164 1576 illo

304 1606 508 1639 bachalario
535 1607 799 1640 Sententiarum
831 1607 867 1639 in
898 1607 974 1640 suis
1005 1607 1128 1640 scolis.
1157 1608 1193 1640 Si
1219 1620 1304 1641 vero
1331 1607 1489 1641 biblicus
1520 1615 1748 1653 presentatus
1776 1616 1811 1642 et.
1838 1617 2006 1655 receptus
2037 1611 2074 1643 in
2101 1623 2163 1644 sua

301 1673 439 1707 lectura
461 1674 647 1715 defecerit,
665 1674 708 1707 ad
730 1673 902 1707 lecturam
926 1675 1190 1707 Sententiarum
1214 1675 1443 1719 postmodum
1466 1687 1538 1708 non
1560 1676 1755 1720 recipiatur
1776 1688 1921 1721 quoquo
1945 1677 2063 1710 modo.

391 1741 566 1774 Statutum
588 1740 680 1773 illud
709 1741 806 1786 quod
827 1741 863 1773 in
884 1742 1140 1774 reformatione
1162 1742 1322 1786 predicta
1346 1742 1561 1787 reperimus,
1587 1743 1684 1787 quod
1710 1743 1833 1776 nullus
1859 1743 1987 1789 legens
2010 1745 2161 1777 Senten-

299 1808 366 1841 tias
388 1807 484 1853 legat
500 1808 729 1853 questionem
751 1820 850 1841 suam
872 1815 932 1841 aut
952 1809 1173 1854 Principium
1196 1821 1259 1854 per
1276 1816 1490 1854 quaternum
1512 1816 1571 1842 aut
1591 1810 1679 1843 alias
1700 1810 1737 1842 in
1758 1811 1918 1855 scriptis,
1936 1818 2018 1853 etc.,
2041 1812 2160 1845 mode-

299 1875 450 1908 randum
477 1887 682 1908 censemus.
711 1876 801 1908 Cum
829 1875 1040 1920 hujusmodi
1067 1876 1244 1909 lectiones
1274 1877 1316 1909 ad
1348 1877 1547 1921 profectum
1576 1877 1799 1910 studentium
1828 1884 1863 1911 et
1887 1878 2091 1911 auditorum
2117 1891 2159 1912 ex

299 1942 505 1976 rationabili
525 1954 632 1975 causa
654 1943 727 1975 sint
747 1943 966 1984 introducte,
988 1943 1034 1976 ita
1055 1943 1219 1976 faciende
1241 1950 1338 1985 sunt,
1360 1950 1398 1976 ut
1419 1956 1460 1976 eo
1482 1951 1718 1977 exerceantur
1739 1945 1846 1977 modo
1869 1952 1903 1978 et
1923 1946 2064 1987 ordine,
2087 1958 2158 1991 quo

297 2010 413 2054 magis
438 2009 482 2042 ad
508 2009 615 2042 finem
642 2010 754 2043 studii
780 2010 956 2055 proficere
983 2011 1267 2055 comperiuntur.
1299 2011 1414 2056 Igitur
1439 2011 1521 2056 quia
1547 2023 1589 2044 ex
1609 2012 1768 2045 virorum
1797 2012 1983 2045 doctormu
2012 2020 2046 2045 et
2071 2013 2158 2046 fide-

297 2076 492 2122 dignorum
514 2076 689 2109 relatione
712 2076 927 2110 didiscimus
947 2077 1023 2110 fore
1045 2078 1160 2123 magis
1181 2085 1332 2119 certum,
1355 2085 1389 2111 et
1408 2078 1452 2110 ad
1475 2078 1679 2111 auditorum
1706 2079 1947 2111 eruditionem
1972 2080 2097 2113 utilius
2118 2093 2157 2113 ac

296 2144 462 2177 securius
484 2144 521 2176 in
540 2143 605 2176 hac
626 2143 807 2185 facultate,
826 2144 857 2176 si
877 2143 1104 2177 bachalarius
1125 2144 1240 2177 bonas
1258 2151 1292 2178 et
1308 2145 1416 2177 utiles
1434 2145 1609 2178 lectiones
1627 2146 1663 2177 in
1680 2152 1855 2190 quaterno
1872 2146 1976 2179 saciat
1992 2153 2027 2179 et
2046 2146 2155 2192 legat,

296 2222 400 2255 quam
423 2211 453 2243 si
474 2210 551 2244 sola
572 2217 691 2243 mente
713 2210 794 2244 illas
815 2211 974 2244 tenendo
996 2212 1213 2256 pronunciet
1234 2214 1323 2255 (cum
1346 2213 1517 2245 memoria
1540 2212 1724 2245 hominum
1748 2212 1867 2245 labilis
1889 2214 2041 2246 maxime
2062 2214 2156 2247 circa

295 2277 449 2310 subtiles
470 2277 656 2323 theologie
683 2278 851 2311 materias
871 2278 1086 2323 plerumque
1108 2279 1264 2322 deficiat)
1289 2291 1295 2311 :
1320 2280 1495 2324 prefatum
1518 2286 1688 2312 statutum
1711 2279 1926 2312 declarando
1949 2281 2157 2323 statuimus,

294 2351 333 2377 ut
349 2345 379 2377 si
397 2345 478 2389 quis
495 2344 722 2378 bachalarius
739 2357 844 2378 suum
861 2345 1082 2390 Principium
1101 2353 1160 2379 aut
1177 2346 1382 2379 Sententias
1399 2346 1522 2391 legere
1540 2358 1604 2391 per
1621 2347 1815 2391 magistros
1832 2347 1941 2379 suerit
1957 2348 2153 2389 admissus,

292 2411 409 2455 possit
429 2412 466 2444 in
487 2418 662 2454 quaterno
681 2411 823 2457 legere,
846 2412 907 2445 tali
929 2419 1047 2445 tamen
1068 2413 1296 2454 condicione,
1319 2420 1352 2446 et
1374 2425 1445 2445 non
1467 2413 1566 2454 alias,
1592 2420 1630 2446 ut
1650 2413 1720 2446 sibi
1742 2426 1814 2446 non
1839 2413 1944 2446 liceat
1972 2414 2095 2459 legere
2116 2415 2152 2447 in

292 2478 417 2511 codiee
433 2478 566 2520 alieno,
588 2491 654 2511 nec
675 2478 868 2512 lectionem
890 2480 1139 2524 transcriptam
1157 2492 1174 2512 a
1192 2480 1464 2523 precedentium
1482 2480 1768 2512 bachalariorum
1790 2480 1960 2513 lectura²⁰
1978 2481 2022 2513 de
2039 2481 2151 2515 verbo

291 2545 335 2578 ad
351 2545 501 2579 verbum
522 2546 774 2591 transcriptam
795 2547 912 2579 sacere
935 2558 1000 2579 seu
1021 2546 1159 2592 legere,
1178 2547 1242 2579 sed
1264 2546 1447 2579 elaborato
1470 2547 1591 2579 studio
1613 2547 1691 2592 ipse
1712 2546 1938 2580 bachalarius
1960 2556 2152 2593 componat

292 2624 376 2646 suas
403 2612 580 2645 lectiones
606 2624 670 2658 per
694 2625 733 2646 se
761 2613 878 2658 ipsum
901 2614 1002 2658 juxta
1028 2614 1258 2658 capacitatem
1284 2614 1340 2646 sui
1364 2613 1584 2655 intellectus,
1608 2614 1803 2646 scribendo
1828 2614 1885 2647 vel
1913 2614 2082 2648 dictando
2108 2628 2151 2649 ex

290 2679 437 2724 proprio
460 2679 581 2712 studio
603 2686 638 2712 et
661 2679 798 2720 labore,
820 2692 898 2712 cum
922 2680 1186 2725 perquisitione
1214 2693 1252 2713 ac
1279 2680 1506 2713 revolutione
1532 2680 1707 2713 librorum
1736 2688 1770 2713 ct
1792 2681 2031 2723 voluminum,
2058 2695 2149 2727 quos

290 2746 501 2780 subservire
523 2746 594 2779 sibi
614 2746 768 2787 videbit3
791 2747 953 2791 alioquin
974 2747 1055 2780 talis
1076 2747 1212 2780 lectura
1235 2760 1306 2780 non
1332 2747 1402 2780 sihi
1429 2748 1594 2792 proficiat
1613 2760 1759 2793 quoquo
1787 2748 1892 2780 modo
1918 2748 1962 2781 ad
1983 2750 2147 2794 gradum.

290 2813 406 2858 Super
426 2825 496 2858 quo
518 2813 578 2846 fiat
598 2813 756 2858 diligens
782 2814 971 2858 inquisitio
993 2826 1058 2858 per
1078 2814 1252 2846 decanum
1277 2814 1455 2847 facultatis
1483 2821 1515 2847 et
1543 2827 1652 2847 unum
1675 2815 1885 2860 magistrum
1914 2815 1957 2848 ad
1978 2816 2045 2849 hoc
2067 2829 2149 2862 spe-

287 2880 426 2913 cialiter
447 2880 675 2925 deputandos
696 2892 760 2925 per
780 2880 996 2915 facultatem.
