2502 3418
392 324 457 357 448
969 332 1288 356 CHARTULARIUM
1323 330 1514 353 uulvssns.
1550 329 1679 351 rimis.
2157 314 2258 351 [1426

393 414 578 445 Rotomngens.
595 413 688 441 dinem,
706 422 748 437 an.
769 413 828 436 1428
844 422 937 437 canon.
958 413 1022 436 eccl.
1046 412 1129 436 Paris.
1153 411 1265 435 ambivit
1283 410 1389 442 (Suppl.
1406 411 1482 433 Mart.
1496 410 1525 439 V,
1541 414 1570 432 n⁰
1588 409 1642 437 216,
1660 409 1704 432 t'ol.
1721 407 1792 435 278¹>;
1808 411 1838 430 n⁰
1854 407 1908 436 221,
1926 407 1971 430 sol.
1989 408 2054 436 264).
2070 407 2118 430 An.
2134 409 2258 438 sequente

392 459 470 490 plura
490 458 625 487 beneficia,
650 462 679 482 ut
702 459 831 490 cupellam
855 459 882 482 S.
905 458 992 482 Albini
1017 466 1099 489 supra
1124 458 1289 480 Haressorum
1305 457 1444 487 Rotomag.
1460 455 1541 478 dioec.
1559 457 1584 477 et
1599 454 1626 477 S.
1642 453 1771 477 Leonardi
1792 452 1818 475 in
1838 452 1902 476 eccl.
1920 451 2005 475 Paris.
2021 451 2135 475 obtinuit
2150 453 2188 481 (ιιο
2203 452 2257 480 236,

394 504 437 528 sol.
454 504 503 533 37).
520 504 647 527 Defuncto
660 503 780 527 Johanne
796 503 912 527 Get-sone
931 503 962 526 de
983 502 1142 526 cancellaria
1157 501 1240 525 Puris.
1256 500 1382 532 litigabit.
1399 500 1456 523 Vid.
1472 508 1514 522 an.
1529 500 1599 522 1429.
1611 512 1643 516 —
1657 498 1682 522 Δ.
1701 497 1828 529 Magister
1839 497 1899 520 Jun.
1916 498 1945 520 27
1959 497 2054 527 (ibidss
2070 495 2130 519 Fuit
2144 496 2259 519 decanus

392 547 456 571 eccl.
472 547 628 579 collegiatae
644 548 675 571 de
699 547 810 576 Saleein,
833 547 984 570 Ebroicens.
1006 547 1100 573 dioec..
1115 549 1140 569 et
1162 546 1188 569 in
1204 545 1321 569 Concilio
1335 544 1492 568 Busileensi.
1509 545 1556 567 An.
1573 544 1643 572 1435,
1663 543 1734 568 Jun..
1753 542 1808 573 jam
1824 542 1963 564 defunctus
1978 544 2044 564 erat.
2060 540 2117 564 vid.
2135 541 2260 564 Bmumz-

394 599 482 621 mum,
496 593 578 617 Notes
590 599 642 616 sur
657 592 696 617 les
706 592 821 623 juyes...
837 594 877 616 du
889 593 991 616 Proces
1006 593 1037 615 de
1050 592 1160 615 Jecmne
1174 590 1266 618 d'Arc‚
1280 598 1306 621 p.
1321 590 1349 612 77
1363 597 1402 620 sq.
1414 602 1444 606 —
1456 588 1480 613 5.
1499 588 1626 619 Magister
1641 587 1732 611 Octob.
1746 587 1775 610 15
1787 586 1884 616 (ibid.).
1898 585 2006 609 Adstitit
2020 585 2156 617 processui
2170 589 2260 609 contra

393 637 541 660 Johnnnam
558 637 642 660 d'Arc.
657 637 705 660 An.
718 637 788 666 1441,
804 637 863 660 Jan.
881 637 918 663 13,
933 636 1032 659 clectus
1046 639 1086 659 est
1101 635 1243 666 episcopus
1260 634 1433 658 Demetriens.
1451 633 1538 662 (Au-ch.
1551 633 1618 661 Vnt.y
1631 631 1749 662 Obligat.
1767 636 1795 654 n⁰
1810 632 1848 660 66,
1866 631 1911 654 tol.
1927 631 1988 661 521²).
2003 630 2042 655 Cf.
2059 631 2260 659 BEAUREPAIRE,

394 682 412 705 l.
429 690 462 710 c.,
478 690 505 713 p.
523 682 567 704 109
583 690 622 713 sq.
644 696 671 699 —
687 681 710 706 6.
730 681 857 712 Magister
873 681 965 705 Octoh.
988 682 1018 703 29
1034 680 1128 711 (ibid.).
1143 693 1175 698 —
1197 679 1220 704 7.
1239 679 1366 710 Magister
1390 678 1518 701 Novemb.
1541 678 1569 700 15
1585 677 1682 707 (ibid.).
1696 690 1727 694 —
1748 676 1772 702 8.
1790 670 1918 707 Magister
1939 676 2060 700 Decemb.
2082 676 2096 698 2
2121 675 2217 705 (ibid.).
2232 689 2262 693 —

395 726 419 752 9.
439 726 565 757 Magister
581 734 623 750 an.
639 727 707 754 1427,
722 727 782 749 Jan.
796 727 810 749 9
826 726 922 756 (ibid.).
937 740 966 743 —
979 725 1018 750 10.
1034 725 1160 756 Magister
1172 725 1232 748 Jnn.
1249 725 1277 747 27
1291 723 1385 754 (ibid.).
1397 737 1428 740 —
1442 722 1483 748 11.
1495 722 1622 753 Magister
1636 722 1696 745 Jan.
1711 722 1740 744 20
1757 721 1840 751 (ibid.,
1855 721 1918 744 ubi:
1937 730 1948 743 «
1962 721 2046 744 abbas
2061 721 2093 744 de
2108 720 2215 752 Sernejo
2230 722 2261 750 υ).

396 772 424 794 In
441 772 502 794 mst⁰
518 772 600 800 5652
618 771 662 794 sol.
680 771 716 799 17,
727 779 867 802 perperam
882 770 989 794 additur
1004 779 1014 793 «
1031 769 1149 793 Cluniuc.
1165 779 1187 792 υ.
1200 769 1257 792 Vid.
1274 777 1355 799 supra
1369 772 1397 791 n⁰
1411 768 1480 791 2194.
1492 781 1523 785 —
1534 766 1575 792 12.
1590 766 1717 797 Magister
1729 767 1853 795 nn.1li27‚
1870 766 1930 789 Maii
1946 767 1975 789 30
1990 765 2026 797 (p.
2038 767 2087 794 56).
2103 765 2162 789 Fuit
2175 765 2262 788 socius

395 816 523 839 Johannis
539 816 620 847 episc.
637 816 761 839 Leonens.
776 819 801 839 et
815 817 951 838 consessor
965 815 1093 838 Johannis
1110 814 1184 837 ducis
1200 813 1361 843 Britanniae,
1378 813 1422 844 qui
1445 821 1486 837 nn.
1509 812 1646 835 1429-1430
1660 811 1773 835 Mat-tino
1786 812 1806 834 V
1822 811 1992 843 supplicavit,
2010 814 2039 834 ut
2061 811 2170 842 aliquod
2185 810 2264 834 bene-

396 861 493 890 ficium,
511 869 535 884 v.
550 869 575 892 g.
593 860 750 891 prioratum,
766 864 825 888 etc.,
842 863 980 891 acceptare
995 863 1086 891 posset
1105 859 1209 890 (Suppl.
1226 859 1302 882 Mart.
1318 859 1347 887 V,
1369 862 1398 880 n⁰
1413 858 1466 886 244,
1482 857 1527 881 sol.
1543 857 1593 887 93).
1617 870 1644 874 —·
1669 856 1709 881 13.
1728 856 1855 888 Magister
1870 864 1913 879 an.
1932 856 1999 884 1427,
2015 857 2088 887 Sept.
2111 856 2139 879 17
2155 857 2190 887 (p.
2213 857 2263 885 56).

396 919 424 924 —
441 905 482 930 14.
501 906 547 930 Αη.
574 905 643 934 1417,
662 905 717 936 jam
738 905 810 928 hacc.
834 906 971 933 formatus,
994 904 1068 934 prior
1089 905 1114 928 S.
1138 903 1239 927 Nicolni
1262 904 1293 926 de
1316 902 1423 931 Salinis,
1446 902 1550 926 Bisunt.
1571 901 1654 925 dioec.
1675 901 1779 933 (Suppl.
1803 902 1879 924 Mart.
1900 902 1928 929 V,
1948 905 1977 924 n⁰
1998 901 2053 930 101,
2076 901 2119 924 sol.
2142 900 2219 930 117b).
2234 914 2264 918 —

396 949 438 975 15.
452 949 577 980 Magister
589 950 658 978 1427,
670 949 795 972 Novemb.
812 950 842 972 28
853 951 911 978 (ms.
923 950 993 978 5494,
1007 949 1025 972 1.
1040 951 1082 978 (-.).
1094 962 1126 966 -
1138 948 1178 973 16.
1191 948 1317 979 Magister
1327 948 1397 976 1427,
1411 946 1504 971 Octoh.
1516 947 1546 970 ‘20
1557 946 1651 976 (ibid.).
1665 960 1695 964 —
1706 946 1748 971 17.
1759 946 1788 969 P.
1801 947 1839 970 58.
1851 946 1974 969 Bedellus
1990 945 2090 977 recepit
2100 953 2148 977 pro
2159 945 2265 969 licentia

396 995 515 1026 ejusdem
532 994 600 1026 xxxij
617 994 667 1017 sol.
682 994 808 1025 Magister
824 1002 866 1017 an.
883 994 953 1023 1427,
968 994 1029 1017 Jun.
1046 996 1059 1017 5
1076 993 1160 1024 (ibid.‚
1176 1002 1203 1024 p.
1220 994 1269 1022 56).

400 1161 543 1198 2265.
567 1170 704 1196 Facultas
721 1170 826 1196 decret.
844 1171 939 1196 Paris.
958 1171 1102 1197 deliberat
1115 1171 1150 1197 de
1166 1170 1259 1197 rotulo
1274 1170 1411 1196 mittendo
1425 1170 1465 1196 ad
1477 1179 1587 1207 papam
1602 1174 1629 1196 et
1644 1170 1785 1204 imprimis
1800 1169 1836 1195 de
1851 1169 2050 1205 appellatione
2069 1168 2268 1194 Universitatis

487 1220 524 1245 ab
540 1220 675 1256 episcopo
691 1220 787 1247 Paris.
804 1220 844 1246 ad
857 1229 966 1257 papam
983 1221 1011 1247 in
1025 1230 1116 1247 causa
1132 1220 1352 1247 haereticorum.

1566 1257 1638 1286 1426,
1653 1256 1740 1282 Martii
1752 1256 1791 1285 21,
1809 1256 1852 1285 22,
1868 1255 1982 1282 Parisii&

489 1344 554 1378 Die
576 1346 631 1390 xxj
651 1345 790 1386 Marcii,
809 1345 949 1378 scilicet
969 1346 1006 1378 in
1023 1346 1081 1379 die
1103 1346 1218 1379 sancti
1236 1346 1440 1388 Benedicti,
1459 1346 1630 1379 dominus
1652 1352 1783 1387 rector,
1801 1351 1951 1379 vocatus
1972 1356 2066 1390 mag.
2084 1343 2268 1378 Johannes

400 1412 444 1444 de
463 1411 597 1454 Insula,
619 1412 704 1445 fecit
723 1413 1054 1458 congregacionem
1076 1413 1113 1446 in
1130 1414 1260 1447 Sancto
1278 1414 1459 1447 Maturino
1477 1425 1589 1459 super
1604 1413 1767 1446 articulis
1784 1412 2038 1458 sequentibus.
2060 1412 2204 1445 Primus
2225 1411 2270 1445 de

400 1479 551 1524 quadam
569 1479 793 1524 apellacione
810 1480 998 1525 interjecta
1016 1493 1080 1526 per
1097 1481 1230 1514 dictum
1249 1488 1427 1514 rectorem
1446 1481 1592 1514 nomine
1608 1480 1864 1514 Universitatis
1881 1492 1899 1513 a
1911 1479 2059 1513 domino
2073 1478 2270 1513 Parisiensi

401 1546 554 1591 infacto
567 1546 692 1592 fidei¹,
716 1559 786 1592 que
806 1547 873 1581 suit
893 1547 998 1589 lecta,
1021 1547 1238 1593 petebatque
1260 1548 1430 1581 dominus
1453 1555 1572 1581 rector
1591 1548 1622 1581 si
1642 1548 1736 1581 foret
1756 1547 1793 1580 in
1814 1547 1909 1580 bona
1929 1548 2055 1580 forma.
2081 1546 2272 1580 Secundus

402 1613 577 1646 articulus
601 1625 712 1659 super
732 1614 1003 1648 acceleracione
1029 1615 1245 1648 ambassiate
1267 1616 1310 1648 ad
1331 1615 1467 1648 curiam
1490 1617 1684 1648 Romanam
1706 1621 1741 1648 et
1762 1614 1806 1648 de
1830 1615 1938 1647 modo
1960 1613 2168 1660 reperiendi
2189 1625 2273 1659 pec-

404 1680 529 1713 cunias
551 1692 615 1726 pro
638 1681 813 1726 predictis
836 1681 1174 1716 ambassiatoribus.
1199 1684 1242 1715 Et
1264 1682 1449 1728 aperiebat
1474 1683 1660 1728 predictus
1681 1688 1801 1715 rector
1821 1682 1914 1715 duos
1939 1681 2082 1722 modos,
2103 1680 2274 1714 videlicet

405 1747 503 1792 quod
523 1748 766 1781 conficeretur
787 1749 928 1783 rotulus
950 1762 1015 1795 pro
1042 1750 1147 1783 novis
1171 1750 1358 1795 magistris
1384 1762 1538 1795 quorum
1561 1749 1716 1795 quilibet
1736 1749 1896 1782 solveret
1919 1755 2052 1782 certam
2076 1759 2271 1787 summam;

405 1814 487 1847 item
511 1815 609 1860 quod
626 1822 789 1849 curreret
810 1816 919 1849 bursa
940 1817 1116 1862 capitalis.
1141 1818 1181 1850 In
1204 1829 1273 1862 qua
1294 1818 1586 1863 congregacione
1609 1823 1711 1850 erant
1734 1816 1838 1862 pauci
1860 1816 1904 1849 de
1926 1815 2085 1849 dominis
2110 1815 2214 1856 meis,
2239 1821 2275 1848 et

404 1881 486 1914 ideo
505 1894 573 1927 ego
596 1882 754 1916 decanus
777 1883 888 1916 nichil
905 1885 1005 1929 potui
1022 1884 1256 1917 concludere.

495 1950 535 1982 ln
553 1950 711 1983 crastino
728 1951 876 1984 fuerunt
891 1963 1018 1985 omnes
1035 1952 1173 1985 domini
1190 1953 1260 1985 mei
1277 1952 1491 1998 congregati
1508 1952 1545 1985 in
1563 1952 1692 1985 Sancto
1708 1951 1872 1985 Johanne
1890 1957 1925 1984 et
1940 1950 1990 1983 ibi
2007 1950 2113 1996 posui
2129 1950 2167 1983 in
2183 1948 2274 1983 deli—

406 2015 599 2049 beracione
620 2017 794 2051 articulos
815 2019 987 2063 prefatos.
1011 2020 1055 2052 Et
1071 2019 1187 2064 primo
1205 2031 1247 2052 ex
1264 2019 1534 2052 deliberacione
1552 2019 1712 2052 omnium
1730 2018 1960 2052 dominorum
1980 2029 2141 2050 meorum
2159 2016 2276 2050 extitit

407 2083 633 2125 conclusum,
652 2085 749 2129 quod
767 2097 894 2118 omnes
909 2085 1043 2127 littere,
1063 2098 1292 2132 quecumque
1310 2087 1384 2120 sint
1399 2086 1474 2128 ille,
1494 2086 1599 2119 etiam
1617 2086 1679 2118 ille
1697 2098 1767 2131 que
1783 2085 1976 2118 mittuntur
1997 2084 2104 2118 alicui
2121 2083 2275 2130 prelato,

407 2150 575 2195 legantur
600 2152 636 2184 in
658 2152 764 2197 plena
786 2153 1031 2186 Universitate
1052 2161 1243 2199 antequam
1265 2160 1494 2199 grossentur.
1518 2155 1589 2187 Ista
1616 2165 1701 2187 vero
1722 2153 1890 2199 apellatio
1911 2153 1979 2185 suit
1998 2158 2164 2197 grossata
2185 2158 2220 2185 et
2239 2151 2276 2184 in

408 2217 520 2251 forma
538 2218 680 2263 publica
702 2219 844 2252 redacta
866 2220 1048 2254 insinuata
1065 2221 1212 2254 domino
1230 2221 1440 2262 Parisiensi,
1459 2227 1650 2266 antequam
1667 2220 1852 2266 legeretur
1867 2220 1903 2252 in
1920 2219 2179 2260 Universstate,
2194 2218 2277 2264 quia

409 2285 439 2318 si
460 2285 591 2318 suisset
610 2285 714 2327 lecta,
740 2299 923 2332 nunquam
945 2288 1096 2321 facultas
1118 2288 1349 2321 decretorum
1371 2289 1408 2321 in
1429 2288 1541 2328 illam,
1569 2288 1605 2320 in
1622 2288 1735 2321 forma
1756 2288 1793 2320 in
1814 2299 1882 2332 qua
1900 2293 1968 2328 est,
1990 2286 2275 2327 consenssisset,

410 2363 489 2384 cum
507 2352 671 2385 videatur
692 2353 876 2387 diffamare
894 2354 1045 2388 multum
1063 2367 1255 2400 personam
1271 2355 1447 2388 Johannis
1464 2356 1602 2388 domini
1617 2355 1781 2400 episcopi
1798 2354 2029 2396 Parisiensis‚
2047 2354 2276 2387 decretorum

412 2419 573 2453 doctoris
594 2420 768 2462 Parisius,
792 2428 827 2454 et
846 2421 929 2455 ideo
952 2422 1148 2467 predictam
1172 2422 1446 2468 apellaeionem,
1465 2423 1501 2455 in
1522 2423 1635 2455 forma
1657 2422 1693 2454 in
1711 2434 1779 2467 qua
1801 2428 1869 2462 est,
1887 2433 1960 2454 non
1977 2420 2163 2466 approbat.
2182 2421 2225 2453 Et
2241 2426 2280 2453 ut

413 2486 572 2531 predicta
594 2487 744 2520 facultas
766 2494 929 2534 tempore
950 2489 1071 2522 futuro
1089 2496 1277 2535 reputetur
1293 2497 1499 2531 exonerata,
1522 2490 1686 2535 precepit
1705 2488 1814 2522 michi
1831 2489 1968 2522 decano
1990 2487 2226 2533 inregistrare
2242 2487 2279 2520 in

414 2553 573 2597 presenti
592 2554 730 2599 papiro.
753 2556 933 2598 Quantum
955 2556 999 2589 ad
1017 2557 1216 2590 secundum
1235 2556 1425 2590 articulum
1448 2556 1612 2602 placebat
1628 2556 1782 2596 rotulus,
1805 2556 1869 2589 sed
1887 2567 1926 2589 se
1947 2554 2152 2601 opponebat
2169 2554 2279 2588 burse

415 2619 569 2664 capitali.
594 2622 638 2653 Et
657 2620 724 2654 hoc
746 2622 838 2655 sacto
862 2635 930 2668 ego
952 2623 1047 2657 adivi
1068 2624 1254 2657 dominum
1279 2630 1456 2657 rectorem
1482 2624 1694 2669 magistrum
1715 2623 1795 2657 Joh.
1821 2624 1865 2656 de
1892 2622 2013 2656 Insula
2034 2629 2070 2655 et
2092 2622 2162 2655 seci
2188 2621 2280 2655 rela-

415 2686 567 2728 cionem,
591 2695 696 2732 prout
719 2690 902 2734 superiuS,
926 2697 961 2723 et
982 2691 1064 2736 quia
1085 2691 1145 2724 illa
1163 2691 1221 2724 die
1242 2691 1391 2724 finiebat
1407 2703 1471 2724 sua
1487 2691 1655 2732 rectoria,
1678 2691 1762 2724 item
1784 2690 1879 2724 adivi
1901 2702 2004 2723 suum
2027 2700 2279 2722 successorem

417 2764 509 2797 mag.
532 2753 725 2787 Thomam’
748 2756 791 2788 de
813 2757 1018 2790 Courcellis
1040 2758 1097 2791 cui
1115 2758 1283 2791 similiter
1303 2758 1372 2791 feci
1394 2758 1627 2799 relacionem,
1651 2765 1719 2791 etc.

418 2892 422 2896 .
507 2850 613 2874 Memor.
630 2852 678 2875 sac.
696 2853 803 2882 decret„
818 2854 836 2881 I,
851 2854 895 2877 sol.
909 2854 960 2878 751’.
969 2869 997 2872 —
1010 2856 1056 2878 Hic
1073 2856 1168 2879 iterum
1183 2856 1272 2888 agitur
1283 2857 1314 2880 de
1330 2856 1469 2880 haereticis
1479 2864 1550 2888 mag.
1562 2856 1704 2881 Guillelmo
1715 2856 1814 2888 Vigner
1828 2856 1937 2887 ejusque
1947 2854 2132 2886 complicibus,
2143 2854 2175 2877 de
2186 2853 2282 2885 quibus

414 2901 468 2923 Jam
485 2901 565 2925 supra
578 2899 606 2917 n⁰
620 2896 687 2921 2262.
703 2897 786 2928 April.
800 2898 813 2920 2
826 2899 988 2922 ambassiata
1002 2901 1118 2924 nondum
1134 2902 1253 2932 profecta
1265 2905 1321 2925 erat
1335 2901 1398 2931 (vid.
1410 2903 1538 2931 Auctar„
1551 2902 1583 2932 ΙΙ,
1597 2910 1623 2933 p.
1636 2902 1689 2930 343,
1705 2902 1743 2930 17,
1755 2902 1805 2932 23).
1821 2901 1885 2924 Cum
1899 2900 2040 2932 episcopus
2053 2898 2138 2923 Paris.
2149 2898 2282 2922 Jahnnnes
