2502 3418
2071 356 2087 387 „x

2090 356 2110 388 ω

246 351 341 389 1426]
593 366 639 388 ,111
674 365 780 388 ,111Νο
814 363 1102 387 ncchxxxxiv
1137 363 1268 392 USQUE
1299 363 1347 385 ,111
1382 363 1520 386 ANNUM
1556 365 1761 386 mccccmi.
2046 357 2078 388 4:

244 495 388 532 2273.
413 505 557 530 Martinus
578 506 729 530 Vcausam
746 504 953 530 haereticorum
968 503 1167 537 sortilegorum
1184 503 1309 528 Parisiis
1326 503 1578 530 incarceratorum.
1599 503 1648 538 qui
1670 503 1710 528 ad
1730 503 1821 539 ipsum
1838 504 2032 539 appellat-unt,
2050 506 2111 540 epi-

330 554 426 591 scopis
441 554 599 585 Morinensi
614 558 642 580 et
655 553 835 579 Noviomensi
849 553 1038 579 decidendam
1055 552 1184 580 remittit,

1493 603 1565 630 7426.
1581 602 1652 627 dutrii
1662 603 1705 630 28,
1722 603 1823 628 Romae.

332 705 522 745 Martinus,
554 711 636 746 etc.,
665 703 939 737 venerabilibus
968 703 1142 737 fratribus
1175 704 1394 737 Morinensi¹
1434 710 1468 736 et
1502 703 1759 736 Νο1110111011512
1792 703 1976 748 episcopis
2014 704 2110 737 saln-

242 778 327 812 tem,
354 778 421 805 etc.
445 772 500 804 Ad
525 771 683 804 sedanda
705 771 821 816 litigia
847 777 882 803 et
902 771 1135 815 questionum
1163 771 1330 803 materias
1360 770 1642 803 summovendas
1672 782 1742 814 que
1772 770 1987 815 plerumque
2016 771 2110 804 inter

243 838 500 871 christifideles
521 838 639 871 hostis
660 838 799 882 antiqui
820 838 988 882 nequicia
1006 838 1171 879 seminat,
1188 850 1292 882 opem
1309 837 1466 870 libenter
1486 837 1715 882 impertimur
1736 844 1769 870 et
1786 849 1931 882 operam
1949 850 1988 870 ac
2006 845 2112 882 prout

243 905 415 950 expedire
441 900 689 950 conspicimus
715 904 949 949 solicitudine
978 912 1125 950 paterna
1151 912 1271 950 partes
1300 911 1444 937 nostras
1470 904 1716 949 impendimus
1742 904 1919 937 efficaces.
1944 904 2110 938 Exhibita

242 972 422 1017 siquidem
443 972 641 1017 nobispro
664 978 763 1017 parte
789 972 983 1005 Guillermi
1007 972 1161 1017 Vignier
1182 972 1318 1013 clerici,
1341 971 1517 1005 Johannis
1538 972 1655 1004 Amici
1677 978 1712 1004 et
1731 971 1916 1005 Ambrosii
1943 972 2109 1005 Maloisel

242 1039 286 1072 de
306 1040 439 1074 Janua³
461 1039 634 1073 laicorum
656 1039 818 1072 Parisius
840 1039 1145 1072 commorancium
1163 1039 1289 1084 petitio
1307 1038 1527 1077 continebat,
1547 1039 1644 1083 quod
1661 1038 1746 1071 olim
1763 1038 1984 1072 venerabilis
2001 1040 2110 1072 frater

241 1091 367 1139 noster
392 1106 576 1139 Johannes
608 1106 803 1151 episcopus
833 1106 1051 1139 Parisiensis
1079 1106 1198 1138 minus
1225 1106 1403 1139 veraciter
1430 1106 1665 1151 pretendens,
1688 1106 1789 1151 ipsos
1817 1093 2045 1152 sortilegium
2073 1107 2109 1139 in

238 1174 381 1206 civitate
398 1173 596 1206 Parisiensi
613 1173 857 1215 commisisse,
873 1173 1069 1206 intendens
1087 1185 1198 1218 super
1214 1173 1285 1206 hiis
1302 1180 1426 1206 contra
1443 1173 1544 1218 ipsos
1562 1173 1735 1206 clericum
1753 1180 1788 1205 et
1804 1173 1916 1206 laicos
1933 1174 1976 1206 ad
1993 1174 2109 1218 inqui-

241 1241 416 1276 sicionem
439 1240 680 1282 descendere,
702 1247 894 1285 propterea
915 1241 994 1285 capi
1016 1247 1051 1273 et
1070 1240 1279 1273 carceribus
1300 1241 1497 1285 mancipari
1513 1241 1598 1273 fecit
1614 1247 1649 1272 et
1665 1241 1857 1273 mandavit.
1873 1241 2107 1274 Postmodum

240 1307 335 1340 inter
361 1308 480 1352 ipsum
512 1307 725 1352 episcopum
757 1314 791 1340 et
821 1307 993 1340 dilectum
1022 1307 1136 1340 filium
1166 1307 1366 1341 Johannem
1394 1308 1595 1341 Graverant
1621 1308 1766 1340 fratrem
1797 1308 1927 1340 domus
1958 1308 2107 1342 Ordinis

238 1375 387 1407 fratrum
404 1375 675 1410 Predicatorum
691 1375 887 1407 Parisiens.
907 1387 1009 1407 sacre
1024 1374 1209 1420 theologie
1227 1376 1487 1420 professorem,
1507 1375 1543 1407 in
1561 1387 1674 1419 regno
1691 1375 1839 1407 Francie
1856 1375 2015 1409 heretice
2033 1388 2107 1421 pra-

239 1442 358 1475 vitatis
379 1442 647 1487 inquisitorem,
666 1454 777 1487 super
797 1442 1014 1487 cognicione
1031 1454 1138 1475 cause
1159 1442 1370 1475 eorumdem
1388 1442 1511 1474 elerici
1534 1449 1568 1474 et
1588 1442 1760 1474 laicorum
1784 1442 1966 1475 discordia
1987 1450 2108 1476 exorta

239 1503 359 1549 suerit,
379 1516 527 1554 propter
548 1521 653 1554 quam
675 1509 803 1554 prefati
826 1509 981 1542 clericus
1002 1516 1037 1542 et
1057 1509 1139 1542 laici
1160 1510 1196 1541 111
1223 1509 1362 1542 eisdem
1384 1509 1592 1542 carceribus
1614 1509 1650 1541 in
1676 1509 1808 1553 quibus
1831 1522 1894 1554 per
1920 1522 2051 1542 annum
2075 1517 2109 1543 et

241 1575 331 1608 ultra
348 1576 552 1616 extiterant,
568 1576 778 1609 detinentur
792 1576 959 1621 captivati
973 1576 1009 1608 in
1026 1576 1190 1621 ipsorum
1206 1588 1315 1621 grave
1334 1576 1573 1621 prejudicium
1591 1583 1626 1608 et
1640 1588 1846 1620 gravamen.
1866 1577 1955 1610 Cum
1973 1584 2105 1619 autem,

240 1643 334 1676 sicut
354 1643 480 1675 eadem
497 1643 631 1688 peticio
653 1643 912 1688 subjungebat,
934 1643 1062 1687 prefati
1084 1643 1240 1676 clericus
1262 1650 1297 1675 et
1315 1643 1397 1675 laici
1412 1643 1456 1675 de
1471 1643 1654 1687 impositis
1675 1643 1728 1675 eis
1750 1656 1869 1676 coram
1887 1656 2105 1689 quocunque

235 1710 360 1754 judice
393 1710 642 1743 ecclesiastico
675 1711 748 1743 sint
777 1710 887 1755 parati
918 1710 1080 1755 legitime
1109 1717 1203 1743 stare
1226 1711 1314 1755 juri,
1344 1722 1559 1755 quamquam
1587 1710 1731 1754 quidam
1764 1711 1927 1756 Rodigus
1953 1713 2107 1756 lspanus

240 1777 391 1809 nacione
413 1776 668 1810 fraudulentus
689 1777 889 1822 sortilegus
911 1777 1002 1822 ipsis
1024 1778 1242 1822 promiserat
1263 1779 1312 1820 (ut
1332 1777 1375 1809 ab
1397 1777 1450 1810 eis
1476 1777 1615 1821 aliquas
1642 1783 1875 1822 extorqueret
1901 1779 2105 1822 peccunias)

240 1838 430 1889 quemdam
454 1856 622 1889 magnum
645 1844 853 1877 thesaurum
876 1845 1062 1890 repperire
1084 1844 1221 1889 absque
1238 1844 1428 1889 sortilegio
1450 1851 1485 1877 et
1506 1844 1721 1889 deceptione
1743 1844 2052 1890 quibuscumque,
2073 1853 2107 1879 et

239 1922 283 1944 ne
310 1918 458 1956 propter
488 1912 707 1945 discordiam
736 1912 850 1956 ipsam
877 1912 972 1944 inter
998 1912 1209 1956 episcopum
1239 1918 1274 1944 01
1300 1911 1555 1956 inquisitorem
1585 1912 1743 1956 prefatos
1772 1912 1989 1956 pendentem
2019 1913 2105 1946 dicti

239 1978 395 2011 clericus
416 1985 450 2011 et
469 1978 549 2011 laici
572 1991 716 2023 semper
737 1986 905 2011 maneant
921 1979 1100 2024 captivati,
1120 1991 1184 2023 pro
1202 1985 1300 2023 parte
1318 1978 1518 2011 eorundem
1536 1978 1659 2011 elerici
1677 1985 1710 2011 et
1728 1979 1900 2012 laicorum
1918 1979 2023 2012 1101115
2040 1981 2107 2013 suit

239 2045 424 2078 humiliter
445 2046 685 2090 supplicatum
708 2053 745 2079 ut
767 2047 928 2078 eamdem
952 2058 1094 2078 1-1111511111
1116 2045 1159 2078 ab
1182 2046 1319 2078 eisdem
1341 2046 1514 2090 episcopo
1536 2053 1571 2078 et
1596 2046 1813 2090 inquisitore
1839 2047 1882 2078 ad
1906 2059 1973 2079 nos
1996 2047 2105 2079 advo-

239 2107 332 2154 care,
355 2113 525 2157 illamque
546 2113 729 2158 aliquibus
746 2113 827 2146 aliis
847 2113 993 2158 prelatis
1010 2114 1047 2145 in
1064 2113 1157 2146 dicta
1174 2113 1317 2146 civitate
1335 2113 1532 2145 Parisiensi
1550 2113 1858 2146 connnorantibus
1875 2114 2102 2155 audiendam,

238 2180 529 2225 cognoscendam
553 2187 588 2213 et
607 2180 677 2213 fine
699 2180 822 2213 debito
845 2181 1105 2213 terminandam
1128 2180 1366 2220 committere,
1390 2186 1424 2212 et
1444 2179 1531 2212 alias
1553 2180 1643 2224 ipsis
1665 2180 1700 2212 in
1718 2181 1908 2225 premissis
1926 2189 2104 2226 oportune

239 2247 431 2292 providere
453 2247 497 2280 de
518 2247 742 2292 benignitate
763 2248 961 2292 apostolica
979 2248 1226 2292 dignaremur:
1243 2248 1316 2279 Nos
1334 2253 1463 2279 statum
1482 2259 1590 2279 0111150
1609 2247 1816 2291 hujusmodi
1834 2248 2009 2281 habentes
2027 2262 2103 2294 prc-

239 2314 405 2346 sentibus
427 2326 491 2359 pro
513 2326 700 2359 expresso,
724 2314 932 2361 hujusmodi
954 2327 1098 2359 quoque
1117 2313 1446 2359 supplicationibus
1467 2314 1642 2352 inclinati,
1666 2315 1950 2347 fraternitatibus
1972 2317 2103 2349 vestris

240 2374 304 2426 per
331 2381 527 2426 apostolica
556 2382 689 2426 scripta
715 2382 940 2422 mandamus,
967 2388 1145 2426 quatenus
1167 2381 1303 2414 vocatis
1330 2381 1436 2413 dictis
1462 2381 1634 2425 episcopo
1666 2388 1700 2413 et
1724 2381 1941 2425 inquisitore.
1963 2389 1997 2415 et
2024 2383 2103 2415 aliis

239 2522 273 2548 et
295 2515 325 2547 si
354 2515 400 2548 ita
426 2527 507 2548 esse
539 2515 753 2548 inveneritis
788 2528 930 2548 causam
966 2516 1080 2559 ipsam
1114 2515 1157 2548 ab
1194 2515 1333 2548 eisdem
1369 2515 1541 2559 0111500110
1576 2521 1610 2547 01
1639 2515 1856 2559 inquisitore
1891 2517 2101 2550 auctoritate

238 2582 436 2627 apostolica
457 2582 500 2614 ad
523 2594 589 2614 nos
611 2582 786 2615 advocare
814 2582 984 2627 illamque
1007 2583 1043 2614 in
1065 2595 1107 2614 00
1134 2589 1228 2614 statu
1250 2582 1286 2614 in
1313 2594 1383 2626 quo
1411 2581 1537 2614 ultimo
1563 2593 1682 2614 coram
1712 2582 1849 2614 eisdem
1873 2583 2045 2629 episcopo
2068 2592 2103 2617 et

238 2649 453 2693 inquisitore
483 2649 656 2683 remansit
685 2661 884 2690 resumere,
917 2650 1128 2682 continuare
1154 2656 1189 2681 et
1218 2649 1289 2681 line
1322 2648 1445 2680 debito
1477 2648 1647 2680 decidere
1674 2655 1708 2681 et
1732 2650 1923 2682 terminare
1952 2652 2099 2693 curetis,

238 2701 345 2760 prout
366 2717 505 2760 dejure
526 2703 635 2749 suerit
656 2717 917 2749 saciendunr...
948 2718 990 2748 Et
1015 2715 1274 2748 nichilominus
1297 2715 1444 2760 prefatis
1465 2715 1599 2747 clerico
1620 2722 1655 2747 et
1676 2715 1790 2756 laicis,
1815 2717 1845 2748 si
1867 2723 1902 2749 et
1922 2725 2100 2762 quatenus

238 2782 405 2827 indigent
432 2790 466 2816 et
493 2783 560 2815 hoc
587 2783 772 2816 humiliter
798 2784 967 2828 petierint
993 2790 1028 2815 et
1048 2783 1259 2823 meruerint,
1287 2782 1503 2814 beneficium
1527 2781 1768 2814 absolutionis
1789 2783 1832 2815 ab
1856 2787 2101 2818 excommuni-

238 2850 390 2882 cationis
412 2851 590 2883 sententia
613 2857 647 2882 et
667 2850 747 2883 aliis
772 2851 875 2895 penis
898 2857 932 2882 01
957 2850 1123 2882 censuris
1148 2849 1419 2889 ecelesiasticis,
1449 2849 1479 2880 si
1501 2861 1589 2892 quas
1618 2850 1808 2882 occasione
1838 2852 2098 2895 premissorum

240 2917 514 2959 quomodolibet
536 2918 748 2959 meruerint,
770 2917 834 2950 hae
857 2918 932 2950 vice
960 2918 1141 2949 dumtaxat
1162 2916 1285 2948 eadem
1308 2916 1519 2948 auctoritate
1541 2922 1662 2948 nostra
1684 2917 1901 2961 impendatis
1923 2919 1959 2950 in
1987 2921 2099 2953 forma
