2502 3418
286 338 382 374 1426]
629 355 674 376 AB
709 356 813 378 ANNO
848 356 1137 378 mcchxxxxnv
1167 356 1300 384 usqne
1335 356 1382 377 An
1417 356 1555 377 ANNUM
1590 356 1796 378 macconi.
2080 347 2141 378 461

282 483 426 520 2285.
449 494 585 528 Magistri
599 499 728 529 regentes
743 495 772 520 in
784 495 928 529 facultate
945 495 1104 521 medicinae
1120 504 1166 521 an.
1185 495 1351 521 1496-1427.

1459 577 1532 606 1426,
1545 576 1690 602 Novembris
1703 578 1726 606 6.
1743 577 1857 602 Parisiis.

370 679 530 711 Fuerunt
550 679 714 723 magistri
741 685 911 724 regentes
933 685 1130 723 sequentes
1152 679 1213 723 qui
1234 679 1451 723 inceperunt
1470 678 1647 711 lectiones
1669 690 1753 711 suas
1775 678 1833 710 die
1856 678 1978 710 martis
1999 679 2050 722 vja
2070 680 2142 711 No-

279 744 439 778 vembris
457 756 464 778 ε

366 856 541 883 Guillelmus
555 856 591 883 de
606 856 753 883 Camera⁴.
1312 858 1413 883 Petrus
1427 857 1463 883 de
1478 857 1626 883 chaciaco.

364 904 430 930 Joh.
448 904 570 930 Belardi.
1311 906 1430 939 Egidius
1443 906 1582 932 Caniveti.

364 953 488 980 ,Iacobus
501 952 687 988 Sacquespee.
1310 955 1459 980 Rolandus
1476 955 1639 989 Scriptoris.

365 1002 506 1029 Henricus
520 1003 646 1037 Doigny.
1310 1003 1487 1030 Guillelmus
1501 1004 1606 1037 Figuli.

364 1050 465 1077 Petrus
478 1050 675 1077 Cardonnelli.
1309 1053 1475 1079 Philbertus
1491 1054 1633 1080 Furnerii.

363 1100 504 1126 Robertus
519 1101 659 1126 Poitevin.
1308 1102 1484 1128 Guillelmus
1498 1103 1534 1129 de
1548 1103 1730 1136 Apostolatu.

362 1149 526 1175 Bernardus
540 1149 664 1175 Nivardi.
1308 1151 1438 1178 Andreas
1451 1152 1581 1185 Despars.

362 1198 511 1225 Eustacius
526 1199 646 1227 Calculi.
1309 1200 1475 1234 Stephanus
1491 1201 1616 1234 Majoris.

359 1248 426 1273 Joh.
444 1248 565 1274 Warini.
1819 1248 1871 1284 [17]

364 1350 508 1373 Comment.
526 1351 577 1375 sac.
593 1351 672 1380 med„
689 1351 709 1381 Ι,
725 1359 752 1382 p.
763 1352 818 1374 286.
831 1364 862 1368 —-
874 1351 938 1374 Nov.
953 1351 976 1381 2,
990 1351 1100 1382 Egidius
1117 1351 1236 1375 Caniveti
1252 1352 1366 1375 decanus
1381 1352 1550 1375 continuatus
1567 1356 1632 1375 erat.

363 1447 388 1472 1.
405 1447 534 1471 Ultimum
558 1449 627 1472 inter
648 1452 769 1480 regentes
792 1449 911 1473 affertur.
936 1450 1055 1473 Alterum
1080 1449 1199 1480 ejusdem
1218 1449 1342 1479 nominis,
1362 1457 1409 1472 seu
1435 1449 1523 1480 potius
1551 1449 1607 1480 ejus
1632 1450 1724 1479 filium,
1751 1449 1914 1473 inveniemus
1940 1450 1973 1473 ab
1995 1458 2038 1474 un.
2069 1451 2136 1480 1430,

270 1492 407 1516 Februarii
422 1494 460 1522 21,
477 1493 521 1525 qui
537 1494 622 1517 adfuit
636 1494 773 1525 processui
786 1494 922 1517 Johannae
937 1495 1022 1518 d'Arc.

269 1683 414 1720 2286.
439 1693 558 1719 Carolus
578 1694 634 1728 Vll,
653 1694 825 1719 Francorum
841 1702 900 1728 rex,
918 1693 1026 1719 bullam
1048 1694 1170 1719 Martini
1190 1693 1321 1729 unoad
1340 1694 1518 1729 provisiones
1532 1693 1758 1728 collationesque
1775 1693 1975 1727 beneficiorum
1998 1693 2026 1718 in
2049 1702 2134 1728 regno

357 1743 498 1768 Franciae
514 1746 541 1768 et
554 1742 740 1779 Delphinatu,
755 1746 870 1777 gratam
885 1747 912 1769 et
923 1747 1017 1768 ratam
1032 1743 1143 1777 habet⁴‚
1158 1753 1172 1769 α
1184 1743 1297 1779 proviso
1312 1743 1389 1778 quod
1401 1744 1609 1779 pet-premissa
1622 1742 1731 1768 nullum
1745 1751 1843 1768 novum
1853 1743 1903 1778 jus
1919 1743 1994 1768 dicto
2011 1743 2135 1768 sanctis-

356 1793 427 1818 simo
440 1792 522 1828 patri
535 1801 587 1818 seu
602 1793 728 1818 Romane
744 1793 821 1818 curie
837 1792 866 1818 in
878 1792 1070 1828 prejudicium
1087 1792 1253 1818 libertatum
1269 1792 1389 1818 ecclesie
1405 1793 1486 1827 regni
1501 1796 1528 1818 et
1542 1792 1739 1828 Dalplzinatus
1806 1792 2018 1827 quomodolibet
2033 1792 2134 1827 acqui-

356 1845 439 1867 ratur
455 1851 480 1867 ».
505 1843 607 1877 Itaque
627 1846 751 1876 arresta,
776 1842 945 1876 sententiae,
965 1841 1082 1877 multae,
1095 1851 1218 1878 poenae,
1236 1842 1407 1876 bonimenta,
1426 1845 1489 1876 etc„
1506 1842 1621 1877 penitus
1637 1842 1828 1875 remittantur,
1849 1845 2007 1875 cassentur,
2029 1841 2133 1867 annul-

355 1890 457 1916 lentur.
475 1891 539 1917 Dat.
560 1891 591 1917 in
610 1892 719 1925 oppido
740 1893 840 1917 nostro
864 1892 1002 1925 Magduni
1024 1900 1111 1925 supra
1135 1892 1253 1921 Ebram,
1274 1892 1367 1925 patrie
1389 1893 1486 1917 nostre
1505 1891 1625 1921 Biturie,
1648 1891 1740 1924 xxiiija
1754 1891 1800 1917 die
1816 1891 1982 1917 Novembris
2002 1891 2133 1924 predicto

354 1948 432 1966 anno
447 1940 567 1966 Domini
583 1941 738 1967 millesimo
751 1941 855 1966 CCCC0
868 1941 1003 1967 vicesimo
1016 1943 1104 1970 sexto.
1119 1943 1147 1967 et
1163 1941 1244 1973 regni
1262 1941 1352 1966 nostri
1367 1941 1483 1974 quinto.
1502 1951 1514 1964 «
1528 1941 1608 1966 Inter
1623 1948 1706 1966 curas
1720 1950 1744 1965 n.

1410 2039 1485 2067 1426,
1500 2038 1646 2064 Novembris
1659 2039 1705 2068 24,
1721 2039 1845 2071 Mayduni.

356 2136 433 2160 Arc-h.
455 2139 508 2159 nat.
531 2136 626 2165 Paris„
643 2137 688 2159 Χῖ·
710 2137 779 2161 8604.
802 2136 846 2159 sol.
862 2137 900 2159 84.
917 2150 947 2154 —
962 2137 1082 2160 Preuves
1097 2138 1142 2160 cles
1162 2136 1271 2160 liberte's
1286 2137 1319 2160 de
1337 2131 1446 2165 l'llyli'se
1460 2136 1610 2166 (sallicane,
1628 2138 1697 2166 part.
1713 2136 1734 2161 4.
1758 2144 1782 2166 p.
1802 2137 1844 2165 93;
1871 2136 1972 2160 Ordon.
1997 2137 2042 2159 des
2062 2137 2126 2163 rois,

263 2181 331 2210 xm,
343 2181 398 2205 123.

356 2265 379 2292 1.
396 2265 454 2289 Vid.
469 2274 550 2297 supra
565 2270 595 2288 n⁰
609 2266 680 2289 2276.

263 2407 407 2444 2287.
430 2415 560 2442 Novemb.
576 2417 592 2442 6
607 2415 808 2442 archidiaconi
822 2416 917 2442 Paris.
938 2417 1029 2442 vocati
1046 2419 1113 2442 sunt
1127 2416 1239 2442 nomine
1255 2415 1379 2451 capituli
1396 2415 1489 2441 Paris.
1508 2415 1548 2440 ad
1568 2415 1788 2451 comparendum
1811 2424 1906 2440 corum
1923 2416 2080 2441 Morinenei
2099 2420 2125 2441 et

349 2465 527 2491 Noviomensi
538 2466 680 2501 episcopis
692 2466 720 2491 in
734 2474 824 2491 causa
838 2465 981 2491 Guillelmi
996 2466 1096 2500 Vigner
1110 2466 1307 2500 sociorumque
1325 2465 1568 2490 incarceratorum
1581 2465 1643 2500 (pro
1652 2463 1840 2498 sortilegiost.
1859 2465 1989 2491 Novcmb.
2001 2467 2016 2491 9
2034 2465 2126 2500 inqui-

349 2515 422 2540 sitor
437 2514 546 2540 haeret.
560 2514 715 2550 pravitatis
730 2514 790 2540 Joli.
811 2516 967 2540 Graverant
981 2514 1108 2550 capitulo
1125 2515 1266 2550 eaeposuit,
1281 2523 1390 2550 papam
1412 2513 1498 2539 dictis
1520 2513 1631 2539 duobus
1654 2514 1796 2549 episcopis
1814 2514 1989 2540 commisisse
2006 2523 2124 2540 causam

349 2563 548 2598 decidendam,
566 2572 581 2589 ⁴1
596 2572 666 2589 casu
681 2572 736 2599 quo
755 2564 906 2600 episcopus
920 2568 947 2590 et
967 2564 1130 2599 inquisitor,
1149 2573 1266 2599 quorum
1287 2563 1408 2598 quilibet
1423 2563 1539 2588 dicebat
1554 2562 1594 2587 ad
1609 2571 1639 2588 se
1661 2562 1803 2594 pertinere
1819 2562 1991 2588 decisionem
2007 2572 2093 2589 cause
2110 2573 2124 2589 »

348 2622 403 2638 non
418 2617 514 2638 essent
529 2613 693 2639 concordes.
715 2614 795 2638 Nunc
811 2617 929 2639 vacante
944 2613 1012 2638 sede
1027 2613 1143 2638 Paris.³
1158 2612 1391 2648 jurisdictionem
1408 2611 1447 2637 ad
1463 2612 1620 2647 capitulum
1635 2612 1788 2647 pertinere.
1811 2613 1968 2647 inquisitor
1982 2613 2075 2648 petiit,
2095 2617 2125 2638 ut

347 2662 505 2698 capitulum
521 2666 666 2688 retroacta
678 2671 732 2698 per
747 2662 912 2696 defunctum
928 2663 1092 2698 episcopum
1105 2661 1262 2687 Jollallnem
1277 2665 1303 2687 et
1319 2661 1517 2696 inquisitorem
1534 2669 1586 2696 pro
1603 2669 1657 2686 non
1671 2661 1761 2694 factis
1776 2661 1902 2695 haberet,
1921 2665 1948 2686 et
1963 2666 1993 2687 ut
2008 2663 2123 2698 capitu-

348 2711 405 2737 lum
418 2720 490 2737 nunc
505 2711 592 2737 simul
607 2720 668 2736 cum
684 2711 854 2747 inquisitore
869 2720 988 2737 causam
1003 2711 1246 2737 incarceratorum
1261 2714 1452 2744 cognosceret.
1469 2709 1515 2735 Ad
1530 2709 1760 2745 respondendum
1773 2710 1931 2745 capitulum
1945 2711 2077 2738 Novemb.
2090 2713 2121 2737 11

347 2760 433 2795 elegit
445 2764 650 2797 procuratores
665 2770 747 2795 suos‚·
762 2761 892 2786 Novemb.
911 2762 945 2787 28
960 2760 1016 2786 duo
1033 2760 1224 2786 commissarii
1236 2759 1372 2795 papales,
1389 2759 1516 2795 episcopi
1530 2759 1685 2785 Mor-inens.
1703 2763 1730 2784 et
1745 2760 1932 2794 Noviomens„
1950 2769 2068 2786 causam
2084 2761 2124 2786 ad

347 2819 378 2835 se
394 2814 576 2836 evocaverunt
588 2813 708 2846 propter
722 2809 899 2835 discordiam
915 2809 1038 2846 capituli
1052 2813 1078 2835 el
1095 2809 1284 2844 inquisitori-9,
1301 2812 1328 2834 et
1344 2808 1474 2834 Novemb.
1490 2809 1523 2834 99
1535 2807 1701 2844 Arnulplzus
1721 2809 1839 2842 Derioti,
1856 2814 2027 2844 procurator
2041 2810 2123 2846 capi-

348 2859 410 2894 tuli,
428 2859 540 2885 nomine
553 2859 676 2894 capituli
690 2859 858 2893 declaravit,
876 2868 906 2884 se
922 2868 976 2884 non
992 2859 1152 2884 consentire
1164 2858 1300 2894 petitioni
1320 2857 1509 2893 1'nquisiloriS‚
1530 2866 1591 2882 cum
1607 2857 1757 2893 episcopus
1774 2866 1805 2883 se
1821 2858 1848 2883 in
1864 2867 1954 2884 causa
1967 2859 2122 2895 praedicta

341 2908 469 2943 judicem
484 2908 575 2934 solum
584 2908 828 2944 pronuntiaverit;
840 2912 867 2934 et
882 2908 948 2934 licet
959 2908 996 2933 ab
1009 2907 1156 2943 aliquibus
1173 2910 1359 2941 assereretur,
1373 2906 1413 2932 ad
1428 2916 1450 2932 s,
1464 2906 1559 2932 sedem
1575 2906 1753 2942 appellatum
1768 2907 1870 2941 fuisse,
1886 2908 2012 2943 apostoli
2027 2912 2121 2935 tamen
