2502 3418
257 314 348 349 ¹431]
600 327 646 348 AB
681 327 786 349 ANNo
820 325 1109 349 MCCCLXXXX1V
1143 325 1273 353 USQUE
1304 326 1352 347 AD
1387 327 1523 348 ANNL'M
1559 327 1764 350 mccccmi.
2053 320 2116 353 507

252 460 395 496 2363.
426 469 600 495 Πηίι·ει·.ςι”ἰαε
616 469 712 495 Paris.
727 468 829 494 abbati
850 467 1047 493 Fiscamnensi
1061 466 1171 500 scribit,
1191 471 1221 492 ut
1236 467 1361 499 Iohanni
1374 469 1531 502 Bouesgm’,
1550 477 1630 504 quem
1646 469 1685 494 ad
1703 473 1812 504 tempus
1829 479 1843 495 e
1859 471 2022 496 carcer-ihus
2045 471 2117 497 libe—

339 518 420 551 ravit,
437 517 598 544 libertatem
614 518 753 552 integram
770 516 916 543 condonet.

1545 553 1702 582 7427-1430,
1718 554 1832 580 Parisiis.

341 611 391 643 Ex
412 617 511 655 parte
532 610 802 644 Universitatis.

339 708 570 748 Audivimus,
593 707 794 740 reverende
822 714 933 751 pater,
957 713 1112 739 vestram
1136 707 1302 750 pietatem
1332 707 1468 739 nostris
1491 706 1662 751 precibus
1684 713 1881 751 permotam
1903 707 2115 746 indulsisse,

252 781 288 807 ut
308 774 527 807 venerabilis
549 786 649 807 sacre
670 773 855 818 theologie
878 773 1078 818 professor,
1102 773 1382 806 elemosinarius
1403 774 1515 806 vestri
1537 773 1748 806 monasterii
1770 774 2051 811 Fiscamnensis,
2076 786 2117 806 ex

250 842 407 874 carceris
428 841 608 886 angustia,
631 852 735 885 quam
757 840 896 885 longuo
919 847 1081 884 tempore
1103 840 1315 885 pertulerat,
1339 840 1518 873 relaxatus
1543 841 1653 873 fuerit
1674 852 1790 885 usque
1812 840 1847 872 in
1870 840 1965 873 diem
1986 841 2116 873 festum

250 907 523 953 Assumptionis
539 907 704 952 Virginis
725 907 887 952 gloriose
909 907 1073 951 proximo
1095 907 1302 939 affuturum.
1325 907 1402 949 Qua
1420 907 1463 939 de
1482 919 1519 939 re
1536 907 1731 952 gratiarum
1750 907 1941 939 referimus
1958 907 2119 940 actiones

250 981 370 1008 vestre
392 974 613 1019 paternitati;
637 980 827 1018 sperantes
849 973 999 1006 eandem
1022 973 1156 1005 bonum
1180 973 1277 1018 quod
1299 985 1364 1018 pro
1386 980 1509 1006 nostra
1531 974 1706 1018 petitione
1728 973 1862 1018 incepit
1883 973 2014 1006 melius
2037 985 2119 1006 esse

251 1041 523 1086 completuram.
543 1042 586 1074 Et
606 1041 751 1085 quidem
770 1052 895 1085 parum
914 1047 1024 1081 esset,
1047 1040 1248 1073 reverende
1276 1047 1389 1084 pater,
1413 1040 1477 1073 has
1503 1041 1660 1073 carceris
1682 1040 1848 1073 inducias
1874 1040 2120 1082 concessisse,

251 1109 281 1141 si
303 1109 432 1141 iterum
454 1108 613 1153 graviori
630 1120 708 1140 cum
728 1107 855 1140 dolore
876 1107 1123 1140 venerandum
1145 1106 1247 1139 illum
1270 1113 1406 1151 patrem
1430 1107 1465 1139 in
1487 1107 1630 1151 priores
1651 1107 1864 1140 afflictiones
1881 1107 2018 1140 retrudi
2037 1119 2122 1139 con-

250 1175 407 1220 tingeret
429 1174 630 1219 fierentque
652 1174 849 1207 novissima
867 1180 1043 1206 tormenta
1061 1173 1208 1206 duriora
1230 1173 1429 1217 prioribus.
1454 1174 1707 1218 Supplicamus
1725 1174 1845 1218 itaque
1864 1181 1901 1207 ut
1917 1173 2118 1206 libertatem

251 1241 346 1274 illam
378 1254 482 1286 quam
507 1241 642 1274 donare
669 1241 833 1286 cepistis,
856 1241 997 1285 plenam
1022 1247 1128 1285 atque
1154 1240 1306 1272 liberam
1331 1240 1469 1284 absque
1497 1241 1671 1285 temporis
1697 1240 1808 1273 ullius
1834 1241 2008 1273 artatione
2035 1253 2121 1273 con-

251 1308 381 1341 cedere
399 1308 521 1348 libeat,
544 1320 623 1340 nam
646 1315 681 1341 et
702 1320 720 1340 e
735 1319 879 1340 carcere
906 1307 1082 1340 liberatus
1107 1319 1181 1339 non
1206 1307 1340 1348 existit,
1365 1307 1423 1351 qui
1448 1307 1484 1338 in
1506 1306 1605 1339 illum
1630 1314 1684 1339 est
1705 1306 1898 1351 aliquando
1921 1307 2119 1339 rediturus.

251 1376 352 1407 Tunc
371 1387 515 1419 quoque
533 1374 682 1407 obtento
700 1381 826 1407 nostre
844 1374 1030 1419 petitionis
1048 1373 1213 1418 plenario
1231 1373 1374 1412 effectu,
1399 1373 1570 1417 gaudium
1593 1380 1757 1406 nostrum
1777 1385 1888 1418 super
1909 1373 2120 1406 reductione

250 1442 449 1475 venerandi
471 1442 651 1486 suppositi
673 1441 802 1482 nostri,
825 1441 919 1473 inter
944 1452 1071 1473 omnes
1097 1452 1198 1473 sacre
1226 1440 1356 1485 pagine
1384 1440 1616 1484 professores
1642 1440 1717 1472 fere
1743 1440 1998 1484 antiquissimi,
2025 1453 2122 1473 com-

253 1508 386 1553 pletum
411 1508 491 1549 erit,
513 1514 707 1552 vestraque
729 1508 765 1539 in
786 1507 854 1539 hoc
876 1506 1080 1539 humanitas
1102 1513 1135 1539 et
1157 1506 1399 1539 mansuetudo
1421 1506 1514 1550 apud
1537 1518 1604 1538 nos
1626 1518 1753 1551 inagna
1774 1506 1880 1538 laude
1898 1506 2122 1539 commenda-

253 1575 337 1607 bilis
359 1576 438 1615 erit,
462 1587 531 1620 que
553 1575 721 1607 conservi
743 1574 799 1607 sui
821 1581 928 1618 atque
949 1574 1142 1606 confratris
1160 1574 1262 1617 juxta
1284 1573 1556 1617 euvangelicam
1576 1572 1780 1617 parabolam
1799 1572 1958 1617 benigne
1977 1573 2122 1606 miserta

252 1642 392 1683 fuerit¹,
412 1642 698 1674 misericordiam
716 1641 833 1685 ipsius
851 1641 996 1673 Domini
1011 1641 1099 1674 Jesu
1117 1641 1153 1672 iu
1169 1640 1302 1672 ceteris
1319 1639 1429 1672 rebus
1448 1652 1511 1684 pro
1529 1639 1589 1672 tali
1608 1640 1735 1672 merito
1754 1639 1903 1672 uberius
1921 1646 2122 1684 receptura,

252 1709 313 1753 qui
340 1721 406 1741 vos
435 1715 469 1741 et
496 1720 645 1753 gregem
674 1707 779 1741 vobis
806 1708 1039 1740 commissum
1066 1707 1103 1739 in
1130 1719 1216 1751 pace
1239 1713 1273 1739 et
1298 1706 1432 1751 gaudio
1455 1713 1560 1750 atque
1583 1706 1680 1738 omni
1707 1706 1947 1751 prosperitate
1969 1706 2124 1738 feliciter

252 1787 470 1808 conservare
493 1775 677 1820 dignetur.

343 1874 457 1897 Minuta
473 1873 590 1896 chartac.
606 1873 632 1895 in
654 1873 732 1896 Arch.
754 1876 808 1895 nat.
834 1872 929 1902 Puris„
950 1872 973 1895 M
993 1873 1044 1901 65².
1064 1875 1093 1894 n⁰
1109 1872 1153 1894 146
1168 1871 1241 1900 (olim
1258 1872 1287 1894 A.
1304 1872 1342 1894 33.
1359 1870 1453 1900 bbhb).
1474 1870 1531 1893 Vid.
1545 1874 1634 1893 notam
1650 1871 1682 1893 ad
1699 1874 1749 1893 uum
1761 1871 1970 1901 praecedentem.
1987 1871 2121 1894 ,lohannes

248 1918 386 1949 Bouesgne
404 1917 516 1949 jamdiu,
538 1917 587 1940 sub
606 1917 699 1940 Carolo
719 1918 762 1946 VI,
785 1917 909 1948 litigabat
931 1920 1022 1939 contra
1044 1916 1229 1939 auctoritatem
1248 1915 1455 1939 eeclesiasticam
1471 1915 1584 1939 abbatis.
1599 1915 1657 1938 Vid.
1672 1915 1915 1944 BEAURE1²A1RE‚in
1936 1915 2030 1939 Pre‘cis
2047 1922 2122 1939 cena-

249 1963 357 1993 lythue
369 1964 415 1986 des
431 1967 555 1986 travaux
569 1963 602 1986 de
616 1962 783 1986 I'Acade'mie
795 1963 827 1985 de
840 1962 948 1990 Rauen,
962 1962 1031 1991 1868,
1049 1969 1075 1992 p.
1090 1961 1134 1983 516
1151 1969 1192 1991 sq.

343 2045 367 2070 1.
387 2046 443 2069 Vid.
461 2046 574 2074 Mami„
589 2053 663 2075 xvux,
681 2047 719 2068 33.

251 2178 394 2214 2364.
422 2187 540 2213 Carolus
564 2188 621 2221 Vll,
640 2188 812 2212 Francorum
833 2195 892 2220 rex,
916 2195 950 2212 ne
974 2186 1114 2220 beneficia
1140 2186 1273 2211 vacantia
1289 2186 1423 2221 personis
1444 2186 1504 2219 regi
1525 2185 1676 2219 incognitis
1697 2189 1722 2210 et
1743 2188 1824 2210 extra
1845 2193 1959 2218 regnum
1981 2185 2121 2210 From-iae

338 2235 477 2270 oriundis,
495 2235 535 2262 vel
550 2236 673 2261 inimicis
687 2235 773 2261 etiam
788 2235 875 2270 regni,
893 2243 1004 2271 apapa
1021 2234 1193 2264 tribuantur,
1212 2234 1333 2259 mandat
1344 2234 1534 2270 parlamento,
1553 2233 1967 2268 senescalcisjusticiariisque
1979 2233 2117 2265 omnibus,

340 2289 369 2310 ut
386 2285 557 2310 voluntatem
569 2285 677 2319 regiam
691 2284 726 2310 de
742 2284 792 2310 illo
806 2284 1013 2310 observandam
1030 2287 1135 2309 curent.
1153 2283 1232 2309 Nulli
1247 2283 1287 2308 ad
1300 2283 1458 2317 dignitates
1474 2283 1688 2308 ecclesiasticas
1705 2283 1733 2307 in
1749 2291 1833 2316 regno
1848 2282 2047 2315 admittantur,
2065 2282 2121 2307 nisi

336 2337 439 2368 pateat
452 2333 595 2359 evidenter
608 2342 655 2359 eos
669 2337 752 2358 natos
769 2342 831 2358 esse
848 2343 861 2357 «
875 2333 910 2359 de
926 2334 1022 2359 nostre
1037 2333 1080 2358 dit
1095 2340 1235 2365 royaume
1249 2334 1277 2358 et
1293 2332 1454 2365 seigneurie
1470 2342 1483 2355 »
1501 2335 1527 2356 et
1544 2342 1557 2355 κ
1574 2331 1669 2357 scaulx
1684 2333 1712 2357 ct
1727 2331 1936 2357 bienvueillans
1951 2331 1986 2357 de
2002 2339 2076 2356 nous
2093 2341 2117 2356 n.

339 2381 442 2408 Donne
456 2381 472 2409 a
487 2383 603 2409 Chinon
618 2383 644 2409 le
660 2387 688 2408 x⁰
701 2383 771 2416 jour
785 2382 821 2408 de
841 2383 923 2410 Mars,
944 2383 1002 2408 l'an
1019 2382 1055 2408 de
1074 2389 1157 2415 grace
1177 2381 1230 2406 mil
1245 2383 1349 2414 quatre
1370 2389 1436 2407 cens
1458 2382 1552 2406 trente
1571 2382 1599 2406 ct
1619 2388 1681 2413 ung
1703 2381 1731 2406 et
1751 2380 1776 2406 le
1795 2384 1825 2405 x⁰
1846 2380 1881 2406 de
1904 2382 2001 2406 nostre
2020 2388 2116 2412 regne.

340 2442 353 2455 t<
368 2432 490 2458 Comme
502 2432 532 2465 ja
546 2432 625 2465 pieca
642 2439 694 2457 nos
705 2431 920 2465 predecesseurs
938 2442 962 2457 n.

1478 2466 1548 2494 1431,
1565 2465 1650 2490 Martii
1663 2465 1700 2493 10,
1718 2465 1832 2490 cunone.

342 2555 418 2578 Arch.
436 2558 489 2578 nat.
504 2555 598 2585 Paris„
615 2555 662 2578 Χιι
674 2556 743 2583 8604,
762 2555 806 2578 sol.
821 2555 958 2578 lOSb-109b.
974 2568 1000 2572 —
1016 2555 1141 2578 Preuues
1156 2555 1201 2578 des
1222 2553 1329 2577 liberte's
1349 2554 1382 2576 de
1398 2549 1509 2582 I’Fssylise
1526 2552 1679 2582 yallicane,
1701 2552 1718 2580 ly
1737 2560 1763 2582 p.
1783 2552 1840 2579 185;
1867 2551 1969 2575 Orclon.
1989 2553 2034 2575 des
2055 2551 2115 2576 roi-5

249 2599 316 2629 xm,
334 2600 386 2623 177.
