2502 3418
289 330 385 367 1419]
634 343 680 365 AB
716 343 821 364 ANNO
856 342 1147 364 MCCCLxxxxw
1177 342 1309 370 USQUE
1346 342 1394 363 AD
1428 342 1566 363 ANNUM
1602 342 1807 364 mccccmi.
2089 334 2153 366 373

286 416 396 450 chose
418 428 462 449 ne
485 428 577 449 nous
599 423 686 462 peut
704 416 808 450 venir
828 419 846 448 a
867 416 1042 460 grenieur
1056 417 1142 460 joye
1164 422 1199 448 et
1228 415 1355 460 plaisir
1381 427 1451 460 que
1473 416 1659 459 tousjours
1681 428 1771 460 ouyr
1792 423 1825 448 et
1856 417 1975 448 savoir
1995 417 2028 449 la
2055 417 2150 449 haul-

286 490 383 516 tesse
405 490 439 516 et
467 483 662 528 puissance
684 483 728 516 de
755 494 846 516 vous
868 489 902 515 et
931 483 974 515 de
998 488 1121 515 vostre
1143 481 1200 514 filz
1221 488 1317 514 estre
1339 481 1549 527 employees
1570 494 1612 514 au
1635 481 1719 514 bien
1742 489 1774 514 et
1802 482 1943 515 affaires
1965 483 2007 515 dc
2029 490 2153 515 nostre

286 556 360 583 tres
382 549 559 583 redoubte
581 556 617 582 et
637 549 831 583 souverain
853 549 1028 594 seigneur
1048 548 1082 581 16
1110 560 1175 593 roy
1199 555 1234 581 et
1261 551 1279 581 ἒι
1304 548 1335 581 la
1356 548 1611 581 conservation
1641 548 1684 580 de
1715 548 1746 580 la
1774 548 1884 581 chose
1914 548 2087 593 publique
2109 550 2153 581 (le

286 628 353 649 son
375 628 558 662 royaume.
582 618 625 649 Et
647 628 708 661 par
727 616 864 661 ycelles
885 615 1025 655 lettres5
1049 622 1123 648 tres
1148 615 1270 648 haulte
1297 621 1331 648 et
1360 615 1528 660 puissant
1548 615 1663 649 dame.
1687 626 1780 647 nous
1802 615 1899 659 pries
1921 621 1955 647 et
1980 619 2154 659 requeres

286 695 355 728 que
381 683 564 716 vueillons
585 683 778 716 continuer
801 691 834 715 et
856 694 1073 727 perseverer
1099 694 1143 714 en
1165 688 1290 714 nostre
1311 681 1384 714 bon
1406 693 1542 726 propos
1562 688 1597 714 et
1615 681 1787 714 voulente
1809 693 1853 713 en
1875 681 1995 714 aidant
2016 688 2048 714 et
2069 694 2155 714 con-

284 750 419 783 fortant
442 762 534 783 vous
565 757 599 783 et
618 756 742 783 vostre
771 749 823 782 dit
849 749 906 782 filz
937 761 981 782 en
1009 749 1041 782 la
1070 749 1260 794 poursuite
1282 748 1326 781 de
1351 748 1382 781 la
1410 748 1620 794 reparacion
1642 748 1689 781 du
1712 747 1926 793 dampnable
1948 755 1982 780 et
2007 760 2154 781 enorme

285 817 433 849 murdre
454 820 623 862 perpetre
654 828 699 849 en
727 816 759 848 la
785 828 969 861 personne
992 815 1036 848 (16
1063 816 1123 848 feu
1150 822 1275 848 nostre
1302 822 1377 848 tres
1406 815 1584 848 redoubte
1612 815 1788 860 seigneur
1813 814 1846 847 le
1873 815 1942 847 duc
1968 815 2012 847 de
2041 816 2154 847 Bour-

283 896 419 929 gogne,
447 895 517 928 que
544 883 635 916 Dieu
657 882 835 916 absoulle.
867 884 910 915 Et
937 889 1049 927 quant
1076 885 1094 915 ἒι
1115 894 1168 923 ce7
1197 882 1352 915 vueilles
1379 889 1475 915 estre
1496 882 1669 922 certaine,
1694 888 1766 914 tres
1786 881 1908 914 haulte
1930 888 1965 914 et
1990 882 2153 926 puissant

284 951 399 989 dame„
418 962 488 995 que
510 951 698 994 tousjours
715 961 846 982 serons
864 961 907 982 en
930 949 1051 982 bonne
1069 956 1103 982 et
1123 949 1236 981 ferme
1253 949 1425 982 voulente
1444 949 1487 981 de
1508 948 1541 981 la
1562 948 1806 993 pourchasser
1823 955 1858 981 et
1878 948 1922 980 de
1938 960 2029 981 vous
2046 948 2155 993 ayder

284 1029 328 1050 en
347 1023 466 1050 toutes
487 1017 541 1050 les
558 1017 739 1049 manieres
757 1016 818 1060 qui
840 1027 933 1048 nous
951 1022 1076 1049 seront
1097 1015 1282 1060 possibles
1300 1022 1335 1048 et
1350 1015 1460 1048 utiles
1481 1015 1606 1048 selonc
1623 1022 1748 1048 nostre
1766 1021 1857 1047 estat
1877 1021 1911 1047 et
1932 1015 2152 1059 profession.

284 1085 327 1117 Et
354 1087 371 1117 a
393 1095 479 1129 cecy
498 1084 586 1116 faire
615 1095 709 1116 nous
737 1083 927 1116 induisent
954 1083 1076 1127 equite
1107 1089 1142 1115 et
1165 1083 1314 1127 justice‚
1344 1085 1361 1115 a
1389 1094 1484 1127 quoy
1505 1089 1586 1115 tous
1617 1082 1897 1127 preuxdommes
1928 1093 1967 1114 se
1997 1081 2155 1126 doyvent

283 1162 440 1195 exposer
460 1157 495 1183 et
523 1150 710 1195 employer
737 1150 781 1182 de
810 1156 909 1182 toute
937 1149 1018 1182 leur
1039 1149 1247 1194 puissance.
1279 1150 1323 1182 Et
1350 1149 1436 1182 telle
1464 1161 1482 1181 a
1511 1153 1587 1181 este
1615 1156 1739 1182 nostre
1762 1148 2008 1181 deliberacion
2030 1148 2154 1193 prinse

283 1218 368 1250 d'un
390 1229 559 1250 commun
580 1223 681 1249 acort
705 1228 791 1249 sans
813 1228 883 1261 que
911 1228 1028 1249 aucun
1053 1228 1075 1261 y
1099 1216 1314 1257 contredist‚
1337 1228 1477 1249 comme
1503 1216 1585 1261 plus
1607 1218 1623 1248 a
1645 1216 1742 1260 plain
1763 1227 1854 1248 vous
1875 1227 1987 1248 avons
2009 1215 2154 1260 signifie

283 1296 347 1329 par
363 1296 431 1317 nos
452 1283 589 1317 aultres
611 1283 739 1316 lettres
756 1295 826 1328 que
842 1295 934 1316 vous
956 1295 1068 1316 avons
1091 1283 1302 1327 escriptes¹.
1321 1284 1411 1316 Tres
1432 1282 1553 1315 haulte
1571 1289 1603 1315 et
1626 1283 1791 1327 puissant
1813 1282 1928 1322 dame,
1947 1294 2039 1314 nous
2061 1294 2154 1314 nous

283 1351 589 1384 recommandons
611 1353 629 1383 a
648 1362 741 1383 vous
762 1357 837 1383 tres
858 1350 1239 1383 affectueusement....

375 1449 492 1473 Minuta
507 1449 623 1472 chartac.
638 1448 664 1471 in
677 1448 754 1472 Arch.
771 1452 824 1471 nat.
842 1448 938 1478 Paris„
950 1449 973 1471 M
990 1448 1041 1477 65¹³,
1056 1452 1085 1471 11⁰
1099 1449 1130 1470 49
1144 1447 1215 1477 (olim
1230 1450 1259 1473 Α,
1276 1449 1298 1471 3.
1315 1449 1366 1479 aa).

374 1534 398 1557 1.
415 1533 478 1556 Scil.
493 1533 615 1556 Octobris
633 1533 670 1556 16.
686 1533 744 1556 Vid.
758 1541 838 1564 supra
851 1537 879 1555 n⁰
893 1533 963 1556 2143.

283 1717 428 1753 2145.
453 1726 696 1752 Bartholomaeus
723 1726 826 1751 Scalae
852 1726 918 1752 ord.
937 1726 1054 1759 Praed.‚
1076 1730 1226 1762 provectae
1247 1726 1364 1759 aetatis,
1388 1729 1537 1751 conventus
1563 1725 1688 1751 Niciens.
1710 1724 1875 1760 provinciae
1903 1724 2078 1757 Provinciae,
2107 1724 2156 1759 qui

370 1784 469 1801 cursus
486 1775 598 1801 debitos
624 1775 652 1800 in
669 1775 840 1801 liberalibus
861 1775 974 1801 ezr-libus
998 1775 1025 1800 in
1045 1785 1067 1801 s.
1086 1775 1198 1811 pagina
1214 1775 1347 1811 perfecit,
1367 1774 1626 1810 *Montispessulani
1644 1773 1769 1799 Bibliam
1795 1773 1863 1807 legit
1886 1777 1913 1799 et
1937 1773 2093 1809 deputatus
2112 1777 2155 1798 est

369 1824 409 1849 ad
424 1823 561 1859 legendas
585 1825 749 1850 Sententias
765 1825 890 1850 Parisiis
907 1828 934 1850 et
954 1824 1129 1850 ltabilitatzis
1145 1828 1187 1850 est
1207 1824 1278 1850 ibid.
1295 1833 1349 1860 pro
1370 1823 1536 1858 magisterio
1557 1822 1751 1858 suscipiendo.
1768 1822 1915 1858 supplicat
1930 1823 2055 1847 Martino
2079 1824 2104 1850 V,
2125 1826 2154 1847 at

369 1873 397 1898 in
412 1874 489 1899 Rom.
506 1873 588 1898 curia
605 1873 658 1898 sab
675 1873 813 1908 magistro
831 1883 854 1899 s.
870 1873 980 1909 palatii
992 1873 1114 1908 gradum
1131 1873 1292 1908 magisterii
1306 1873 1453 1909 suscipere
1466 1873 1568 1908 possit.
1581 1888 1615 1890 —
1626 1872 1687 1898 Fiat
1699 1873 1782 1905 juxta
1799 1879 1912 1897 uiorcm
1928 1872 2015 1897 studii
2030 1872 2059 1897 in
2073 1872 2151 1897 curia

370 1923 453 1949 Rom.
471 1922 504 1948 O.
522 1938 556 1941 —
569 1923 634 1948 Dat.
653 1923 797 1949 Florentie
812 1923 859 1955 xiij
877 1923 933 1948 kal.
951 1923 1222 1950 Novemb1·is.anno
1237 1931 1267 1948 11.

1463 1958 1533 1986 1419,
1551 1956 1636 1982 Octob.
1651 1957 1694 1986 20,
1712 1957 1865 1982 florentiae.

374 2047 438 2078 Reg.
456 2047 551 2078 Suppl.
567 2047 643 2069 Mart.
658 2046 686 2074 V,
703 2050 732 2068 n0
748 2046 801 2075 129,
819 2047 863 2069 sol.
878 2047 916 2069 13.
932 2046 1051 2077 Epistola
1069 2054 1149 2077 super
1164 2046 1212 2069 hoc
1226 2047 1343 2068 confecta
1359 2054 1400 2076 ap.
1420 2046 1528 2069 erou..
1544 2045 1622 2068 Bull.
1642 2044 1706 2068 Orci.
1722 2044 1834 2071 Praed„
1850 2044 1882 2070 11,
1898 2052 1924 2074 p.
1941 2045 1995 2067 563.

281 2230 425 2266 2146.
449 2241 509 2265 Duo
524 2239 752 2266 ambassiatores
772 2241 970 2266 Universitatc's
987 2241 1082 2266 Paris.
1100 2240 1140 2265 ad
1155 2241 1263 2266 curiam
1283 2241 1362 2265 Rom.
1380 2238 1503 2265 rotulum
1519 2238 1729 2264 licentiatos-um
1752 2241 1778 2263 et
1794 2237 2028 2262 baccalareorum
2045 2236 2146 2270 facult.

370 2288 545 2314 decretorum
560 2293 760 2324 praesentant.
1463 2325 1527 2350 1419
1550 2323 1628 2349 Octob
1649 2324 1687 2349 30
1708 2323 1854 2349 florentiae

371 2412 585 2445 Beatissime
607 2419 719 2457 pater,
744 2414 778 2446 S.
796 2415 840 2446 V.
863 2414 1006 2446 devotis
1028 2420 1063 2446 et
1087 2413 1287 2446 humilibus
1308 2413 1441 2446 vestris
1464 2412 1617 2445 Johanni
1652 2411 1811 2443 Basseti¹
1844 2410 1948 2442 etiam
1975 2410 2148 2454 magistro

280 2478 316 2510 in
338 2478 477 2511 artibus
499 2485 534 2511 et
553 2479 708 2512 Johanni
730 2480 897 2513 Monachi
919 2481 956 2513 in
977 2481 1135 2513 decretis
1157 2492 1236 2513 cum
1260 2480 1382 2525 rigore
1404 2479 1579 2512 examinis
1600 2478 1808 2518 licentiatis,
1827 2477 1888 2521 qui
1905 2476 1947 2508 ad
1970 2477 2009 2508 E.
2030 2477 2064 2508 S.
2084 2488 2148 2520 pro

281 2551 380 2589 parte
402 2545 669 2578 licentiatorum
691 2553 725 2578 ot
753 2546 1029 2580 bacallariorum
1051 2547 1230 2580 facultatis
1257 2547 1484 2579 decretorum
1509 2544 1763 2577 Vniversitatis
1792 2543 1902 2576 studii
1933 2542 2150 2575 parisiensis

279 2611 561 2645 ambassiatores
584 2620 819 2646 accesserunt
840 2626 1039 2659 eorumque
1062 2614 1219 2647 rotulum
1242 2615 1281 2645 E.
1302 2614 1336 2646 S.
1360 2619 1628 2658 presentarunt7
1647 2611 1781 2656 gratias
1802 2610 1885 2642 fecit
1907 2609 2149 2654 expectativas

279 2678 322 2710 ad
345 2679 417 2711 duo
439 2679 631 2720 beneficia,
654 2687 736 2720 etc..
761 2688 868 2725 prout
890 2681 925 2713 in
947 2693 1071 2714 eorum
1095 2679 1426 2726 supplicationibus
1447 2680 1606 2723 desuper
1626 2690 1690 2722 per
1712 2679 1750 2709 E.
1771 2678 1804 2709 S.
1829 2676 1982 2721 signatis
2005 2676 2149 2720 plenius

279 2746 543 2779 continetur....
573 2747 784 2792 Supplicant
812 2749 850 2780 E.
875 2749 909 2781 S.
935 2749 1063 2793 prefati
1092 2748 1163 2780 (luo
1185 2747 1460 2787 ambaxiatoreS,
1491 2746 1661 2790 quatinus
1691 2744 1733 2776 ad
1764 2744 1925 2788 cujusvis
1954 2742 2149 2775 dubietatis

280 2812 480 2845 tollendum
513 2814 725 2858 scrupulum
748 2814 922 2859 dignetur
950 2816 984 2848 S.
1009 2816 1052 2848 V.
1078 2815 1276 2847 decernere
1306 2820 1412 2858 atque
1441 2812 1639 2850 declarare,
1670 2811 1787 2843 dictos
1819 2810 1910 2842 duos
1943 2810 2147 2842 licentiatos

279 2878 542 2912 ambaxiatores
565 2881 716 2925 perinde
739 2892 821 2913 esse
844 2888 873 2914 et
899 2882 1014 2914 teneri
1036 2893 1075 2914 ac
1096 2881 1219 2913 haberi
1243 2880 1459 2924 censerique
1482 2878 1616 2911 debere
1638 2890 1675 2910 ac
1700 2878 1760 2922 qui
1782 2884 1979 2910 consuetos
2001 2883 2034 2909 et
2056 2877 2150 2909 ordi-
