2502 3418
276 340 372 378 1441]
620 355 666 376 ΑΒ
700 354 807 376 ANNO
841 351 1129 375 MCCCLXXXXIV
1159 352 1290 381 USQUE
1327 353 1373 374 An
1409 353 1549 374 ANNUM
1583 354 1789 376 macconi.
2073 347 2135 378 621

366 428 390 453 1.
405 429 467 452 Scil.
483 437 496 452 e
509 429 590 452 dioec.
607 429 726 452 Remens.
742 428 806 457 (vid.
821 436 902 458 supra
915 436 941 458 p.
956 428 995 452 84.
1011 430 1077 458 etp.
1092 428 1131 455 90,
1148 430 1201 450 not.
1219 428 1267 456 24),
1281 430 1310 450 ut
1321 427 1399 450 etiam
1416 431 1527 458 apparet
1544 436 1574 450 ex
1590 428 1657 459 Epp.
1674 428 1793 455 Germ-di,
1812 429 1856 452 sol.
1877 429 1919 451 751»
1933 438 1971 460 sq.
1988 444 2018 447 —
2031 430 2053 454 2.
2069 431 2138 458 wil,

272 474 498 505 sunio-Septemb.
513 487 544 491 —
558 473 582 497 3.
602 473 700 496 Saltem
715 473 841 496 Novemb.
862 472 891 495 17
911 480 956 495 rex
971 471 1069 494 ibidem
1084 471 1239 494 morabatur
1256 471 1319 501 (vid.
1338 475 1390 494 not.
1413 474 1585 503 sequentem).
1603 486 1630 489 —
1646 473 1671 497 4.
1686 483 1698 494 «
1717 473 1804 503 Usque
1823 474 1854 495 ad
1878 474 2027 497 vei-narium
2043 483 2064 503 1),
2082 475 2098 497 i.
2116 483 2138 497 c.

272 526 381 541 vernum
400 521 513 549 tempus,
530 517 668 540 difficulter
688 517 844 548 explicatur,
861 525 920 539 nam
941 524 994 542 rex.
1012 519 1038 538 et
1055 524 1113 538 cum
1129 515 1187 546 ipso
1207 515 1350 546 Germ-dus,
1367 516 1493 539 Novcmb.
1515 517 1541 539 17
1557 516 1612 547 jam
1632 517 1681 539 suit
1704 517 1843 540 Ambasiae
1859 517 1921 546 (vid.
1946 518 2069 542 Ordoizn.
2092 520 2138 542 cles

270 563 336 591 rois,
352 563 415 590 XVI,
430 563 494 592 571),
507 562 627 585 Decemb.
644 562 672 584 12
689 561 813 591 Sulmuri,
826 561 870 584 ubi
882 569 924 584 an.
939 560 1142 590 1421‘2,.1anunrii
1157 561 1181 589 6,
1192 561 1277 583 adhue
1294 560 1342 583 suit
1358 561 1541 590 (BEAucouu'r,
1553 561 1626 585 Ilist.
1639 562 1670 584 de
1685 561 1798 585 Charles
1815 561 1876 591 VII,
1889 565 1906 585 t.
1921 563 1964 589 111,
1979 571 2005 593 p.
2018 564 2062 585 ⁴235
2078 566 2137 593 sq.),

273 610 370 630 etcum
386 607 444 638 ipso
460 607 602 631 Gerardus.
619 606 702 629 Ambo
715 606 808 629 deinde
824 606 849 628 in
863 605 1030 637 Aquitaniam
1047 605 1157 636 profecti
1171 608 1240 628 sunt.
1258 619 1287 622 —-
1305 605 1329 630 5.
1349 605 1442 636 Agitur
1457 606 1489 628 (10
1508 606 1688 628 controversia
1705 610 1793 628 exorta
1811 606 1877 629 inter
1893 607 2096 630 Univcrsitatcm
2115 611 2140 630 ct

272 652 448 675 Mendirantes
471 654 597 683 quantum
620 651 652 674 ad
671 651 787 681 legentes
803 650 918 673 Bibliam
933 651 959 673 et
974 649 1122 672 Sententias
1142 651 1185 679 (cf.
1199 650 1277 672 etiam
1293 654 1321 672 n⁰
1334 651 1404 679 2548)
1419 653 1444 672 ct
1459 653 1641 681 praesentatos
1657 650 1690 672 ab
1704 650 1745 673 his
1759 650 1914 674 Ordinibus.
1927 659 1937 673 (t
1956 652 2102 682 Utcumque
2117 661 2138 677 n,

272 696 336 720 dicit
350 696 494 720 Germ-dus.
509 697 575 719 Nam
590 704 682 719 revera
696 695 729 718 lis
746 703 796 718 non
813 695 899 726 sopita
914 698 979 717 erat.
995 694 1053 717 Vid.
1068 694 1208 725 epistolam
1224 694 1335 726 Eugenii
1349 695 1382 718 lv
1397 703 1438 718 an.
1457 695 1515 718 1442
1532 700 1560 717 n⁰
1575 696 1645 725 2562,
1659 698 1684 718 et
1699 703 1764 726 quae
1779 698 1872 726 postca
1886 699 2038 719 evenerunt.

275 926 419 962 2553.
445 936 510 960 Cum
531 934 682 970 supposita
708 934 907 960 Universitatis
922 934 1019 960 Paris.
1035 934 1092 959 sive
1104 942 1158 969 per
1180 933 1316 959 tribulum
1338 933 1485 968 vinarium,
1504 934 1561 959 sive
1578 943 1631 969 per
1645 933 1778 959 subsidia
1798 942 1851 969 pro
1871 935 1950 967 facto
1970 942 2140 968 guerrarum

363 984 472 1010 indicta
490 984 726 1017 molestarentur;
742 993 803 1009 cum
817 987 971 1019 praeterea
991 983 1141 1009 consilium
1159 984 1267 1018 regium
1288 983 1442 1017 officiarios
1471 983 1670 1009 Universitatis
1690 983 1719 1008 in
1737 982 1923 1008 Par-lamento
1941 986 1968 1008 et
1987 982 2139 1008 Castelleto

362 1033 525 1059 deminuere
541 1033 630 1068 vellet,
655 1033 830 1059 Universitas
845 1032 941 1058 Paris.
959 1042 977 1058 a
991 1033 1123 1060 Novemb.
1137 1032 1186 1060 30Ι
1205 1033 1327 1059 cessavit
1342 1042 1361 1058 α
1377 1032 1547 1059 lectionibus
1564 1036 1591 1058 et
1600 1032 1882 1068 praedicationibus.

1440 1136 1510 1165 1441,
1526 1135 1671 1162 Novembris
1684 1137 1727 1166 30,
1742 1136 1856 1162 Parisiis.

367 1240 487 1262 Aut-ear.
504 1238 631 1262 Char-tul.
653 1237 778 1262 Univers.
794 1237 899 1267 Paris„
917 1238 949 1267 11,
966 1246 992 1268 p.
1011 1239 1065 1267 527,
1084 1239 1128 1266 28;
1145 1238 1199 1266 528,
1217 1238 1259 1266 17;
1275 1239 1329 1267 529,
1346 1238 1383 1266 14,
1401 1238 1430 1260 24
1446 1246 1518 1269 sqq.;
1536 1238 1662 1262 Journal
1680 1237 1814 1262 Parisien
1834 1239 1866 1261 de
1885 1239 1956 1262 Jecm
1979 1238 2139 1268 Maupoz'm,

274 1282 316 1305 ed.
332 1282 450 1305 memz
465 1282 491 1305 in
505 1282 588 1305 Μόνη.
598 1283 631 1305 de
644 1282 672 1305 la
686 1289 741 1306 soc.
757 1283 791 1306 de
805 1282 885 1307 l'hist.
898 1283 930 1305 de
945 1283 1039 1311 Paris,
1053 1283 1094 1311 IV,
1108 1291 1134 1313 p.
1151 1283 1190 1305 28.
1203 1296 1230 1300 —
1245 1282 1389 1305 Cessarunt
1404 1290 1486 1313 usque
1502 1282 1534 1304 ad
1549 1291 1590 1305 un.
1603 1283 1672 1309 1442,
1686 1282 1822 1305 Februarii
1835 1282 1873 1311 18,
1888 1282 2047 1305 dominicam
2061 1282 2142 1305 Bran-

273 1327 381 1357 donum,
393 1330 418 1350 et
431 1327 478 1350 illa
490 1326 541 1355 die,
552 1330 693 1358 postquam
707 1327 923 1356 ambassiatores,
935 1327 967 1350 de
979 1327 1075 1358 quibus
1087 1332 1115 1350 n0
1126 1328 1194 1357 2555,
1205 1335 1220 1350 a
1235 1335 1296 1358 rege
1311 1326 1410 1350 reversi
1423 1330 1506 1359 erant,
1519 1327 1683 1350 Universitas
1700 1327 1747 1349 ivit
1759 1327 1991 1358 processionaliter
2001 1327 2034 1350 ad
2048 1328 2075 1350 S.
2086 1328 2141 1350 Ma—

274 1371 398 1403 glorium,
413 1381 425 1394 (1
437 1374 462 1394 et
472 1372 498 1394 lii
514 1372 554 1395 sut
569 1371 632 1394 faict
647 1380 751 1395 sermon
765 1372 892 1395 solemnel
909 1380 941 1394 au
954 1372 1050 1403 peuple
1062 1380 1111 1403 par
1122 1371 1230 1395 maistre
1246 1372 1360 1394 Thomas
1377 1372 1408 1394 (10
1419 1372 1579 1400 Courcelles,
1593 1372 1718 1395 excellent
1729 1372 1836 1394 docteur
1847 1380 1878 1394 en
1891 1372 2033 1402 theologie,
2047 1372 2140 1403 enquel

274 1424 378 1439 sermon
396 1416 552 1439 entr'autres
574 1416 667 1439 choses
684 1418 724 1439 sut
744 1416 798 1440 dict
813 1425 863 1448 par
884 1416 948 1440 ledit
964 1417 1081 1446 docteur,
1098 1425 1147 1448 que
1166 1417 1191 1439 le
1212 1425 1260 1448 roy
1274 1416 1457 1439 liberalement
1478 1416 1550 1439 avoit
1565 1417 1740 1439 reconfermez
1756 1420 1781 1439 et
1796 1416 1919 1439 rebaillez
1937 1418 1952 1439 a
1967 1420 2055 1439 nostre
2075 1416 2143 1439 dicte

269 1463 344 1484 ussere
359 1461 527 1485 l’Universite
540 1465 599 1484 tous
613 1469 654 1484 ses
668 1461 812 1493 privileges
828 1465 853 1484 et
865 1461 966 1484 vouloit
981 1470 1031 1493 que
1046 1462 1240 1485 doresenavant
1252 1465 1311 1485 tous
1329 1462 1367 1484 les
1384 1464 1509 1492 supposts
1526 1461 1627 1484 d'icelle
1647 1470 1677 1484 en
1695 1465 1816 1484 usassent
1831 1465 1856 1485 et
1872 1461 2003 1492 jouissent
2017 1461 2144 1493 paisible-

276 1509 346 1529 ment
359 1514 370 1529 »
385 1506 554 1536 (Maupoint,
571 1506 588 1530 l.
604 1506 646 1535 c.).
662 1506 720 1530 Vid.
737 1506 815 1529 etiam
829 1506 898 1529 infra
912 1511 940 1529 n⁰
955 1507 1024 1530 2560.

370 1604 394 1628 1.
414 1604 473 1627 Jam
494 1604 627 1635 Septemb.
646 1605 659 1626 2
674 1604 840 1627 Universitas
860 1604 1012 1628 minabatur
1027 1604 1197 1633 cessationes,
1214 1604 1264 1627 nisi
1284 1607 1434 1627 cessassent
1453 1604 1621 1634 gravutiones
1638 1603 1847 1635 suppositorum,
1861 1612 1920 1626 cum
1938 1604 2017 1627 etiam
2036 1603 2141 1635 quidam

277 1658 288 1672 (ι
304 1652 414 1681 propter
428 1648 506 1672 tulius
520 1649 621 1672 dandus
637 1657 649 1671 »
664 1649 820 1672 incarcerati
835 1653 922 1672 essent
938 1651 1076 1679 (Auctar.,
1093 1649 1124 1677 11,
1140 1650 1194 1679 520,
1208 1650 1237 1671 13
1250 1657 1300 1680 sq.;
1317 1650 1371 1677 521,
1385 1650 1397 1672 7
1412 1650 1490 1680 sqq.).

278 1876 423 1913 2554.
447 1885 583 1911 Facultas
598 1885 758 1911 medicinae
772 1885 914 1911 deliberat
930 1885 1064 1911 absentes
1080 1886 1233 1920 ”tagla-tros
1250 1886 1323 1911 inter
1342 1889 1471 1919 regentes
1487 1894 1541 1911 ηοη
1557 1885 1790 1910 annumerandos
1812 1894 1882 1919 csse,
1905 1885 1962 1910 nisi
1979 1886 2013 1910 18
2032 1884 2142 1910 solidos

365 1935 475 1961 decano
496 1935 623 1969 solvant,-
644 1939 732 1971 atque
751 1939 892 1961 statutum
907 1935 942 1961 de
958 1935 1153 1969 refusionibus
1174 1939 1201 1961 et
1221 1935 1256 1960 de
1278 1935 1426 1969 magistris
1448 1935 1475 1960 in
1496 1935 1585 1959 missa
1607 1943 1661 1960 non
1684 1934 1914 1970 comparentibus
1930 1934 2028 1959 stricte
2045 1933 2142 1959 obser-

366 1984 499 2011 vandum.

1465 2033 1533 2062 1447,
1549 2033 1695 2059 Decembris
1712 2033 1743 2062 111
1760 2033 1874 2059 Parisiis.

366 2136 472 2168 Anno
504 2147 574 2180 quo
599 2147 707 2180 supra
737 2136 928 2168 undecima
964 2135 1022 2168 die
1048 2135 1185 2168 mensis
1216 2135 1428 2167 Decembris
1455 2141 1644 2179 postquam
1675 2134 1814 2179 pluries
1848 2134 1998 2167 facultas
2027 2134 2143 2166 fuerat

279 2209 499 2247 congregata
530 2214 595 2247 pro
620 2202 818 2235 advisando
842 2202 989 2234 modum
1024 2202 1260 2235 continuandi
1288 2202 1482 2234 servicium
1510 2208 1544 2234 ct
1572 2202 1778 2234 refusiones
1819 2201 2072 2245 magistrorum
2108 2209 2143 2233 et

279 2268 497 2302 bidellorum
529 2271 565 2301 in
594 2269 718 2302 missis
747 2269 928 2302 facultatis
955 2269 1254 2314 comparentium,
1283 2269 1463 2301 conclusit
1492 2269 1617 2301 eadem
1642 2268 1804 2306 facultas,
1832 2268 1977 2300 nemine
2005 2268 2142 2300 discre-

279 2343 398 2381 pante,
422 2336 519 2381 quod
540 2336 663 2369 nullus
680 2336 813 2369 absens
834 2337 1020 2381 magister,
1038 2337 1098 2381 qui
1121 2336 1205 2369 facit
1221 2348 1320 2368 suam
1343 2348 1476 2368 moram
1500 2342 1598 2368 extra
1616 2336 1659 2367 dc
1684 2335 1855 2375 I'arisius7
1886 2335 1930 2367 (10
1956 2342 2077 2367 cetero
2098 2335 2141 2367 ad

280 2403 538 2447 disputandum
560 2415 624 2448 per
645 2410 918 2448 procuratorem
945 2403 1140 2448 recipiatur
1165 2410 1224 2435 aut
1254 2403 1348 2436 inter
1370 2403 1564 2447 magistros
1587 2409 1756 2447 regentes
1777 2408 2048 2443 annumeretur,
2071 2401 2142 2433 nisi

280 2470 447 2515 primitus
467 2470 583 2503 solvat
603 2470 727 2503 (1000111
754 2477 834 2503 0010
861 2470 1003 2503 solidos
1024 2471 1133 2515 paris.
1161 2470 1297 2502 decano
1327 2470 1563 2515 applicandos
1597 2482 1661 2514 pro
1693 2469 1837 2502 servicii
1872 2469 2141 2501 sustentacione

275 2544 315 2586 et
329 2537 554 2570 refusionum
575 2537 770 2570 solutione.
789 2538 877 2571 Item
896 2538 1077 2570 ordinavit
1097 2537 1193 2582 quod
1211 2543 1381 2569 statutum
1404 2537 1447 2569 (10
1466 2537 1572 2569 1110(10
1595 2537 1820 2569 resusionum
1843 2543 1877 2569 01
1898 2536 1941 2568 (10
1959 2536 2142 2580 magistris

279 2616 353 2636 non
373 2604 668 2649 comparentibus
689 2605 725 2636 in
749 2605 869 2646 missa,
893 2605 990 2649 quod
1011 2604 1194 2649 aliquibus
1215 2604 1320 2636 annis
1343 2604 1530 2636 retroactis
1555 2615 1623 2636 usu
1652 2604 1778 2644 caruit⁷
1811 2604 2008 2648 praticctur
2040 2610 2075 2635 et
2099 2603 2142 2635 ad

277 2663 395 2704 >actum
425 2671 620 2704 reducatur
650 2678 684 2704 01
718 2683 837 2712 usum,
867 2671 1101 2716 presentibus
1127 2671 1169 2703 ad
1200 2670 1267 2702 hoc
1298 2670 1482 2715 magistris
1516 2670 1679 2702 Johanne
1709 2672 1955 2715 Lcngrcnoys,
1979 2670 2142 2703 Johannc

280 2738 432 2779 Tisaine,
455 2739 561 2771 Petro
592 2738 635 2770 (10
656 2738 855 2783 Chacyaco,
878 2738 1128 2783 Ingucrrando
1159 2737 1203 2769 de
1235 2737 1389 2777 Parenti,
1413 2737 1610 2769 Guillclmo
1633 2737 1676 2769 de
1707 2737 1812 2781 Algia
1839 2744 1873 2770 01
1904 2749 1958 2769 1110
1984 2737 2142 2769 1101101110

279 2805 449 2838 Julienno
467 2812 551 2839 tunc
568 2805 719 2845 decano,
741 2817 820 2837 cum
849 2806 1012 2838 Guerino
1031 2805 1182 2837 bidella

374 2917 520 2941 Commcnt.
535 2918 583 2939 sac.
600 2916 679 2945 med„
694 2917 725 2946 ll,
740 2925 766 2947 p.
783 2918 820 2941 37.
