2502 3418
275 321 371 358 1423]
619 336 666 357 ΑΒ
702 335 806 357 ΑΝΝΟ
841 335 1127 357 Mcccl.xxxxiv
1161 336 1291 363 USQUE
1326 336 1374 357 AD
1408 336 1545 358 ANNUM
1580 337 1783 359 MCCCCLH.
2065 330 2128 362 417

273 451 416 489 2213.
445 461 618 488 Universitas
633 463 728 490 Paris.
752 462 792 488 ad
813 464 1015 498 Imperatorem
1036 463 1226 488 Romanorum
1249 462 1470 497 Sigismundum,
1490 467 1519 488 ul
1539 472 1614 497 mag.
1635 463 1726 489 Paulo
1744 464 1857 489 Nic-olai
1873 464 1907 490 (Ie
1925 465 2074 491 Sclavonia
2096 466 2130 492 de

360 511 458 547 aliquo
475 510 611 547 beneficio
626 512 654 538 in
666 521 717 538 suo
731 520 815 546 regno
827 511 989 548 provideat.

1400 548 1557 577 1422-1423,
1573 549 1679 581 Augusti
1693 550 1716 578 4,
1733 549 1846 575 parisiis.

361 636 450 669 Cum
474 648 532 669 res
553 637 799 670 studiosorum
820 637 979 669 virorum
1002 636 1210 670 celebritate
1232 637 1268 669 in
1294 637 1350 669 sui
1376 637 1553 681 regimine
1575 637 1734 682 proditas
1755 638 1880 671 felices
1900 639 1989 679 sore,
2012 647 2131 673 vestre

273 702 502 736 celsitudinis
523 704 834 749 perspicacitatem
856 716 929 737 non
945 704 1056 737 latere
1073 704 1407 746 animadvertimus,
1422 704 1657 737 serenissime
1675 705 1858 750 prinecpS,
1877 713 1996 738 vestre
2014 708 2132 751 provi-

273 769 393 802 dentie
415 770 559 803 culmen
586 771 731 816 dignam
763 771 943 804 materiam
973 771 1165 804 obiciendo
1196 771 1351 804 fidenter
1377 771 1625 816 aggredimur,
1654 772 1917 816 promotionem
1950 773 2132 818 loquimur

272 836 491 870 venerabilis
514 837 734 882 discretique
755 838 823 871 viri
844 839 1007 883 magistri
1030 839 1152 879 P[auli]
1173 838 1350 880 Nicholai,
1373 839 1607 884 Zagrabiens.
1633 839 1742 880 di0c.,
1765 840 1927 885 magistri
1954 841 1990 873 in
2011 848 2075 874 art.
2100 849 2134 874 et

271 903 465 937 bachalarii
494 905 635 938 formati
665 905 702 938 in
732 905 929 951 theologia,
952 905 1146 951 presbiteri
1179 906 1294 939 nostri
1323 906 1458 939 dilecti.
1482 907 1551 949 Qui
1580 907 1715 939 dudum
1745 907 1871 940 relicto
1898 908 2016 941 nativo
2040 908 2130 949 solo,

272 978 459 1015 parentum
483 972 658 1005 solamine
679 973 826 1005 assiduo
848 973 1053 1018 ceterisque
1076 973 1198 1014 rebus,
1222 973 1355 1018 quibus
1380 973 1566 1006 hominum
1595 974 1665 1006 vita
1696 974 1874 1007 mundana
1904 975 2047 1007 abunde
2075 976 2133 1021 agi

273 1038 378 1080 solet,
403 1038 449 1071 ob
474 1039 645 1072 virtutum
669 1039 975 1085 scientiarumque
996 1052 1153 1073 ai‘norem
1175 1052 1240 1085 per
1260 1047 1312 1073 tot
1333 1047 1506 1073 terrarum
1530 1041 1642 1085 spatia
1664 1053 1875 1086 peragrans,
1901 1049 2024 1075 nostre
2050 1055 2135 1075 con-

272 1105 388 1138 cionis
415 1105 538 1139 limina
565 1107 769 1151 ingressus,
797 1107 895 1139 nulla
923 1114 1125 1152 temporum
1156 1107 1289 1140 malitia
1316 1114 1377 1140 aut
1406 1107 1642 1141 diuturnitate
1673 1109 1849 1150 devictus,
1877 1109 1914 1141 in
1943 1110 2134 1143 scolastico

272 1173 441 1218 gignasio
463 1173 649 1207 indefesso
670 1174 789 1207 animo
806 1174 992 1215 certando,
1014 1175 1056 1207 ad
1080 1175 1262 1219 predictos
1284 1175 1460 1220 graduum
1478 1175 1638 1208 honores
1657 1175 1820 1219 gloriose
1842 1177 2072 1221 perveniens,
2091 1178 2134 1210 ad

272 1240 422 1285 gradum
444 1240 590 1274 licentie
616 1248 651 1274 et
680 1241 879 1286 magisterii
905 1241 1111 1287 theologice
1132 1242 1311 1275 facultatis
1333 1242 1494 1287 predicte
1516 1243 1687 1275 continuo
1710 1242 1832 1275 labore
1854 1244 1989 1288 aspirat
2009 1256 2136 1289 perve—

272 1307 369 1347 nire;
397 1319 577 1352 quemque
609 1308 716 1341 modo
751 1307 938 1353 prehabito
971 1309 1158 1354 parvulum
1192 1309 1276 1341 olim
1312 1309 1355 1342 ad
1386 1321 1453 1341 nos
1479 1310 1682 1342 venientem
1717 1317 1856 1354 gratum
1891 1312 2134 1356 suscepimus,

271 1381 471 1419 nostroque
491 1375 528 1407 in
549 1375 690 1420 gremio
711 1375 802 1409 laete
823 1376 1017 1421 discipline
1042 1376 1254 1421 multiplicis
1281 1377 1470 1409 educatum
1498 1378 1623 1421 etjam
1648 1377 1683 1409 in
1707 1378 1822 1410 virum
1845 1378 2033 1411 robustum
2056 1391 2135 1424 pro-

273 1448 427 1483 vectum,
445 1442 639 1487 gratiorem
661 1442 890 1485 haberemus,
910 1443 1025 1476 eidem
1049 1444 1274 1476 neccessaria
1296 1444 1467 1476 decenter
1484 1444 1731 1488 providentes,
1752 1445 1780 1477 si
1799 1445 1870 1477 vite
1892 1445 1999 1490 hujus
2022 1446 2134 1490 perio·

275 1508 358 1541 dum
381 1509 474 1542 inter
495 1521 562 1542 nos
588 1510 791 1555 transigere
813 1510 1049 1544 decrevisset.
1072 1512 1220 1552 Verum,
1244 1511 1325 1556 quia
1346 1511 1439 1543 bona
1467 1512 1580 1556 patrie
1608 1512 1752 1544 auxisse
1779 1524 1870 1556 eque
1894 1513 2037 1545 virtutis
2058 1514 2134 1545 sore

273 1587 345 1608 non
376 1576 562 1621 ignorans,
593 1577 751 1626 propriis
781 1577 916 1611 mavult
943 1590 1046 1623 quam
1076 1578 1204 1611 alienis
1233 1578 1413 1611 natalibus
1441 1578 1627 1611 salutifere
1653 1579 1817 1611 doctrine
1844 1580 2005 1623 ymbrem
2030 1580 2136 1612 mini-

271 1643 418 1676 strando
439 1643 553 1676 vicem
576 1645 791 1689 rependere,
813 1645 948 1677 idcirco
971 1646 1087 1690 ipsum
1107 1646 1217 1690 digne
1240 1645 1578 1678 recommendantes
1594 1653 1714 1679 vestre
1737 1647 1934 1687 serenitati,
1954 1659 2079 1679 omncs
2102 1654 2136 1680 et

271 1710 409 1755 singuli
430 1711 690 1756 supplicamus,
714 1719 892 1756 quatenus
914 1712 1028 1745 eidem
1053 1713 1096 1745 de
1117 1712 1237 1757 aliquo
1260 1712 1438 1745 beneficio
1461 1713 1567 1745 statui
1589 1719 1622 1746 et
1645 1713 1821 1757 graduum
1845 1725 1991 1746 suorum
2016 1714 2135 1758 digni-

270 1778 332 1810 tati
349 1789 512 1822 congruo
529 1778 567 1810 in
582 1785 704 1811 vestro
722 1790 836 1823 regno
854 1779 1025 1823 dignetur
1042 1786 1160 1812 vestra
1177 1780 1377 1824 imperialis
1394 1781 1562 1824 majestas
1579 1780 1785 1824 providere,
1801 1792 1871 1824 quo
1889 1787 1992 1825 pacto
2011 1793 2133 1814 revera

272 1850 308 1877 et
327 1856 393 1877 nos
415 1844 458 1877 ad
481 1851 603 1878 vestre
625 1845 932 1879 excellentissime
954 1846 1213 1879 dominationis
1235 1846 1411 1891 obsequia
1434 1847 1669 1879 reddideritis
1692 1847 1947 1891 promptiores,
1966 1854 2000 1880 ct
2020 1848 2136 1880 lucer-

272 1924 350 1944 nam
374 1911 410 1944 in
432 1912 538 1944 domo
560 1913 705 1945 Domini
727 1913 903 1957 erigendo
926 1914 1043 1946 eidem
1066 1926 1138 1946 rem
1167 1914 1407 1958 gratissimam
1431 1914 1583 1946 facietis.
1607 1914 1748 1956 Quibus
1773 1914 1866 1946 enim
1893 1914 2134 1947 bencliccntIc

268 1978 458 2012 affectibus
480 1979 527 2012 sit
547 1979 812 2012 occurrendum
834 1981 925 2021 viro,
954 1981 1014 2024 qui
1037 1981 1139 2024 quasi
1166 1981 1243 2025 apis
1265 1987 1523 2025 argumentosa
1545 1993 1563 2013 e
1584 1980 1782 2021 montibus,
1806 1987 1866 2013 aut
1894 1980 2012 2013 bonus
2041 1994 2134 2014 mer-

268 2053 367 2079 cator
384 2058 402 2078 e
420 2046 570 2091 regione
587 2046 756 2092 longinca
775 2059 863 2080 nave
881 2060 1051 2092 pecorum
1064 2048 1087 2088 ¹,
1105 2047 1339 2080 humanarum
1359 2048 1636 2092 divinarumque
1654 2048 1886 2080 scientiarum
1905 2061 1943 2081 ac
1961 2049 2130 2082 virtutum

268 2112 452 2145 mercibus
472 2120 616 2154 onusta,
639 2114 682 2146 ad
704 2114 852 2158 patriam
875 2114 1055 2147 ditandam
1079 2127 1117 2147 ac
1141 2114 1305 2147 melliflui
1328 2114 1487 2159 eloquifi]
1510 2115 1623 2147 divini
1643 2114 1745 2147 verbi
1772 2114 1965 2147 dulcedine
1986 2117 2133 2160 persuu-

269 2179 421 2212 dendam
452 2181 661 2222 revertitur,
689 2187 808 2214 vestra
841 2181 942 2214 novit
972 2181 1228 2226 limpiditas....
1264 2183 1392 2214 Datum
1429 2181 1590 2214 Parisius
1622 2182 1658 2214 in
1694 2188 1814 2214 nostra
1847 2183 2131 2227 congregatione

267 2246 430 2291 generali
451 2247 546 2291 apud
568 2247 736 2280 Sanctum
759 2248 979 2280 Maturinum
1001 2248 1202 2281 solenniter
1223 2248 1402 2281 celebrata
1424 2248 1482 2281 die
1505 2255 1628 2292 quarta
1651 2248 1788 2280 mensis
1809 2249 1977 2293 Augusti.

360 2344 474 2368 Minuta
490 2344 604 2368 chartac.
621 2345 647 2367 in
663 2345 740 2368 Arch.
754 2349 807 2369 nat.
820 2345 913 2375 Paria,
930 2347 954 2369 M
969 2346 1019 2374 651³,
1036 2351 1065 2368 n⁰
1079 2346 1124 2369 106
1139 2346 1213 2377 (olim
1228 2347 1255 2371 Α.
1272 2347 1295 2369 3.
1312 2348 1439 2376 mmmm).
1452 2360 1479 2363 -—
1495 2346 1560 2369 Cum
1571 2346 1667 2369 Paulus
1682 2355 1723 2369 an.
1741 2346 1810 2375 1421,
1825 2346 1967 2377 Septemb„
1984 2347 2131 2369 Sententias

267 2388 354 2419 legere
371 2388 507 2419 inceperit,
518 2397 560 2411 an.
572 2389 641 2417 1422,
653 2390 719 2421 Aug.
731 2391 753 2419 4,
769 2391 880 2413 fortasse
893 2391 947 2421 jam
963 2394 1019 2413 erat
1032 2391 1202 2414 baccalareus
1219 2392 1356 2414 formatus.
1372 2392 1418 2415 An.
1431 2392 1491 2414 1424
1502 2399 1572 2418 vero,
1586 2391 1646 2413 Maii
1662 2394 1686 2413 et
1699 2391 1778 2418 Junii,
1795 2391 1865 2413 natio
1877 2391 2021 2421 Anglicana
2035 2400 2130 2422 oppro-

267 2433 325 2456 bria
341 2441 355 2456 a
371 2433 451 2456 Paulo
469 2442 549 2464 passa
566 2437 605 2456 est
620 2437 644 2457 et
659 2438 751 2457 contra
766 2443 825 2457 eum
841 2435 895 2466 egit
911 2437 1047 2465 (fluentia,
1066 2436 1096 2463 ll,
1114 2444 1139 2466 p.
1157 2436 1210 2463 311,
1226 2437 1239 2458 4
1257 2444 1330 2467 sqq.;
1353 2436 1406 2465 312,
1423 2437 1471 2465 33).
1491 2435 1602 2459 Proinde
1618 2435 1731 2466 epistola
1748 2436 1781 2458 ad
1801 2444 1843 2459 un.
1861 2436 1993 2458 1422-1423
2008 2436 2130 2467 pertinet.

267 2478 365 2501 Revera
381 2486 423 2501 an.
443 2478 510 2508 1424,
526 2479 602 2502 Mart.
619 2479 657 2509 29,
674 2479 788 2502 obtinuit
802 2480 915 2511 gratiam
935 2480 1140 2511 exspectutivam
1161 2481 1191 2503 ad
1214 2481 1396 2503 canonicatum
1419 2484 1444 2503 et
1466 2480 1644 2511 praebendum
1666 2481 1690 2503 S.
1709 2480 1825 2503 Andreae
1847 2480 1936 2503 Colon.
1959 2484 1984 2503 et
2006 2481 2131 2511 majorem

266 2522 445 2553 praebendam
461 2523 488 2546 S.
504 2523 578 2546 Pauli
594 2523 792 2547 Monasteriens.
808 2524 912 2555 (Suppl.
928 2525 1004 2548 Mart.
1021 2525 1049 2554 V,
1065 2529 1092 2547 n⁰
1107 2526 1160 2554 254,
1177 2525 1220 2547 sol.
1238 2525 1260 2554 1,
1276 2528 1351 2556 parte
1367 2526 1398 2554 3).
1416 2526 1463 2548 An.
1478 2526 1547 2553 1425,
1564 2525 1696 2555 Septemb.
1712 2525 1749 2553 24,
1764 2524 1828 2547 satis
1844 2524 1916 2547 dives
1933 2528 1958 2547 et
1973 2525 2036 2547 bene
2052 2525 2131 2548 bene-

267 2567 369 2590 ficiatus
387 2567 573 2598 pronuntiatur
586 2568 722 2598 (Auctar.‚
739 2569 771 2597 11,
785 2570 839 2598 333,
854 2570 900 2598 25).

360 2651 384 2676 1.
399 2652 496 2675 Charta
511 2660 516 2675 ·.
535 2660 545 2675 α
563 2655 699 2683 pectorum
717 2663 737 2681 υ,
755 2653 823 2676 unde
837 2653 925 2676 nullus
942 2662 1034 2677 sensus
1046 2653 1156 2677 eruitur.

393 2953 457 2970 *Η*
475 2951 571 2975 Chart.
595 2950 674 2975 Um'v.
692 2951 785 2975 Paris.
805 2952 846 2975 1v.
1980 2955 2009 2976 53
