<?xml version="1.0" encoding="UTF-8"?>
<!DOCTYPE html PUBLIC "-//W3C//DTD XHTML 1.0 Transitional//EN"
    "http://www.w3.org/TR/xhtml1/DTD/xhtml1-transitional.dtd">
<html xmlns="http://www.w3.org/1999/xhtml" xml:lang="en" lang="en">
 <head>
  <title>
</title>
<meta http-equiv="Content-Type" content="text/html;charset=utf-8" />
  <meta name='ocr-system' content='tesseract 3.04.00' />
  <meta name='ocr-capabilities' content='ocr_page ocr_carea ocr_par ocr_line ocrx_word'/>
</head>
<body>
  <div class='ocr_page' id='page_1' title='image "./chartulariumuniv04univuoft_0765.png"; bbox 0 0 2502 3418; ppageno 0'>
   <div class='ocr_carea' id='block_1_1' title="bbox 286 326 2141 369">
    <p class='ocr_par' dir='ltr' id='par_1_1' title="bbox 286 326 2141 369">
     <span class='ocr_line' id='line_1_1' title="bbox 286 326 2141 369; baseline 0.003 -7"><span class='ocrx_word' id='word_1_1' title='bbox 286 326 382 363; x_wconf 82' lang='lat'>1452]</span> <span class='ocrx_word' id='word_1_2' title='bbox 627 341 674 362; x_wconf 76' lang='lat' dir='ltr'>AB</span> <span class='ocrx_word' id='word_1_3' title='bbox 709 341 813 363; x_wconf 53' lang='grc' dir='ltr'>Δ111110</span> <span class='ocrx_word' id='word_1_4' title='bbox 848 340 1135 363; x_wconf 77' lang='lat' dir='ltr'>MCCCLXXXXiv</span> <span class='ocrx_word' id='word_1_5' title='bbox 1170 341 1300 369; x_wconf 79' lang='lat' dir='ltr'>USQUE</span> <span class='ocrx_word' id='word_1_6' title='bbox 1335 342 1382 362; x_wconf 71' lang='lat' dir='ltr'>An</span> <span class='ocrx_word' id='word_1_7' title='bbox 1417 342 1554 363; x_wconf 76' lang='lat' dir='ltr'>ANNUM</span> <span class='ocrx_word' id='word_1_8' title='bbox 1591 343 1794 365; x_wconf 80' lang='lat' dir='ltr'>MCCCCLII.</span> <span class='ocrx_word' id='word_1_9' title='bbox 2079 336 2141 369; x_wconf 80' lang='lat'>721</span> 
     </span>
    </p>
   </div>
   <div class='ocr_carea' id='block_1_2' title="bbox 279 413 2146 2872">
    <p class='ocr_par' dir='ltr' id='par_1_2' title="bbox 282 413 2144 526">
     <span class='ocr_line' id='line_1_2' title="bbox 282 413 2144 461; baseline 0.003 -14"><span class='ocrx_word' id='word_1_10' title='bbox 282 413 399 459; x_wconf 82' lang='lat' dir='ltr'>ipsius</span> <span class='ocrx_word' id='word_1_11' title='bbox 430 414 685 448; x_wconf 88' lang='lat' dir='ltr'>Universitatis</span> <span class='ocrx_word' id='word_1_12' title='bbox 714 415 920 448; x_wconf 86' lang='lat' dir='ltr'>facultatum</span> <span class='ocrx_word' id='word_1_13' title='bbox 952 427 1031 448; x_wconf 89' lang='lat' dir='ltr'>cum</span> <span class='ocrx_word' id='word_1_14' title='bbox 1063 427 1173 459; x_wconf 90' lang='lat' dir='ltr'>cappa</span> <span class='ocrx_word' id='word_1_15' title='bbox 1211 415 1393 448; x_wconf 90' lang='lat' dir='ltr'>ordinaria</span> <span class='ocrx_word' id='word_1_16' title='bbox 1421 422 1482 448; x_wconf 88' lang='lat' dir='ltr'>aut</span> <span class='ocrx_word' id='word_1_17' title='bbox 1511 417 1680 461; x_wconf 85' lang='lat' dir='ltr'>epytogio</span> <span class='ocrx_word' id='word_1_18' title='bbox 1714 417 1807 449; x_wconf 91' lang='lat' dir='ltr'>bene</span> <span class='ocrx_word' id='word_1_19' title='bbox 1841 425 1875 451; x_wconf 90' lang='lat' dir='ltr'>et</span> <span class='ocrx_word' id='word_1_20' title='bbox 1901 419 2144 453; x_wconf 87' lang='lat' dir='ltr'>condecenter</span> 
     </span>
     <span class='ocr_line' id='line_1_3' title="bbox 284 493 505 526; baseline 0.005 -13"><span class='ocrx_word' id='word_1_21' title='bbox 284 493 505 526; x_wconf 78' lang='lat' dir='ltr'>comparere.</span> 
     </span>
    </p>

    <p class='ocr_par' dir='ltr' id='par_1_3' title="bbox 281 549 2143 861">
     <span class='ocr_line' id='line_1_4' title="bbox 371 549 2143 593; baseline 0.003 -13"><span class='ocrx_word' id='word_1_22' title='bbox 371 549 472 589; x_wconf 90' lang='lat' dir='ltr'>Item,</span> <span class='ocrx_word' id='word_1_23' title='bbox 491 560 536 581; x_wconf 90' lang='lat' dir='ltr'>ne</span> <span class='ocrx_word' id='word_1_24' title='bbox 558 561 601 581; x_wconf 89' lang='lat' dir='ltr'>ex</span> <span class='ocrx_word' id='word_1_25' title='bbox 621 549 823 582; x_wconf 88' lang='lat' dir='ltr'>inordinata</span> <span class='ocrx_word' id='word_1_26' title='bbox 845 549 1073 582; x_wconf 89' lang='lat' dir='ltr'>bedellorum</span> <span class='ocrx_word' id='word_1_27' title='bbox 1092 549 1135 581; x_wconf 87' lang='lat' dir='ltr'>ad</span> <span class='ocrx_word' id='word_1_28' title='bbox 1152 549 1307 593; x_wconf 80' lang='lat' dir='ltr'>aliquem</span> <span class='ocrx_word' id='word_1_29' title='bbox 1332 549 1582 593; x_wconf 67' lang='lat' dir='ltr'>particularem</span> <span class='ocrx_word' id='word_1_30' title='bbox 1601 550 1785 583; x_wconf 87' lang='lat' dir='ltr'>doctorem</span> <span class='ocrx_word' id='word_1_31' title='bbox 1803 552 1991 584; x_wconf 76' lang='lat' dir='ltr'>affectione</span> <span class='ocrx_word' id='word_1_32' title='bbox 2013 554 2143 585; x_wconf 77' lang='lat' dir='ltr'>ceteris</span> 
     </span>
     <span class='ocr_line' id='line_1_5' title="bbox 283 615 2142 664; baseline 0.003 -17"><span class='ocrx_word' id='word_1_33' title='bbox 283 615 523 659; x_wconf 79' lang='lat' dir='ltr'>prejudicium</span> <span class='ocrx_word' id='word_1_34' title='bbox 546 616 727 656; x_wconf 80' lang='lat' dir='ltr'>afferatur,</span> <span class='ocrx_word' id='word_1_35' title='bbox 755 616 963 648; x_wconf 91' lang='lat' dir='ltr'>inhibemus</span> <span class='ocrx_word' id='word_1_36' title='bbox 992 628 1036 648; x_wconf 89' lang='lat' dir='ltr'>ne</span> <span class='ocrx_word' id='word_1_37' title='bbox 1066 615 1233 648; x_wconf 90' lang='lat' dir='ltr'>bedellus</span> <span class='ocrx_word' id='word_1_38' title='bbox 1255 616 1386 660; x_wconf 88' lang='lat' dir='ltr'>aliquis</span> <span class='ocrx_word' id='word_1_39' title='bbox 1412 616 1448 648; x_wconf 90' lang='lat' dir='ltr'>in</span> <span class='ocrx_word' id='word_1_40' title='bbox 1474 617 1632 649; x_wconf 84' lang='lat' dir='ltr'>savorem</span> <span class='ocrx_word' id='word_1_41' title='bbox 1658 617 1811 661; x_wconf 88' lang='lat' dir='ltr'>alicujus</span> <span class='ocrx_word' id='word_1_42' title='bbox 1839 618 1998 651; x_wconf 82' lang='lat' dir='ltr'>doctoris</span> <span class='ocrx_word' id='word_1_43' title='bbox 2027 620 2142 664; x_wconf 89' lang='lat' dir='ltr'>ipsius</span> 
     </span>
     <span class='ocr_line' id='line_1_6' title="bbox 281 681 2142 728; baseline 0.002 -14"><span class='ocrx_word' id='word_1_44' title='bbox 281 681 460 715; x_wconf 82' lang='lat' dir='ltr'>facultatis</span> <span class='ocrx_word' id='word_1_45' title='bbox 481 694 545 727; x_wconf 91' lang='lat' dir='ltr'>per</span> <span class='ocrx_word' id='word_1_46' title='bbox 566 682 734 715; x_wconf 73' lang='grc'>(11011111132</span> <span class='ocrx_word' id='word_1_47' title='bbox 757 695 888 716; x_wconf 88' lang='lat' dir='ltr'>novum</span> <span class='ocrx_word' id='word_1_48' title='bbox 912 683 1086 715; x_wconf 91' lang='lat' dir='ltr'>scolarem</span> <span class='ocrx_word' id='word_1_49' title='bbox 1105 683 1141 715; x_wconf 94' lang='grc'>111</span> <span class='ocrx_word' id='word_1_50' title='bbox 1158 683 1345 728; x_wconf 87' lang='lat' dir='ltr'>proprium</span> <span class='ocrx_word' id='word_1_51' title='bbox 1369 683 1552 716; x_wconf 89' lang='lat' dir='ltr'>doctorem</span> <span class='ocrx_word' id='word_1_52' title='bbox 1571 683 1731 728; x_wconf 85' lang='lat' dir='ltr'>eligendi</span> <span class='ocrx_word' id='word_1_53' title='bbox 1754 684 1962 726; x_wconf 86' lang='lat' dir='ltr'>sollicitare,</span> <span class='ocrx_word' id='word_1_54' title='bbox 1982 698 2142 727; x_wconf 76' lang='lat' dir='ltr'>monere,</span> 
     </span>
     <span class='ocr_line' id='line_1_7' title="bbox 282 749 2142 795; baseline 0.002 -14"><span class='ocrx_word' id='word_1_55' title='bbox 282 755 341 781; x_wconf 90' lang='lat' dir='ltr'>aut</span> <span class='ocrx_word' id='word_1_56' title='bbox 363 749 492 793; x_wconf 87' lang='lat' dir='ltr'>quovis</span> <span class='ocrx_word' id='word_1_57' title='bbox 513 749 620 782; x_wconf 90' lang='lat' dir='ltr'>modo</span> <span class='ocrx_word' id='word_1_58' title='bbox 644 750 818 782; x_wconf 82' lang='lat' dir='ltr'>inducere</span> <span class='ocrx_word' id='word_1_59' title='bbox 840 757 1043 795; x_wconf 79' lang='lat' dir='ltr'>presumat3</span> <span class='ocrx_word' id='word_1_60' title='bbox 1066 750 1153 783; x_wconf 88' lang='lat' dir='ltr'>alias</span> <span class='ocrx_word' id='word_1_61' title='bbox 1176 750 1205 783; x_wconf 91' lang='lat' dir='ltr'>si</span> <span class='ocrx_word' id='word_1_62' title='bbox 1228 762 1339 795; x_wconf 87' lang='lat' dir='ltr'>super</span> <span class='ocrx_word' id='word_1_63' title='bbox 1360 750 1427 783; x_wconf 90' lang='lat' dir='ltr'>hoc</span> <span class='ocrx_word' id='word_1_64' title='bbox 1453 751 1596 783; x_wconf 74' lang='lat' dir='ltr'>suerit³³</span> <span class='ocrx_word' id='word_1_65' title='bbox 1624 763 1688 795; x_wconf 88' lang='lat' dir='ltr'>per</span> <span class='ocrx_word' id='word_1_66' title='bbox 1712 751 1915 784; x_wconf 85' lang='lat' dir='ltr'>facultatem</span> <span class='ocrx_word' id='word_1_67' title='bbox 1941 753 2142 794; x_wconf 76' lang='lat' dir='ltr'>convictus,</span> 
     </span>
     <span class='ocr_line' id='line_1_8' title="bbox 282 815 873 861; baseline 0.002 -13"><span class='ocrx_word' id='word_1_68' title='bbox 282 815 325 848; x_wconf 88' lang='lat' dir='ltr'>ab</span> <span class='ocrx_word' id='word_1_69' title='bbox 346 816 463 848; x_wconf 82' lang='lat' dir='ltr'>officio</span> <span class='ocrx_word' id='word_1_70' title='bbox 485 816 644 849; x_wconf 88' lang='lat' dir='ltr'>totaliter</span> <span class='ocrx_word' id='word_1_71' title='bbox 664 816 873 861; x_wconf 73' lang='lat' dir='ltr'>repellatur.</span> 
     </span>
    </p>

    <p class='ocr_par' dir='ltr' id='par_1_4' title="bbox 279 883 2146 2872">
     <span class='ocr_line' id='line_1_9' title="bbox 370 883 2143 928; baseline 0.002 -13"><span class='ocrx_word' id='word_1_72' title='bbox 370 883 460 916; x_wconf 92' lang='lat' dir='ltr'>Cum</span> <span class='ocrx_word' id='word_1_73' title='bbox 481 895 553 916; x_wconf 90' lang='lat' dir='ltr'>non</span> <span class='ocrx_word' id='word_1_74' title='bbox 575 890 782 928; x_wconf 83' lang='lat' dir='ltr'>sumptuum</span> <span class='ocrx_word' id='word_1_75' title='bbox 800 884 967 925; x_wconf 83' lang='lat' dir='ltr'>vanitate,</span> <span class='ocrx_word' id='word_1_76' title='bbox 991 885 1056 917; x_wconf 88' lang='lat' dir='ltr'>sed</span> <span class='ocrx_word' id='word_1_77' title='bbox 1073 884 1217 917; x_wconf 92' lang='lat' dir='ltr'>virtutis</span> <span class='ocrx_word' id='word_1_78' title='bbox 1238 896 1277 917; x_wconf 85' lang='lat' dir='ltr'>ac</span> <span class='ocrx_word' id='word_1_79' title='bbox 1299 884 1462 917; x_wconf 82' lang='lat' dir='ltr'>doctrine</span> <span class='ocrx_word' id='word_1_80' title='bbox 1484 885 1612 917; x_wconf 90' lang='lat' dir='ltr'>merito</span> <span class='ocrx_word' id='word_1_81' title='bbox 1635 885 1790 918; x_wconf 88' lang='lat' dir='ltr'>debeant</span> <span class='ocrx_word' id='word_1_82' title='bbox 1810 885 1991 919; x_wconf 83' lang='lat' dir='ltr'>scolastici</span> <span class='ocrx_word' id='word_1_83' title='bbox 2012 886 2079 919; x_wconf 90' lang='lat' dir='ltr'>viri</span> <span class='ocrx_word' id='word_1_84' title='bbox 2100 887 2143 919; x_wconf 85' lang='lat' dir='ltr'>ad</span> 
     </span>
     <span class='ocr_line' id='line_1_10' title="bbox 281 949 2143 992; baseline 0.002 -10"><span class='ocrx_word' id='word_1_85' title='bbox 281 949 441 983; x_wconf 81' lang='lat' dir='ltr'>honores</span> <span class='ocrx_word' id='word_1_86' title='bbox 462 950 590 992; x_wconf 90' lang='lat' dir='ltr'>attolli,</span> <span class='ocrx_word' id='word_1_87' title='bbox 616 963 688 984; x_wconf 94' lang='lat' dir='ltr'>non</span> <span class='ocrx_word' id='word_1_88' title='bbox 711 951 876 984; x_wconf 91' lang='lat' dir='ltr'>modicus</span> <span class='ocrx_word' id='word_1_89' title='bbox 897 952 1041 985; x_wconf 86' lang='lat' dir='ltr'>videtur</span> <span class='ocrx_word' id='word_1_90' title='bbox 1062 952 1098 984; x_wconf 90' lang='lat' dir='ltr'>in</span> <span class='ocrx_word' id='word_1_91' title='bbox 1123 952 1214 984; x_wconf 88' lang='lat' dir='ltr'>alma</span> <span class='ocrx_word' id='word_1_92' title='bbox 1240 952 1436 984; x_wconf 85' lang='lat' dir='ltr'>Parisiensi</span> <span class='ocrx_word' id='word_1_93' title='bbox 1458 952 1703 985; x_wconf 82' lang='lat' dir='ltr'>Universitate</span> <span class='ocrx_word' id='word_1_94' title='bbox 1725 953 1817 985; x_wconf 84' lang='lat' dir='ltr'>circa</span> <span class='ocrx_word' id='word_1_95' title='bbox 1838 954 2011 986; x_wconf 91' lang='lat' dir='ltr'>canonice</span> <span class='ocrx_word' id='word_1_96' title='bbox 2032 953 2143 986; x_wconf 83' lang='lat' dir='ltr'>sacul-</span> 
     </span>
     <span class='ocr_line' id='line_1_11' title="bbox 282 1017 2144 1063; baseline 0.002 -13"><span class='ocrx_word' id='word_1_97' title='bbox 282 1017 363 1050; x_wconf 89' lang='lat' dir='ltr'>tatis</span> <span class='ocrx_word' id='word_1_98' title='bbox 385 1018 596 1062; x_wconf 92' lang='lat' dir='ltr'>suppositos</span> <span class='ocrx_word' id='word_1_99' title='bbox 617 1017 753 1051; x_wconf 87' lang='lat' dir='ltr'>abusus</span> <span class='ocrx_word' id='word_1_100' title='bbox 779 1018 990 1059; x_wconf 74' lang='lat' dir='ltr'>inolevisse,</span> <span class='ocrx_word' id='word_1_101' title='bbox 1018 1018 1115 1063; x_wconf 91' lang='lat' dir='ltr'>quod</span> <span class='ocrx_word' id='word_1_102' title='bbox 1143 1018 1192 1050; x_wconf 91' lang='lat' dir='ltr'>hii</span> <span class='ocrx_word' id='word_1_103' title='bbox 1215 1019 1275 1063; x_wconf 89' lang='lat' dir='ltr'>qui</span> <span class='ocrx_word' id='word_1_104' title='bbox 1297 1019 1340 1050; x_wconf 86' lang='lat' dir='ltr'>ad</span> <span class='ocrx_word' id='word_1_105' title='bbox 1370 1018 1631 1051; x_wconf 86' lang='lat' dir='ltr'>baehalariatus</span> <span class='ocrx_word' id='word_1_106' title='bbox 1652 1020 1709 1052; x_wconf 88' lang='lat' dir='ltr'>vel</span> <span class='ocrx_word' id='word_1_107' title='bbox 1736 1019 1882 1052; x_wconf 90' lang='lat' dir='ltr'>licentie</span> <span class='ocrx_word' id='word_1_108' title='bbox 1908 1027 2144 1053; x_wconf 90' lang='lat' dir='ltr'>assumuntur</span> 
     </span>
     <span class='ocr_line' id='line_1_12' title="bbox 281 1083 2143 1132; baseline 0.002 -16"><span class='ocrx_word' id='word_1_109' title='bbox 281 1083 470 1126; x_wconf 83' lang='lat' dir='ltr'>honorem,</span> <span class='ocrx_word' id='word_1_110' title='bbox 498 1085 544 1117; x_wconf 88' lang='lat' dir='ltr'>ita</span> <span class='ocrx_word' id='word_1_111' title='bbox 572 1084 639 1117; x_wconf 91' lang='lat' dir='ltr'>sub</span> <span class='ocrx_word' id='word_1_112' title='bbox 662 1086 783 1130; x_wconf 84' lang='lat' dir='ltr'>specie</span> <span class='ocrx_word' id='word_1_113' title='bbox 805 1085 1053 1130; x_wconf 90' lang='lat' dir='ltr'>quarumdam,</span> <span class='ocrx_word' id='word_1_114' title='bbox 1081 1097 1170 1130; x_wconf 85' lang='lat' dir='ltr'>quas</span> <span class='ocrx_word' id='word_1_115' title='bbox 1191 1085 1301 1130; x_wconf 84' lang='lat' dir='ltr'>vulgo</span> <span class='ocrx_word' id='word_1_116' title='bbox 1323 1085 1452 1118; x_wconf 81' lang='lat' dir='ltr'>bursas</span> <span class='ocrx_word' id='word_1_117' title='bbox 1473 1085 1666 1130; x_wconf 88' lang='lat' dir='ltr'>appellant,</span> <span class='ocrx_word' id='word_1_118' title='bbox 1695 1083 1951 1119; x_wconf 84' lang='lat' dir='ltr'>immoderatos</span> <span class='ocrx_word' id='word_1_119' title='bbox 1978 1094 2143 1132; x_wconf 83' lang='lat' dir='ltr'>sumptus</span> 
     </span>
     <span class='ocr_line' id='line_1_13' title="bbox 280 1151 2143 1198; baseline 0.002 -15"><span class='ocrx_word' id='word_1_120' title='bbox 280 1151 397 1184; x_wconf 82' lang='lat' dir='ltr'>facere</span> <span class='ocrx_word' id='word_1_121' title='bbox 419 1158 606 1196; x_wconf 74' lang='lat' dir='ltr'>cogantur,</span> <span class='ocrx_word' id='word_1_122' title='bbox 634 1159 673 1185; x_wconf 89' lang='lat' dir='ltr'>ut</span> <span class='ocrx_word' id='word_1_123' title='bbox 698 1159 733 1185; x_wconf 92' lang='lat' dir='ltr'>et</span> <span class='ocrx_word' id='word_1_124' title='bbox 759 1153 829 1197; x_wconf 88' lang='lat' dir='ltr'>ipsi</span> <span class='ocrx_word' id='word_1_125' title='bbox 860 1153 924 1185; x_wconf 90' lang='lat' dir='ltr'>hac</span> <span class='ocrx_word' id='word_1_126' title='bbox 946 1153 1101 1186; x_wconf 88' lang='lat' dir='ltr'>vanitate</span> <span class='ocrx_word' id='word_1_127' title='bbox 1126 1152 1356 1185; x_wconf 84' lang='lat' dir='ltr'>facultatibus</span> <span class='ocrx_word' id='word_1_128' title='bbox 1378 1152 1647 1194; x_wconf 80' lang='lat' dir='ltr'>exhauriantur,</span> <span class='ocrx_word' id='word_1_129' title='bbox 1671 1159 1704 1186; x_wconf 88' lang='lat' dir='ltr'>et</span> <span class='ocrx_word' id='word_1_130' title='bbox 1725 1154 1835 1186; x_wconf 85' lang='lat' dir='ltr'>ceteri</span> <span class='ocrx_word' id='word_1_131' title='bbox 1857 1154 1917 1198; x_wconf 91' lang='lat' dir='ltr'>qui</span> <span class='ocrx_word' id='word_1_132' title='bbox 1939 1154 2068 1187; x_wconf 86' lang='lat' dir='ltr'>nolunt</span> <span class='ocrx_word' id='word_1_133' title='bbox 2086 1154 2143 1187; x_wconf 78' lang='lat' dir='ltr'>vel</span> 
     </span>
     <span class='ocr_line' id='line_1_14' title="bbox 281 1219 2144 1266; baseline 0.002 -15"><span class='ocrx_word' id='word_1_134' title='bbox 281 1225 468 1263; x_wconf 89' lang='lat' dir='ltr'>nequeunt</span> <span class='ocrx_word' id='word_1_135' title='bbox 488 1219 700 1252; x_wconf 85' lang='lat' dir='ltr'>consimiles</span> <span class='ocrx_word' id='word_1_136' title='bbox 722 1231 901 1264; x_wconf 80' lang='lat' dir='ltr'>expensas</span> <span class='ocrx_word' id='word_1_137' title='bbox 922 1220 1051 1260; x_wconf 83' lang='lat' dir='ltr'>facere,</span> <span class='ocrx_word' id='word_1_138' title='bbox 1070 1219 1134 1252; x_wconf 85' lang='lat' dir='ltr'>hac</span> <span class='ocrx_word' id='word_1_139' title='bbox 1157 1220 1348 1252; x_wconf 83' lang='lat' dir='ltr'>occasione</span> <span class='ocrx_word' id='word_1_140' title='bbox 1370 1220 1580 1264; x_wconf 86' lang='lat' dir='ltr'>frequenter</span> <span class='ocrx_word' id='word_1_141' title='bbox 1600 1219 1643 1252; x_wconf 90' lang='lat' dir='ltr'>ab</span> <span class='ocrx_word' id='word_1_142' title='bbox 1664 1221 1913 1265; x_wconf 81' lang='lat' dir='ltr'>assumptione</span> <span class='ocrx_word' id='word_1_143' title='bbox 1935 1220 2144 1266; x_wconf 85' lang='lat' dir='ltr'>hujusmodi</span> 
     </span>
     <span class='ocr_line' id='line_1_15' title="bbox 279 1284 2143 1331; baseline 0.002 -14"><span class='ocrx_word' id='word_1_144' title='bbox 279 1284 431 1317; x_wconf 93' lang='lat' dir='ltr'>honoris</span> <span class='ocrx_word' id='word_1_145' title='bbox 452 1285 693 1318; x_wconf 83' lang='lat' dir='ltr'>retrahantur.</span> <span class='ocrx_word' id='word_1_146' title='bbox 724 1286 815 1319; x_wconf 88' lang='lat' dir='ltr'>Sane</span> <span class='ocrx_word' id='word_1_147' title='bbox 837 1286 922 1319; x_wconf 90' lang='lat' dir='ltr'>licet</span> <span class='ocrx_word' id='word_1_148' title='bbox 948 1298 991 1319; x_wconf 88' lang='lat' dir='ltr'>ex</span> <span class='ocrx_word' id='word_1_149' title='bbox 1011 1286 1125 1319; x_wconf 85' lang='lat' dir='ltr'>veteri</span> <span class='ocrx_word' id='word_1_150' title='bbox 1158 1293 1290 1319; x_wconf 90' lang='lat' dir='ltr'>statuto</span> <span class='ocrx_word' id='word_1_151' title='bbox 1320 1286 1471 1330; x_wconf 89' lang='lat' dir='ltr'>quedam</span> <span class='ocrx_word' id='word_1_152' title='bbox 1501 1286 1584 1319; x_wconf 92' lang='lat' dir='ltr'>huic</span> <span class='ocrx_word' id='word_1_153' title='bbox 1613 1286 1742 1319; x_wconf 89' lang='lat' dir='ltr'>abusui</span> <span class='ocrx_word' id='word_1_154' title='bbox 1773 1287 1935 1331; x_wconf 88' lang='lat' dir='ltr'>provisio</span> <span class='ocrx_word' id='word_1_155' title='bbox 1956 1288 2143 1321; x_wconf 86' lang='lat' dir='ltr'>videretur</span> 
     </span>
     <span class='ocr_line' id='line_1_16' title="bbox 279 1351 2142 1399; baseline 0.002 -15"><span class='ocrx_word' id='word_1_156' title='bbox 279 1351 450 1393; x_wconf 87' lang='lat' dir='ltr'>adhibita,</span> <span class='ocrx_word' id='word_1_157' title='bbox 470 1364 540 1397; x_wconf 92' lang='lat' dir='ltr'>quo</span> <span class='ocrx_word' id='word_1_158' title='bbox 563 1352 757 1386; x_wconf 85' lang='lat' dir='ltr'>cavebatur</span> <span class='ocrx_word' id='word_1_159' title='bbox 779 1360 815 1386; x_wconf 92' lang='lat' dir='ltr'>ut</span> <span class='ocrx_word' id='word_1_160' title='bbox 836 1353 1103 1386; x_wconf 88' lang='lat' dir='ltr'>bachalariandi</span> <span class='ocrx_word' id='word_1_161' title='bbox 1125 1360 1160 1386; x_wconf 90' lang='lat' dir='ltr'>et</span> <span class='ocrx_word' id='word_1_162' title='bbox 1179 1353 1389 1386; x_wconf 89' lang='lat' dir='ltr'>licentiandi</span> <span class='ocrx_word' id='word_1_163' title='bbox 1411 1359 1565 1397; x_wconf 71' lang='lat' dir='ltr'>(ptatuor</span> <span class='ocrx_word' id='word_1_164' title='bbox 1586 1366 1666 1386; x_wconf 87' lang='lat' dir='ltr'>eum</span> <span class='ocrx_word' id='word_1_165' title='bbox 1687 1354 1834 1386; x_wconf 86' lang='lat' dir='ltr'>dimidia</span> <span class='ocrx_word' id='word_1_166' title='bbox 1855 1353 1985 1387; x_wconf 84' lang='lat' dir='ltr'>bursas</span> <span class='ocrx_word' id='word_1_167' title='bbox 2007 1355 2142 1399; x_wconf 88' lang='lat' dir='ltr'>persol-</span> 
     </span>
     <span class='ocr_line' id='line_1_17' title="bbox 279 1420 2142 1465; baseline 0.002 -14"><span class='ocrx_word' id='word_1_168' title='bbox 279 1425 418 1459; x_wconf 89' lang='lat' dir='ltr'>verent,</span> <span class='ocrx_word' id='word_1_169' title='bbox 438 1431 633 1464; x_wconf 88' lang='lat' dir='ltr'>earumque</span> <span class='ocrx_word' id='word_1_170' title='bbox 655 1420 820 1465; x_wconf 87' lang='lat' dir='ltr'>singulas</span> <span class='ocrx_word' id='word_1_171' title='bbox 843 1432 906 1465; x_wconf 87' lang='lat' dir='ltr'>per</span> <span class='ocrx_word' id='word_1_172' title='bbox 927 1421 1112 1465; x_wconf 91' lang='lat' dir='ltr'>proprium</span> <span class='ocrx_word' id='word_1_173' title='bbox 1130 1421 1375 1465; x_wconf 88' lang='lat' dir='ltr'>juramentum</span> <span class='ocrx_word' id='word_1_174' title='bbox 1399 1420 1613 1452; x_wconf 86' lang='lat' dir='ltr'>extimarent</span> <span class='ocrx_word' id='word_1_175' title='bbox 1634 1427 1803 1464; x_wconf 87' lang='lat' dir='ltr'>quantum</span> <span class='ocrx_word' id='word_1_176' title='bbox 1828 1433 1896 1453; x_wconf 88' lang='lat' dir='ltr'>una</span> <span class='ocrx_word' id='word_1_177' title='bbox 1917 1421 2142 1454; x_wconf 89' lang='lat' dir='ltr'>hebdomada</span> 
     </span>
     <span class='ocr_line' id='line_1_18' title="bbox 279 1486 2142 1532; baseline 0.001 -14"><span class='ocrx_word' id='word_1_178' title='bbox 279 1486 528 1519; x_wconf 89' lang='lat' dir='ltr'>verisimiliter</span> <span class='ocrx_word' id='word_1_179' title='bbox 545 1493 670 1520; x_wconf 85' lang='lat' dir='ltr'>essent</span> <span class='ocrx_word' id='word_1_180' title='bbox 685 1487 903 1532; x_wconf 75' lang='lat' dir='ltr'>exposituri3</span> <span class='ocrx_word' id='word_1_181' title='bbox 923 1488 1005 1532; x_wconf 90' lang='lat' dir='ltr'>quia</span> <span class='ocrx_word' id='word_1_182' title='bbox 1027 1494 1143 1520; x_wconf 88' lang='lat' dir='ltr'>tamen</span> <span class='ocrx_word' id='word_1_183' title='bbox 1166 1487 1395 1532; x_wconf 88' lang='lat' dir='ltr'>percepimus</span> <span class='ocrx_word' id='word_1_184' title='bbox 1412 1487 1521 1520; x_wconf 90' lang='lat' dir='ltr'>variis</span> <span class='ocrx_word' id='word_1_185' title='bbox 1540 1487 1657 1519; x_wconf 87' lang='lat' dir='ltr'>modis</span> <span class='ocrx_word' id='word_1_186' title='bbox 1675 1487 1939 1532; x_wconf 85' lang='lat' dir='ltr'>exquisitisque</span> <span class='ocrx_word' id='word_1_187' title='bbox 1957 1488 2142 1521; x_wconf 91' lang='lat' dir='ltr'>coloribus</span> 
     </span>
     <span class='ocr_line' id='line_1_19' title="bbox 280 1552 2146 1600; baseline 0.002 -15"><span class='ocrx_word' id='word_1_188' title='bbox 280 1552 490 1597; x_wconf 89' lang='lat' dir='ltr'>hujusmodi</span> <span class='ocrx_word' id='word_1_189' title='bbox 510 1553 752 1587; x_wconf 88' lang='lat' dir='ltr'>lieentiandos</span> <span class='ocrx_word' id='word_1_190' title='bbox 773 1567 812 1587; x_wconf 88' lang='lat' dir='ltr'>ac</span> <span class='ocrx_word' id='word_1_191' title='bbox 834 1554 1132 1587; x_wconf 84' lang='lat' dir='ltr'>bachalariandos</span> <span class='ocrx_word' id='word_1_192' title='bbox 1155 1567 1171 1587; x_wconf 85' lang='lat' dir='ltr'>a</span> <span class='ocrx_word' id='word_1_193' title='bbox 1194 1554 1377 1599; x_wconf 86' lang='lat' dir='ltr'>magistris</span> <span class='ocrx_word' id='word_1_194' title='bbox 1400 1561 1435 1586; x_wconf 88' lang='lat' dir='ltr'>et</span> <span class='ocrx_word' id='word_1_195' title='bbox 1453 1553 1666 1586; x_wconf 90' lang='lat' dir='ltr'>doctoribus</span> <span class='ocrx_word' id='word_1_196' title='bbox 1687 1554 1801 1587; x_wconf 91' lang='lat' dir='ltr'>suisse</span> <span class='ocrx_word' id='word_1_197' title='bbox 1823 1555 2047 1599; x_wconf 89' lang='lat' dir='ltr'>compulsos,</span> <span class='ocrx_word' id='word_1_198' title='bbox 2070 1555 2146 1600; x_wconf 90' lang='lat' dir='ltr'>ple-</span> 
     </span>
     <span class='ocr_line' id='line_1_20' title="bbox 281 1620 2141 1666; baseline 0.002 -15"><span class='ocrx_word' id='word_1_199' title='bbox 281 1631 432 1664; x_wconf 92' lang='lat' dir='ltr'>rumque</span> <span class='ocrx_word' id='word_1_200' title='bbox 454 1620 558 1653; x_wconf 88' lang='lat' dir='ltr'>etiam</span> <span class='ocrx_word' id='word_1_201' title='bbox 581 1621 778 1666; x_wconf 87' lang='lat' dir='ltr'>dejerando</span> <span class='ocrx_word' id='word_1_202' title='bbox 805 1623 976 1666; x_wconf 83' lang='lat' dir='ltr'>prefatam</span> <span class='ocrx_word' id='word_1_203' title='bbox 1005 1622 1271 1654; x_wconf 85' lang='lat' dir='ltr'>extimationem</span> <span class='ocrx_word' id='word_1_204' title='bbox 1304 1621 1480 1653; x_wconf 82' lang='lat' dir='ltr'>excedere</span> <span class='ocrx_word' id='word_1_205' title='bbox 1504 1632 1510 1653; x_wconf 89' lang='lat'>:</span> <span class='ocrx_word' id='word_1_206' title='bbox 1535 1632 1601 1653; x_wconf 91' lang='lat' dir='ltr'>nos</span> <span class='ocrx_word' id='word_1_207' title='bbox 1622 1621 1788 1654; x_wconf 83' lang='lat' dir='ltr'>volentes</span> <span class='ocrx_word' id='word_1_208' title='bbox 1815 1622 1949 1654; x_wconf 91' lang='lat' dir='ltr'>certius</span> <span class='ocrx_word' id='word_1_209' title='bbox 1981 1634 2019 1654; x_wconf 87' lang='lat' dir='ltr'>ae</span> <span class='ocrx_word' id='word_1_210' title='bbox 2051 1622 2141 1655; x_wconf 89' lang='lat' dir='ltr'>salu-</span> 
     </span>
     <span class='ocr_line' id='line_1_21' title="bbox 279 1686 2142 1731; baseline 0.002 -12"><span class='ocrx_word' id='word_1_211' title='bbox 279 1686 381 1720; x_wconf 89' lang='lat' dir='ltr'>brius</span> <span class='ocrx_word' id='word_1_212' title='bbox 412 1688 617 1731; x_wconf 86' lang='lat' dir='ltr'>providere,</span> <span class='ocrx_word' id='word_1_213' title='bbox 650 1695 685 1721; x_wconf 89' lang='lat' dir='ltr'>et</span> <span class='ocrx_word' id='word_1_214' title='bbox 715 1688 964 1721; x_wconf 87' lang='lat' dir='ltr'>exactionibus</span> <span class='ocrx_word' id='word_1_215' title='bbox 999 1689 1247 1721; x_wconf 85' lang='lat' dir='ltr'>immoderatis</span> <span class='ocrx_word' id='word_1_216' title='bbox 1278 1700 1488 1729; x_wconf 84' lang='lat' dir='ltr'>occurrere,</span> <span class='ocrx_word' id='word_1_217' title='bbox 1520 1694 1658 1720; x_wconf 88' lang='lat' dir='ltr'>eertum</span> <span class='ocrx_word' id='word_1_218' title='bbox 1693 1687 1838 1720; x_wconf 90' lang='lat' dir='ltr'>modum</span> <span class='ocrx_word' id='word_1_219' title='bbox 1873 1689 2041 1721; x_wconf 88' lang='lat' dir='ltr'>duximus</span> <span class='ocrx_word' id='word_1_220' title='bbox 2076 1696 2142 1722; x_wconf 90' lang='lat' dir='ltr'>sta-</span> 
     </span>
     <span class='ocr_line' id='line_1_22' title="bbox 280 1754 2140 1800; baseline 0.001 -14"><span class='ocrx_word' id='word_1_221' title='bbox 280 1754 467 1796; x_wconf 88' lang='lat' dir='ltr'>tuendum,</span> <span class='ocrx_word' id='word_1_222' title='bbox 500 1767 634 1799; x_wconf 89' lang='lat' dir='ltr'>easque</span> <span class='ocrx_word' id='word_1_223' title='bbox 669 1755 799 1788; x_wconf 89' lang='lat' dir='ltr'>bursas</span> <span class='ocrx_word' id='word_1_224' title='bbox 829 1756 872 1788; x_wconf 90' lang='lat' dir='ltr'>ad</span> <span class='ocrx_word' id='word_1_225' title='bbox 903 1763 1035 1788; x_wconf 87' lang='lat' dir='ltr'>certam</span> <span class='ocrx_word' id='word_1_226' title='bbox 1064 1755 1331 1788; x_wconf 87' lang='lat' dir='ltr'>extimationem</span> <span class='ocrx_word' id='word_1_227' title='bbox 1363 1755 1532 1787; x_wconf 87' lang='lat' dir='ltr'>duximus</span> <span class='ocrx_word' id='word_1_228' title='bbox 1565 1754 1815 1799; x_wconf 85' lang='lat' dir='ltr'>pretaxandas.</span> <span class='ocrx_word' id='word_1_229' title='bbox 1850 1756 1961 1798; x_wconf 83' lang='lat' dir='ltr'>Quam</span> <span class='ocrx_word' id='word_1_230' title='bbox 1995 1756 2140 1800; x_wconf 90' lang='lat' dir='ltr'>quidem</span> 
     </span>
     <span class='ocr_line' id='line_1_23' title="bbox 280 1821 2142 1868; baseline 0.001 -15"><span class='ocrx_word' id='word_1_231' title='bbox 280 1821 548 1855; x_wconf 87' lang='lat' dir='ltr'>extimationem</span> <span class='ocrx_word' id='word_1_232' title='bbox 577 1835 649 1855; x_wconf 91' lang='lat' dir='ltr'>non</span> <span class='ocrx_word' id='word_1_233' title='bbox 681 1822 766 1856; x_wconf 89' lang='lat' dir='ltr'>licet</span> <span class='ocrx_word' id='word_1_234' title='bbox 797 1823 1029 1868; x_wconf 86' lang='lat' dir='ltr'>graduandos</span> <span class='ocrx_word' id='word_1_235' title='bbox 1062 1823 1244 1868; x_wconf 90' lang='lat' dir='ltr'>predictos</span> <span class='ocrx_word' id='word_1_236' title='bbox 1272 1822 1447 1855; x_wconf 83' lang='lat' dir='ltr'>excedere</span> <span class='ocrx_word' id='word_1_237' title='bbox 1476 1821 1519 1854; x_wconf 86' lang='lat' dir='ltr'>ad</span> <span class='ocrx_word' id='word_1_238' title='bbox 1552 1822 1665 1854; x_wconf 88' lang='lat' dir='ltr'>instar</span> <span class='ocrx_word' id='word_1_239' title='bbox 1686 1822 1883 1866; x_wconf 86' lang='lat' dir='ltr'>juramenti</span> <span class='ocrx_word' id='word_1_240' title='bbox 1909 1823 1944 1854; x_wconf 92' lang='lat' dir='ltr'>in</span> <span class='ocrx_word' id='word_1_241' title='bbox 1971 1823 2082 1864; x_wconf 91' lang='lat' dir='ltr'>litem,</span> <span class='ocrx_word' id='word_1_242' title='bbox 2106 1823 2142 1855; x_wconf 92' lang='lat' dir='ltr'>in</span> 
     </span>
     <span class='ocr_line' id='line_1_24' title="bbox 279 1888 2140 1935; baseline 0.001 -15"><span class='ocrx_word' id='word_1_243' title='bbox 279 1900 363 1933; x_wconf 91' lang='lat' dir='ltr'>quo,</span> <span class='ocrx_word' id='word_1_244' title='bbox 386 1888 471 1921; x_wconf 88' lang='lat' dir='ltr'>licet</span> <span class='ocrx_word' id='word_1_245' title='bbox 495 1889 675 1922; x_wconf 85' lang='lat' dir='ltr'>interesse</span> <span class='ocrx_word' id='word_1_246' title='bbox 700 1891 907 1934; x_wconf 85' lang='lat' dir='ltr'>juramento</span> <span class='ocrx_word' id='word_1_247' title='bbox 936 1890 1153 1931; x_wconf 72' lang='lat' dir='ltr'>declaretur,</span> <span class='ocrx_word' id='word_1_248' title='bbox 1178 1890 1338 1935; x_wconf 88' lang='lat' dir='ltr'>judicem</span> <span class='ocrx_word' id='word_1_249' title='bbox 1370 1896 1487 1922; x_wconf 91' lang='lat' dir='ltr'>tamen</span> <span class='ocrx_word' id='word_1_250' title='bbox 1520 1895 1705 1933; x_wconf 85' lang='lat' dir='ltr'>pretaxare</span> <span class='ocrx_word' id='word_1_251' title='bbox 1732 1895 1885 1933; x_wconf 90' lang='lat' dir='ltr'>oportet,</span> <span class='ocrx_word' id='word_1_252' title='bbox 1911 1896 2082 1933; x_wconf 90' lang='lat' dir='ltr'>quantum</span> <span class='ocrx_word' id='word_1_253' title='bbox 2104 1890 2140 1922; x_wconf 90' lang='lat' dir='ltr'>in</span> 
     </span>
     <span class='ocr_line' id='line_1_25' title="bbox 279 1955 2141 2002; baseline 0.001 -15"><span class='ocrx_word' id='word_1_254' title='bbox 279 1967 385 1988; x_wconf 89' lang='lat' dir='ltr'>causa</span> <span class='ocrx_word' id='word_1_255' title='bbox 406 1957 551 2000; x_wconf 88' lang='lat' dir='ltr'>juretur</span> <span class='ocrx_word' id='word_1_256' title='bbox 571 1958 672 2001; x_wconf 89' lang='lat' dir='ltr'>juxta</span> <span class='ocrx_word' id='word_1_257' title='bbox 698 1957 879 2002; x_wconf 89' lang='lat' dir='ltr'>legitimas</span> <span class='ocrx_word' id='word_1_258' title='bbox 907 1958 1127 1990; x_wconf 85' lang='lat' dir='ltr'>sanctiones.</span> <span class='ocrx_word' id='word_1_259' title='bbox 1156 1957 1352 1990; x_wconf 88' lang='lat' dir='ltr'>Statuimus</span> <span class='ocrx_word' id='word_1_260' title='bbox 1374 1957 1493 2000; x_wconf 89' lang='lat' dir='ltr'>itaque</span> <span class='ocrx_word' id='word_1_261' title='bbox 1515 1956 1608 1988; x_wconf 84' lang='lat' dir='ltr'>circa</span> <span class='ocrx_word' id='word_1_262' title='bbox 1629 1955 1869 1988; x_wconf 89' lang='lat' dir='ltr'>licentiandes</span> <span class='ocrx_word' id='word_1_263' title='bbox 1891 1957 2045 2000; x_wconf 88' lang='lat' dir='ltr'>majores</span> <span class='ocrx_word' id='word_1_264' title='bbox 2066 1958 2141 1989; x_wconf 77' lang='lat' dir='ltr'>ac³&#39;⁴</span> 
     </span>
     <span class='ocr_line' id='line_1_26' title="bbox 280 2021 2143 2068; baseline 0.001 -14"><span class='ocrx_word' id='word_1_265' title='bbox 280 2021 515 2056; x_wconf 89' lang='lat' dir='ltr'>sublimiores</span> <span class='ocrx_word' id='word_1_266' title='bbox 546 2035 722 2068; x_wconf 90' lang='lat' dir='ltr'>personas</span> <span class='ocrx_word' id='word_1_267' title='bbox 751 2036 979 2068; x_wconf 89' lang='lat' dir='ltr'>quacumque</span> <span class='ocrx_word' id='word_1_268' title='bbox 1009 2023 1198 2057; x_wconf 88' lang='lat' dir='ltr'>nobilitate</span> <span class='ocrx_word' id='word_1_269' title='bbox 1229 2030 1263 2056; x_wconf 90' lang='lat' dir='ltr'>et</span> <span class='ocrx_word' id='word_1_270' title='bbox 1289 2023 1464 2068; x_wconf 87' lang='lat' dir='ltr'>dignitate</span> <span class='ocrx_word' id='word_1_271' title='bbox 1497 2022 1739 2067; x_wconf 79' lang='lat' dir='ltr'>prefulgeant,</span> <span class='ocrx_word' id='word_1_272' title='bbox 1769 2022 1873 2055; x_wconf 90' lang='lat' dir='ltr'>etiam</span> <span class='ocrx_word' id='word_1_273' title='bbox 1902 2022 1932 2054; x_wconf 90' lang='lat' dir='ltr'>si</span> <span class='ocrx_word' id='word_1_274' title='bbox 1960 2023 2087 2067; x_wconf 90' lang='lat' dir='ltr'>prelati</span> <span class='ocrx_word' id='word_1_275' title='bbox 2109 2030 2143 2056; x_wconf 90' lang='lat' dir='ltr'>et</span> 
     </span>
     <span class='ocr_line' id='line_1_27' title="bbox 280 2089 2141 2135; baseline 0.001 -14"><span class='ocrx_word' id='word_1_276' title='bbox 280 2089 484 2134; x_wconf 87' lang='lat' dir='ltr'>principum</span> <span class='ocrx_word' id='word_1_277' title='bbox 506 2090 571 2122; x_wconf 88' lang='lat' dir='ltr'>filii</span> <span class='ocrx_word' id='word_1_278' title='bbox 593 2091 759 2131; x_wconf 73' lang='lat' dir='ltr'>existant,</span> <span class='ocrx_word' id='word_1_279' title='bbox 779 2103 851 2123; x_wconf 92' lang='grc'>11011</span> <span class='ocrx_word' id='word_1_280' title='bbox 873 2091 983 2123; x_wconf 90' lang='lat' dir='ltr'>licere</span> <span class='ocrx_word' id='word_1_281' title='bbox 1006 2091 1059 2123; x_wconf 91' lang='lat' dir='ltr'>eis</span> <span class='ocrx_word' id='word_1_282' title='bbox 1081 2098 1234 2135; x_wconf 90' lang='lat' dir='ltr'>quatuor</span> <span class='ocrx_word' id='word_1_283' title='bbox 1255 2090 1385 2122; x_wconf 85' lang='lat' dir='ltr'>bursas</span> <span class='ocrx_word' id='word_1_284' title='bbox 1407 2101 1486 2122; x_wconf 90' lang='lat' dir='ltr'>cum</span> <span class='ocrx_word' id='word_1_285' title='bbox 1509 2089 1656 2121; x_wconf 88' lang='lat' dir='ltr'>dimidia</span> <span class='ocrx_word' id='word_1_286' title='bbox 1679 2096 1747 2121; x_wconf 86' lang='lat' dir='ltr'>tam</span> <span class='ocrx_word' id='word_1_287' title='bbox 1769 2101 1833 2133; x_wconf 91' lang='lat' dir='ltr'>pro</span> <span class='ocrx_word' id='word_1_288' title='bbox 1855 2089 2035 2129; x_wconf 81' lang='lat' dir='ltr'>facultate,</span> <span class='ocrx_word' id='word_1_289' title='bbox 2058 2090 2141 2122; x_wconf 90' lang='lat' dir='ltr'>doc-</span> 
     </span>
     <span class='ocr_line' id='line_1_28' title="bbox 280 2155 2142 2203; baseline 0 -15"><span class='ocrx_word' id='word_1_290' title='bbox 280 2155 433 2198; x_wconf 83' lang='lat' dir='ltr'>toribus,</span> <span class='ocrx_word' id='word_1_291' title='bbox 452 2169 556 2201; x_wconf 91' lang='lat' dir='ltr'>quam</span> <span class='ocrx_word' id='word_1_292' title='bbox 579 2157 749 2199; x_wconf 88' lang='lat' dir='ltr'>bedellis,</span> <span class='ocrx_word' id='word_1_293' title='bbox 768 2170 857 2203; x_wconf 91' lang='lat' dir='ltr'>quas</span> <span class='ocrx_word' id='word_1_294' title='bbox 879 2170 922 2191; x_wconf 91' lang='lat' dir='ltr'>ex</span> <span class='ocrx_word' id='word_1_295' title='bbox 943 2165 1074 2191; x_wconf 89' lang='lat' dir='ltr'>statuto</span> <span class='ocrx_word' id='word_1_296' title='bbox 1097 2165 1258 2203; x_wconf 87' lang='lat' dir='ltr'>prestare</span> <span class='ocrx_word' id='word_1_297' title='bbox 1281 2163 1463 2197; x_wconf 91' lang='lat' dir='ltr'>tenentur,</span> <span class='ocrx_word' id='word_1_298' title='bbox 1482 2156 1574 2189; x_wconf 90' lang='lat' dir='ltr'>ultra</span> <span class='ocrx_word' id='word_1_299' title='bbox 1596 2156 1787 2188; x_wconf 86' lang='lat' dir='ltr'>duodecim</span> <span class='ocrx_word' id='word_1_300' title='bbox 1810 2163 1992 2189; x_wconf 90' lang='lat' dir='ltr'>scutorum</span> <span class='ocrx_word' id='word_1_301' title='bbox 2016 2169 2142 2189; x_wconf 89' lang='lat' dir='ltr'>nume-</span> 
     </span>
     <span class='ocr_line' id='line_1_29' title="bbox 280 2222 2138 2270; baseline 0.001 -15"><span class='ocrx_word' id='word_1_302' title='bbox 280 2235 358 2255; x_wconf 92' lang='lat' dir='ltr'>rum</span> <span class='ocrx_word' id='word_1_303' title='bbox 380 2224 571 2266; x_wconf 86' lang='lat' dir='ltr'>extimare;</span> <span class='ocrx_word' id='word_1_304' title='bbox 600 2225 647 2257; x_wconf 90' lang='lat' dir='ltr'>ita</span> <span class='ocrx_word' id='word_1_305' title='bbox 675 2225 771 2270; x_wconf 90' lang='lat' dir='ltr'>quod</span> <span class='ocrx_word' id='word_1_306' title='bbox 801 2237 866 2258; x_wconf 89' lang='lat' dir='ltr'>nec</span> <span class='ocrx_word' id='word_1_307' title='bbox 896 2225 1139 2258; x_wconf 89' lang='lat' dir='ltr'>lieentiandus</span> <span class='ocrx_word' id='word_1_308' title='bbox 1167 2225 1259 2257; x_wconf 86' lang='lat' dir='ltr'>ultra</span> <span class='ocrx_word' id='word_1_309' title='bbox 1287 2224 1382 2257; x_wconf 90' lang='lat' dir='ltr'>illam</span> <span class='ocrx_word' id='word_1_310' title='bbox 1406 2235 1593 2264; x_wconf 88' lang='lat' dir='ltr'>summam,</span> <span class='ocrx_word' id='word_1_311' title='bbox 1619 2235 1740 2255; x_wconf 89' lang='lat' dir='ltr'>earum</span> <span class='ocrx_word' id='word_1_312' title='bbox 1762 2222 1951 2255; x_wconf 88' lang='lat' dir='ltr'>bursarum</span> <span class='ocrx_word' id='word_1_313' title='bbox 1975 2230 2138 2268; x_wconf 88' lang='lat' dir='ltr'>pretextu</span> 
     </span>
     <span class='ocr_line' id='line_1_30' title="bbox 279 2289 2138 2335; baseline 0.001 -13"><span class='ocrx_word' id='word_1_314' title='bbox 279 2289 336 2323; x_wconf 89' lang='lat' dir='ltr'>vel</span> <span class='ocrx_word' id='word_1_315' title='bbox 357 2290 427 2322; x_wconf 89' lang='lat' dir='ltr'>loci</span> <span class='ocrx_word' id='word_1_316' title='bbox 448 2291 723 2335; x_wconf 88' lang='lat' dir='ltr'>preeminentia,</span> <span class='ocrx_word' id='word_1_317' title='bbox 742 2292 1005 2325; x_wconf 87' lang='lat' dir='ltr'>acceleratione</span> <span class='ocrx_word' id='word_1_318' title='bbox 1024 2292 1210 2333; x_wconf 86' lang='lat' dir='ltr'>examinis,</span> <span class='ocrx_word' id='word_1_319' title='bbox 1229 2291 1286 2325; x_wconf 89' lang='lat' dir='ltr'>vel</span> <span class='ocrx_word' id='word_1_320' title='bbox 1303 2291 1370 2324; x_wconf 89' lang='lat' dir='ltr'>alia</span> <span class='ocrx_word' id='word_1_321' title='bbox 1387 2302 1612 2335; x_wconf 88' lang='lat' dir='ltr'>quacumque</span> <span class='ocrx_word' id='word_1_322' title='bbox 1630 2289 1821 2322; x_wconf 80' lang='lat' dir='ltr'>occasione</span> <span class='ocrx_word' id='word_1_323' title='bbox 1846 2289 1988 2323; x_wconf 88' lang='lat' dir='ltr'>solvere</span> <span class='ocrx_word' id='word_1_324' title='bbox 2010 2290 2138 2335; x_wconf 88' lang='lat' dir='ltr'>possit,</span> 
     </span>
     <span class='ocr_line' id='line_1_31' title="bbox 280 2356 2140 2404; baseline 0 -15"><span class='ocrx_word' id='word_1_325' title='bbox 280 2368 345 2389; x_wconf 90' lang='lat' dir='ltr'>nee</span> <span class='ocrx_word' id='word_1_326' title='bbox 367 2357 536 2391; x_wconf 89' lang='lat' dir='ltr'>doctores</span> <span class='ocrx_word' id='word_1_327' title='bbox 558 2358 634 2392; x_wconf 87' lang='lat' dir='ltr'>sive</span> <span class='ocrx_word' id='word_1_328' title='bbox 656 2359 820 2404; x_wconf 84' lang='lat' dir='ltr'>magistri</span> <span class='ocrx_word' id='word_1_329' title='bbox 841 2359 977 2404; x_wconf 89' lang='lat' dir='ltr'>aliquid</span> <span class='ocrx_word' id='word_1_330' title='bbox 1000 2359 1091 2392; x_wconf 89' lang='lat' dir='ltr'>ultra</span> <span class='ocrx_word' id='word_1_331' title='bbox 1113 2358 1156 2391; x_wconf 85' lang='lat' dir='ltr'>ab</span> <span class='ocrx_word' id='word_1_332' title='bbox 1178 2359 1250 2391; x_wconf 91' lang='lat' dir='ltr'>illis</span> <span class='ocrx_word' id='word_1_333' title='bbox 1268 2359 1427 2403; x_wconf 82' lang='lat' dir='ltr'>exigere,</span> <span class='ocrx_word' id='word_1_334' title='bbox 1447 2364 1570 2402; x_wconf 89' lang='lat' dir='ltr'>petere</span> <span class='ocrx_word' id='word_1_335' title='bbox 1592 2368 1657 2389; x_wconf 91' lang='lat' dir='ltr'>nec</span> <span class='ocrx_word' id='word_1_336' title='bbox 1679 2369 1696 2388; x_wconf 91' lang='lat' dir='ltr'>a</span> <span class='ocrx_word' id='word_1_337' title='bbox 1717 2363 1845 2401; x_wconf 88' lang='lat' dir='ltr'>sponte</span> <span class='ocrx_word' id='word_1_338' title='bbox 1863 2356 2032 2389; x_wconf 91' lang='lat' dir='ltr'>dantibus</span> <span class='ocrx_word' id='word_1_339' title='bbox 2054 2357 2140 2390; x_wconf 85' lang='lat' dir='ltr'>reci-</span> 
     </span>
     <span class='ocr_line' id='line_1_32' title="bbox 280 2423 2139 2470; baseline -0.001 -14"><span class='ocrx_word' id='word_1_340' title='bbox 280 2436 366 2468; x_wconf 88' lang='lat' dir='ltr'>pere</span> <span class='ocrx_word' id='word_1_341' title='bbox 398 2425 553 2469; x_wconf 88' lang='lat' dir='ltr'>possint.</span> <span class='ocrx_word' id='word_1_342' title='bbox 585 2426 689 2459; x_wconf 89' lang='lat' dir='ltr'>Circa</span> <span class='ocrx_word' id='word_1_343' title='bbox 721 2426 1020 2459; x_wconf 87' lang='lat' dir='ltr'>bachalariandos</span> <span class='ocrx_word' id='word_1_344' title='bbox 1052 2426 1220 2460; x_wconf 85' lang='lat' dir='ltr'>similiter</span> <span class='ocrx_word' id='word_1_345' title='bbox 1248 2426 1403 2470; x_wconf 84' lang='lat' dir='ltr'>majores</span> <span class='ocrx_word' id='word_1_346' title='bbox 1436 2431 1470 2456; x_wconf 88' lang='lat' dir='ltr'>et</span> <span class='ocrx_word' id='word_1_347' title='bbox 1499 2435 1725 2468; x_wconf 86' lang='lat' dir='ltr'>quacumque</span> <span class='ocrx_word' id='word_1_348' title='bbox 1758 2423 1920 2467; x_wconf 87' lang='lat' dir='ltr'>preditos</span> <span class='ocrx_word' id='word_1_349' title='bbox 1950 2423 2139 2468; x_wconf 81' lang='lat' dir='ltr'>dignitate,</span> 
     </span>
     <span class='ocr_line' id='line_1_33' title="bbox 281 2489 2140 2538; baseline 0.001 -16"><span class='ocrx_word' id='word_1_350' title='bbox 281 2491 451 2524; x_wconf 90' lang='lat' dir='ltr'>nolumus</span> <span class='ocrx_word' id='word_1_351' title='bbox 473 2492 565 2525; x_wconf 91' lang='lat' dir='ltr'>ultra</span> <span class='ocrx_word' id='word_1_352' title='bbox 586 2500 724 2538; x_wconf 89' lang='lat' dir='ltr'>septem</span> <span class='ocrx_word' id='word_1_353' title='bbox 747 2500 932 2526; x_wconf 88' lang='lat' dir='ltr'>scutorum</span> <span class='ocrx_word' id='word_1_354' title='bbox 955 2494 1012 2527; x_wconf 85' lang='lat' dir='ltr'>vel</span> <span class='ocrx_word' id='word_1_355' title='bbox 1033 2505 1224 2526; x_wconf 84' lang='lat' dir='ltr'>aureorum</span> <span class='ocrx_word' id='word_1_356' title='bbox 1247 2504 1436 2525; x_wconf 88' lang='lat' dir='ltr'>numerum</span> <span class='ocrx_word' id='word_1_357' title='bbox 1459 2503 1524 2523; x_wconf 91' lang='grc'>1100</span> <span class='ocrx_word' id='word_1_358' title='bbox 1546 2503 1564 2522; x_wconf 90' lang='lat' dir='ltr'>a</span> <span class='ocrx_word' id='word_1_359' title='bbox 1585 2489 1861 2522; x_wconf 88' lang='lat' dir='ltr'>bachalariando</span> <span class='ocrx_word' id='word_1_360' title='bbox 1882 2490 2054 2535; x_wconf 86' lang='lat' dir='ltr'>persolvi,</span> <span class='ocrx_word' id='word_1_361' title='bbox 2074 2503 2140 2523; x_wconf 88' lang='lat' dir='ltr'>nec</span> 
     </span>
     <span class='ocr_line' id='line_1_34' title="bbox 279 2556 2139 2605; baseline 0 -15"><span class='ocrx_word' id='word_1_362' title='bbox 279 2570 297 2590; x_wconf 92' lang='lat' dir='ltr'>a</span> <span class='ocrx_word' id='word_1_363' title='bbox 314 2558 526 2592; x_wconf 86' lang='lat' dir='ltr'>doctoribus</span> <span class='ocrx_word' id='word_1_364' title='bbox 543 2559 600 2592; x_wconf 93' lang='lat' dir='ltr'>vel</span> <span class='ocrx_word' id='word_1_365' title='bbox 618 2560 803 2605; x_wconf 83' lang='lat' dir='ltr'>magistris</span> <span class='ocrx_word' id='word_1_366' title='bbox 820 2560 1026 2601; x_wconf 88' lang='lat' dir='ltr'>bursarum,</span> <span class='ocrx_word' id='word_1_367' title='bbox 1045 2559 1322 2605; x_wconf 87' lang='lat' dir='ltr'>preeminentie,</span> <span class='ocrx_word' id='word_1_368' title='bbox 1341 2557 1627 2598; x_wconf 81' lang='lat' dir='ltr'>accelerationis,</span> <span class='ocrx_word' id='word_1_369' title='bbox 1642 2556 1698 2590; x_wconf 89' lang='lat' dir='ltr'>vel</span> <span class='ocrx_word' id='word_1_370' title='bbox 1716 2556 1863 2589; x_wconf 87' lang='lat' dir='ltr'>alterius</span> <span class='ocrx_word' id='word_1_371' title='bbox 1881 2557 1933 2589; x_wconf 91' lang='lat' dir='ltr'>rei</span> <span class='ocrx_word' id='word_1_372' title='bbox 1950 2558 2139 2590; x_wconf 87' lang='lat' dir='ltr'>occasione</span> 
     </span>
     <span class='ocr_line' id='line_1_35' title="bbox 280 2623 2137 2672; baseline 0 -15"><span class='ocrx_word' id='word_1_373' title='bbox 280 2625 376 2670; x_wconf 85' lang='lat' dir='ltr'>exigi</span> <span class='ocrx_word' id='word_1_374' title='bbox 397 2625 455 2659; x_wconf 88' lang='lat' dir='ltr'>vel</span> <span class='ocrx_word' id='word_1_375' title='bbox 477 2627 602 2671; x_wconf 86' lang='lat' dir='ltr'>recipi.</span> <span class='ocrx_word' id='word_1_376' title='bbox 626 2628 737 2670; x_wconf 87' lang='lat' dir='ltr'>Quam</span> <span class='ocrx_word' id='word_1_377' title='bbox 761 2640 935 2660; x_wconf 89' lang='lat' dir='ltr'>summam</span> <span class='ocrx_word' id='word_1_378' title='bbox 954 2634 1120 2672; x_wconf 87' lang='lat' dir='ltr'>tanquam</span> <span class='ocrx_word' id='word_1_379' title='bbox 1144 2628 1314 2671; x_wconf 86' lang='lat' dir='ltr'>majorem</span> <span class='ocrx_word' id='word_1_380' title='bbox 1337 2624 1537 2669; x_wconf 83' lang='lat' dir='ltr'>majoribus</span> <span class='ocrx_word' id='word_1_381' title='bbox 1558 2624 1662 2656; x_wconf 88' lang='lat' dir='ltr'>etiam</span> <span class='ocrx_word' id='word_1_382' title='bbox 1685 2624 1853 2668; x_wconf 88' lang='lat' dir='ltr'>personis</span> <span class='ocrx_word' id='word_1_383' title='bbox 1875 2623 2137 2668; x_wconf 82' lang='lat' dir='ltr'>prefinimus³⁵,</span> 
     </span>
     <span class='ocr_line' id='line_1_36' title="bbox 280 2690 2140 2739; baseline -0.001 -15"><span class='ocrx_word' id='word_1_384' title='bbox 280 2704 430 2737; x_wconf 87' lang='lat' dir='ltr'>eamque</span> <span class='ocrx_word' id='word_1_385' title='bbox 451 2693 549 2726; x_wconf 93' lang='lat' dir='ltr'>nulla</span> <span class='ocrx_word' id='word_1_386' title='bbox 571 2694 709 2727; x_wconf 87' lang='lat' dir='ltr'>ratione</span> <span class='ocrx_word' id='word_1_387' title='bbox 726 2695 783 2727; x_wconf 94' lang='lat' dir='ltr'>vel</span> <span class='ocrx_word' id='word_1_388' title='bbox 805 2707 910 2727; x_wconf 88' lang='lat' dir='ltr'>causa</span> <span class='ocrx_word' id='word_1_389' title='bbox 932 2695 1057 2727; x_wconf 87' lang='lat' dir='ltr'>excedi</span> <span class='ocrx_word' id='word_1_390' title='bbox 1079 2694 1340 2739; x_wconf 73' lang='lat' dir='ltr'>permittimus3</span> <span class='ocrx_word' id='word_1_391' title='bbox 1364 2692 1431 2724; x_wconf 90' lang='lat' dir='ltr'>hoe</span> <span class='ocrx_word' id='word_1_392' title='bbox 1453 2691 1531 2724; x_wconf 90' lang='lat' dir='ltr'>solo</span> <span class='ocrx_word' id='word_1_393' title='bbox 1554 2697 1702 2735; x_wconf 90' lang='lat' dir='ltr'>excepto</span> <span class='ocrx_word' id='word_1_394' title='bbox 1725 2690 1821 2735; x_wconf 89' lang='lat' dir='ltr'>quod</span> <span class='ocrx_word' id='word_1_395' title='bbox 1843 2691 1935 2723; x_wconf 91' lang='lat' dir='ltr'>eirea</span> <span class='ocrx_word' id='word_1_396' title='bbox 1956 2690 2140 2724; x_wconf 88' lang='lat' dir='ltr'>lieentian-</span> 
     </span>
     <span class='ocr_line' id='line_1_37' title="bbox 280 2757 2140 2805; baseline 0 -14"><span class='ocrx_word' id='word_1_397' title='bbox 280 2759 346 2791; x_wconf 89' lang='lat' dir='ltr'>dos</span> <span class='ocrx_word' id='word_1_398' title='bbox 370 2759 579 2801; x_wconf 88' lang='lat' dir='ltr'>toleramus,</span> <span class='ocrx_word' id='word_1_399' title='bbox 601 2768 638 2793; x_wconf 90' lang='lat' dir='ltr'>ut</span> <span class='ocrx_word' id='word_1_400' title='bbox 658 2773 721 2805; x_wconf 90' lang='lat' dir='ltr'>pro</span> <span class='ocrx_word' id='word_1_401' title='bbox 739 2761 931 2794; x_wconf 91' lang='lat' dir='ltr'>collatione</span> <span class='ocrx_word' id='word_1_402' title='bbox 950 2761 1136 2801; x_wconf 84' lang='lat' dir='ltr'>examinis,</span> <span class='ocrx_word' id='word_1_403' title='bbox 1156 2760 1323 2793; x_wconf 89' lang='lat' dir='ltr'>similiter</span> <span class='ocrx_word' id='word_1_404' title='bbox 1340 2770 1404 2803; x_wconf 90' lang='lat' dir='ltr'>pro</span> <span class='ocrx_word' id='word_1_405' title='bbox 1427 2765 1512 2803; x_wconf 87' lang='lat' dir='ltr'>potu</span> <span class='ocrx_word' id='word_1_406' title='bbox 1535 2764 1569 2790; x_wconf 91' lang='lat' dir='ltr'>et</span> <span class='ocrx_word' id='word_1_407' title='bbox 1590 2757 1879 2790; x_wconf 90' lang='lat' dir='ltr'>consectionibus</span> <span class='ocrx_word' id='word_1_408' title='bbox 1897 2769 1991 2790; x_wconf 90' lang='lat' dir='ltr'>unus</span> <span class='ocrx_word' id='word_1_409' title='bbox 2008 2770 2140 2791; x_wconf 90' lang='lat' dir='ltr'>aureus</span> 
     </span>
     <span class='ocr_line' id='line_1_38' title="bbox 280 2824 2139 2872; baseline 0 -14"><span class='ocrx_word' id='word_1_410' title='bbox 280 2832 414 2858; x_wconf 86' lang='lat' dir='ltr'>tantum</span> <span class='ocrx_word' id='word_1_411' title='bbox 433 2827 610 2871; x_wconf 86' lang='lat' dir='ltr'>exigatur,</span> <span class='ocrx_word' id='word_1_412' title='bbox 629 2828 891 2861; x_wconf 89' lang='lat' dir='ltr'>interdicentes</span> <span class='ocrx_word' id='word_1_413' title='bbox 908 2828 1054 2872; x_wconf 89' lang='lat' dir='ltr'>aliquod</span> <span class='ocrx_word' id='word_1_414' title='bbox 1076 2827 1230 2872; x_wconf 87' lang='lat' dir='ltr'>amplius</span> <span class='ocrx_word' id='word_1_415' title='bbox 1253 2839 1292 2859; x_wconf 88' lang='lat' dir='ltr'>ca</span> <span class='ocrx_word' id='word_1_416' title='bbox 1314 2825 1504 2858; x_wconf 86' lang='lat' dir='ltr'>occasione</span> <span class='ocrx_word' id='word_1_417' title='bbox 1526 2824 1651 2869; x_wconf 87' lang='lat' dir='ltr'>recipi,</span> <span class='ocrx_word' id='word_1_418' title='bbox 1674 2824 1784 2868; x_wconf 85' lang='lat' dir='ltr'>exigi,</span> <span class='ocrx_word' id='word_1_419' title='bbox 1805 2824 1862 2857; x_wconf 92' lang='lat' dir='ltr'>vel</span> <span class='ocrx_word' id='word_1_420' title='bbox 1883 2825 1987 2857; x_wconf 88' lang='lat' dir='ltr'>etiam</span> <span class='ocrx_word' id='word_1_421' title='bbox 2010 2831 2139 2870; x_wconf 89' lang='lat' dir='ltr'>sponte</span> 
     </span>
    </p>
   </div>
   <div class='ocr_carea' id='block_1_3' title="bbox 281 2891 2139 2977">
    <p class='ocr_par' dir='ltr' id='par_1_5' title="bbox 281 2891 2139 2977">
     <span class='ocr_line' id='line_1_39' title="bbox 281 2891 2139 2938; baseline -0.001 -13"><span class='ocrx_word' id='word_1_422' title='bbox 281 2893 490 2937; x_wconf 79' lang='lat' dir='ltr'>persolvi³⁶.</span> <span class='ocrx_word' id='word_1_423' title='bbox 513 2895 592 2926; x_wconf 79' lang='lat' dir='ltr'>Non</span> <span class='ocrx_word' id='word_1_424' title='bbox 610 2901 727 2927; x_wconf 90' lang='lat' dir='ltr'>tamen</span> <span class='ocrx_word' id='word_1_425' title='bbox 745 2895 949 2927; x_wconf 86' lang='lat' dir='ltr'>mediocres</span> <span class='ocrx_word' id='word_1_426' title='bbox 967 2901 999 2927; x_wconf 90' lang='lat' dir='ltr'>et</span> <span class='ocrx_word' id='word_1_427' title='bbox 1021 2895 1214 2927; x_wconf 85' lang='lat' dir='ltr'>inferiores</span> <span class='ocrx_word' id='word_1_428' title='bbox 1231 2900 1291 2926; x_wconf 87' lang='lat' dir='ltr'>aut</span> <span class='ocrx_word' id='word_1_429' title='bbox 1311 2892 1547 2938; x_wconf 87' lang='lat' dir='ltr'>pauperiores</span> <span class='ocrx_word' id='word_1_430' title='bbox 1564 2902 1740 2936; x_wconf 90' lang='lat' dir='ltr'>personas</span> <span class='ocrx_word' id='word_1_431' title='bbox 1757 2891 1799 2923; x_wconf 90' lang='lat' dir='ltr'>ad</span> <span class='ocrx_word' id='word_1_432' title='bbox 1818 2898 1946 2924; x_wconf 82' lang='lat' dir='ltr'>tantam</span> <span class='ocrx_word' id='word_1_433' title='bbox 1965 2904 2139 2924; x_wconf 89' lang='lat' dir='ltr'>summam</span> 
     </span>
     <span class='ocr_line' id='line_1_40' title="bbox 403 2950 2015 2977; baseline -0.002 -1"><span class='ocrx_word' id='word_1_434' title='bbox 403 2954 467 2971; x_wconf 52' lang='lat' dir='ltr'>*W*</span> <span class='ocrx_word' id='word_1_435' title='bbox 486 2953 582 2976; x_wconf 59' lang='lat' dir='ltr'>Chai-t.</span> <span class='ocrx_word' id='word_1_436' title='bbox 605 2952 683 2976; x_wconf 76' lang='lat' dir='ltr'>Univ.</span> <span class='ocrx_word' id='word_1_437' title='bbox 702 2953 796 2977; x_wconf 78' lang='lat' dir='ltr'>Paris.</span> <span class='ocrx_word' id='word_1_438' title='bbox 816 2953 859 2975; x_wconf 86' lang='lat' dir='ltr'>lv.</span> <span class='ocrx_word' id='word_1_439' title='bbox 1988 2950 2015 2972; x_wconf 81' lang='lat'>91</span> 
     </span>
    </p>
   </div>
  </div>
 </body>
</html>
