2502 3418
1157 317 1376 339 Ai‘rEanx.
2132 315 2193 347 741

334 388 455 417 extains,
469 389 558 415 abolis
572 390 601 415 et
613 388 743 417 adnules,
758 389 842 415 sinon
857 397 894 416 en
908 391 973 415 tant
986 397 1043 423 que
1057 390 1128 416 ledit
1140 398 1191 423 roy
1206 393 1308 424 regent
1322 399 1338 417 a
1353 391 1495 418 confirme
1509 401 1540 419 ce
1552 394 1604 426 qui
1618 394 1662 419 sut
1678 395 1728 420 sait
1742 403 1794 428 par
1805 396 1874 422 ledit
1889 404 1939 429 roy
1954 398 2046 430 Louys
2061 398 2194 428 dlxieme,

334 437 380 462 fils
396 437 482 463 dudit
501 438 576 464 beau
598 446 650 471 roy
673 438 814 472 philippe,
832 440 860 464 et
874 446 927 472 par
949 439 1074 471 sequelle
1091 439 1175 465 lesdis
1194 438 1350 473 previleges
1372 449 1429 474 que
1454 442 1628 474 pretendent
1650 443 1733 469 lesdis
1754 444 1789 469 de
1814 444 1991 471 l'Universite
2019 447 2117 473 surent
2142 455 2195 480 par

332 485 437 512 ladicte
452 494 645 513 recouvrance
660 487 780 516 extains,
795 487 885 513 abolis
902 488 931 513 et
945 486 1088 517 adnulles,
1104 489 1128 513 el
1141 489 1213 521 quod
1226 489 1388 515 exstinctum
1403 491 1451 519 esl,
1468 491 1586 523 amplius
1605 492 1730 517 revivisci
1744 500 1797 517 non
1813 495 1910 525 potest.
1933 495 1974 519 s'il
1990 496 2036 527 n'y
2052 503 2067 521 a
2087 497 2194 522 nouvel

331 536 432 568 octroy
446 542 485 560 ou
497 536 663 561 coneession
678 536 714 561 de
729 543 760 562 ce
772 536 876 562 faisant
891 543 1020 569 expresse
1035 537 1182 566 meneion.
1197 538 1249 570 qui
1264 539 1337 564 n'est
1352 546 1401 571 pas
1415 547 1452 564 au
1466 547 1511 565 cas
1526 540 1577 572 qui
1593 541 1696 566 s’offre.

420 584 504 613 Item.
519 586 547 610 et
560 584 634 610 Dieu
649 585 717 617 scait
729 584 752 610 si
767 585 851 611 lesdis
866 583 1022 618 previleges
1036 585 1072 611 de
1085 585 1264 612 l'Universite
1273 587 1395 613 estoient
1408 588 1496 613 remis
1506 596 1555 614 sur
1564 589 1600 614 de
1611 589 1717 615 nouvel
1728 589 1858 619 octroies,
1870 598 1984 616 comme
1996 592 2033 617 les
2046 593 2194 625 seigneur-s

330 632 441 665 englois
455 634 483 658 et
498 634 594 659 autres
604 633 645 658 du
661 641 730 667 pays
743 633 940 666 d’Engleterre
955 634 1007 667 qui
1022 634 1157 660 tiennent
1170 636 1266 661 tontes
1280 643 1319 661 ou
1335 636 1360 661 la
1376 636 1532 669 greigneur
1550 637 1642 670 partie
1656 638 1705 663 des
1725 638 1825 664 nobles
1840 639 2013 671 seigneuries
2027 641 2112 666 (ludit
2126 650 2192 675 pays

329 682 358 706 et
372 679 480 707 duchie
494 681 530 708 de
542 682 716 708 Normcndie
729 684 757 708 et
772 684 939 715 conqueste‚
957 683 1082 709 seroient
1097 682 1248 710 traveillies
1263 686 1290 710 et
1304 684 1427 711 traicties
1442 686 1509 711 eulx
1524 688 1552 711 et
1567 687 1643 712 leurs
1656 687 1799 716 hommes.
1820 688 1893 713 dont
1908 688 2050 721 plusieurs
2064 690 2150 716 debas
2164 693 2193 716 et

328 736 413 763 voyes
427 730 462 756 de
475 730 528 756 saiz
544 732 572 757 et
584 731 792 757 inconveniens
804 739 856 764 par
870 731 1030 758 adventure
1041 732 1229 765 irreparables
1241 734 1414 766 pourroient
1426 735 1533 760 ensuir.
1710 734 1712 736 ’

417 780 501 808 ltem.
515 781 544 805 et
556 787 633 812 pour
647 780 729 805 venir
743 787 780 805 au
796 780 881 813 point
895 780 988 806 desdis
1004 780 1161 814 previlcges
1173 782 1208 808 de
1223 781 1403 809 l'Universite
1418 784 1552 816 pourroit
1571 784 1695 810 sembler
1713 783 1729 810 a
1750 792 1862 811 aucuns
1876 793 1934 819 que
1951 794 2003 818 par
2017 787 2042 812 le
2063 788 2137 813 texte
2150 788 2189 813 dn

326 827 370 852 dit
386 828 469 853 xxi¹¹¹0
484 828 584 854 article
598 828 682 854 lesdis
694 829 729 854 de
742 828 921 855 l‘Universite:
932 830 1104 862 pourroient
1119 833 1318 856 aucunement
1332 832 1488 864 pretendi-e
1503 833 1671 866 exemption
1684 835 1712 859 ct
1726 834 1868 860 franchise
1880 834 1928 860 des
1939 835 2015 860 aldes
2026 837 2053 860 et
2064 836 2192 862 subsides

327 876 379 909 qui
396 884 423 902 se
436 876 532 903 levent
544 877 626 903 audit
640 885 710 910 pays
722 877 758 903 de
773 878 957 907 Normandie,
971 880 1000 904 et
1013 886 1070 911 qne
1085 886 1123 904 on
1139 879 1203 905 leur
1214 880 1360 906 vouldroit
1370 881 1530 907 demander
1539 883 1567 906 et
1579 881 1664 907 d'eux
1679 882 1774 914 exiger
1783 883 1922 915 patiendo,
1937 884 2009 909 mais
2019 892 2077 917 que
2087 886 2190 918 offendo

326 925 360 951 ils
375 926 507 959 puissent
522 934 588 952 user
601 926 695 952 desdis
714 925 881 960 previleges,
906 929 1101 953 mesmement
1125 936 1161 954 en
1183 930 1330 961 attrayant
1350 929 1389 955 les
1411 928 1524 963 subgies
1545 930 1631 955 dudit
1648 938 1717 963 pays
1739 931 1774 957 de
1796 932 1968 958 Normendie
1982 931 1998 958 a
2014 933 2099 962 Paris,
2121 934 2191 959 ledit

325 974 424 1000 article
440 982 476 1000 ne
489 976 572 1001 autre
587 977 716 1001 contenu
732 976 814 1001 audit
827 974 937 1002 traictie
951 984 989 1002 ne
1003 977 1111 1003 semble
1125 977 1161 1003 de
1175 977 1252 1003 riens
1266 979 1354 1003 servir
1365 976 1380 1004 a
1394 978 1458 1004 leur
1478 986 1584 1012 propos
1608 981 1636 1005 et
1659 980 1767 1005 mieulx
1792 980 1818 1006 le
1840 983 1961 1006 sauront
1974 982 2146 1011 considerer,
2164 983 2189 1008 le

324 1030 440 1056 voyans.

414 1072 450 1106 Sy
465 1073 614 1106 supplient
629 1072 686 1099 tres
699 1074 908 1099 humblement
920 1074 1003 1100 lesdIS
1018 1074 1155 1107 bourgois
1167 1076 1196 1100 et
1211 1075 1344 1101 habitans
1359 1076 1431 1109 qu'il
1446 1076 1533 1109 plaise
1545 1077 1670 1102 advertir
1685 1085 1728 1103 ces
1748 1078 1846 1104 choses
1863 1079 1891 1104 et
1905 1079 1945 1104 les
1964 1079 2066 1112 garder
2077 1081 2105 1106 et
2118 1088 2188 1106 con-

323 1128 417 1147 server
432 1129 468 1147 en
484 1122 560 1148 leurs
575 1122 618 1148 dis
632 1123 719 1152 drois,
736 1123 892 1148 franchises
906 1124 934 1148 et
949 1122 1072 1153 Rhenes,
1090 1125 1127 1153 et,
1144 1131 1172 1149 se
1187 1124 1303 1150 mestier
1318 1126 1368 1153 est,
1385 1125 1419 1150 ils
1434 1126 1638 1158 enseigneront
1653 1126 1688 1152 de
1701 1127 1778 1152 leurs
1788 1127 1838 1152 sais
1848 1125 1863 1153 a
1876 1128 2047 1154 souffisance
2059 1136 2111 1161 par
2123 1137 2188 1162 pro-

323 1170 458 1196 testation
469 1171 505 1196 de
520 1171 676 1204 adjouster.
693 1171 830 1204 corriger,
847 1171 1005 1201 diminuer,
1018 1172 1192 1205 interpreter
1203 1174 1231 1198 et
1246 1173 1312 1205 plus
1324 1172 1339 1199 a
1359 1173 1440 1207 plain
1459 1174 1615 1207 respondre
1636 1182 1672 1200 en
1695 1177 1790 1209 temps
1813 1177 1842 1201 et
1862 1176 1921 1202 lieu
1936 1178 2030 1210 quant
2044 1177 2064 1202 il
2079 1185 2186 1211 appar-

321 1218 446 1248 tiendra,
463 1227 491 1245 se
506 1220 623 1246 mestier
636 1221 686 1246 est.

415 1308 433 1330 E
443 1307 534 1331 libello
547 1308 625 1331 Arch.
635 1308 762 1339 municip.
773 1309 968 1339 Rotomagens.,
980 1308 1021 1333 tir.
1032 1309 1051 1337 1,
1061 1309 1121 1337 11⁰1,
1134 1309 1287 1337 membran„
1303 1309 1439 1338 Cunnum,
1450 1310 1573 1334 Histoire
1583 1311 1615 1333 de
1627 1310 1725 1335 Rouen
1738 1318 1803 1335 sous
1816 1312 1844 1335 la
1857 1312 2032 1336 domination
2046 1313 2182 1343 cmylaise,

319 1351 407 1375 Pieces
419 1352 614 1383 justificatix'es,
630 1361 656 1383 p.
672 1353 790 1375 153-183.
805 1367 831 1370 —
852 1354 881 1375 ln
901 1353 991 1376 eodem
1012 1353 1069 1376 cod.
1086 1353 1204 1384 sequitur
1223 1354 1388 1376 confirmatio
1409 1354 1610 1385 privilegiorum
1632 1355 1711 1378 Univ.
1733 1355 1815 1379 Paris.
1832 1356 1864 1378 ab
1882 1356 1992 1379 ilenrico
2007 1357 2037 1379 Vl
2054 1365 2095 1380 an.
2113 1358 2182 1387 14:³3,

318 1397 430 1427 August.
456 1397 494 1425 14,
520 1397 581 1420 data
603 1397 666 1426 (vid.
689 1405 770 1428 supra
796 1402 824 1420 n⁰
849 1398 928 1426 2214).
951 1397 1136 1420 verisimiliter
1162 1397 1232 1420 circa
1251 1398 1320 1421 idem
1344 1401 1447 1429 tempus
1477 1399 1592 1429 scriptae
1617 1403 1677 1422 sunt
1699 1400 1929 1430 Rotoningensium
1955 1402 2085 1432 querelae.
2111 1402 2184 1425 Sicut

320 1441 353 1464 n¹⁸
369 1442 439 1470 2662,
461 1442 521 1464 2669
542 1441 665 1471 vidimus,
686 1442 817 1465 contentio
835 1450 865 1464 ea
885 1442 953 1465 inter
972 1442 1094 1465 Univers.
1111 1450 1141 1465 ac
1157 1443 1361 1472 Rotomagenses
1384 1443 1491 1465 duravit
1514 1451 1595 1474 usque
1617 1444 1650 1466 ad
1671 1447 1790 1474 tempora
1810 1445 1897 1468 Caroli
1915 1446 1969 1473 VH,
1990 1449 2050 1476 post
2068 1446 2181 1470 reditum

319 1486 393 1508 urbis
416 1486 554 1517 Rotomagi
568 1486 601 1509 ud
619 1494 743 1509 coronam
759 1486 894 1510 Franciae.
915 1486 980 1509 Vani
1000 1490 1087 1509 tamen
1109 1490 1184 1509 erant
1200 1487 1387 1510 Universilatis
1407 1491 1524 1515 conatus,
1547 1496 1611 1519 quos
1633 1488 1742 1511 Carolus
1762 1489 1818 1519 ipse
1836 1489 1930 1512 litteris
1951 1498 1992 1512 nn.
2011 1491 2071 1513 1453
2092 1491 2181 1521 (1454),

318 1530 405 1553 Martii
421 1532 459 1560 13,
476 1531 592 1553 nondum
608 1531 760 1562 publicatis,
777 1535 802 1554 et
817 1539 929 1562 quarum
945 1531 987 1554 vix
1003 1531 1100 1553 alicubi
1121 1531 1217 1554 mentio
1234 1531 1270 1560 sn,
1289 1532 1377 1555 elusit.
1398 1532 1514 1555 insertae
1529 1536 1590 1555 sunt
1605 1533 1709 1555 cuidam
1728 1534 1871 1557 sententiae
1888 1534 2013 1557 abbatum
2030 1535 2055 1559 S.
2072 1535 2179 1566 Georgii

317 1576 349 1598 de
368 1575 567 1603 Boschiervilla,
585 1575 764 1599 Mortuimaris
780 1579 805 1598 et
821 1576 979 1606 Boniportus
996 1584 1038 1599 an.
1056 1576 1126 1605 1400,
1142 1576 1195 1599 Jul.
1209 1576 1236 1598 31
1259 1576 1345 1605 (Arch.
1367 1576 1493 1607 municip.
1512 1577 1658 1608 Rotomag.,
1676 1577 1718 1600 tir.
1736 1578 1781 1607 111,
1799 1582 1826 1600 n⁰
1843 1580 1876 1608 G).
1896 1579 2006 1601 Carolus
2024 1580 2069 1602 VH
2086 1579 2110 1602 in
2127 1579 2180 1603 illis

321 1620 507 1643 Universitatis
523 1620 743 1651 procuratoribus
760 1620 872 1643 Roherto
892 1620 1010 1649 Ciboule,
1030 1621 1105 1643 Petro
1121 1620 1155 1642 du
1178 1621 1273 1643 Vauccl
1296 1624 1319 1643 et
1342 1621 1417 1644 Petro
1434 1621 1561 1651 Maugier,
1577 1630 1627 1644 non
1643 1622 1764 1644 obstante
1779 1623 1956 1653 appellatione
1972 1623 2093 1647 Gausridi
2115 1624 2179 1646 Nor-

318 1665 417 1695 manni,
442 1665 593 1695 respondet,
610 1665 746 1688 libertates
766 1665 976 1688 Nor-marinorum
997 1668 1123 1695 quantum
1146 1665 1179 1687 ad
1201 1673 1294 1687 causas
1314 1665 1469 1696 judiciarias
1489 1669 1513 1688 et
1537 1666 1673 1688 citationes
1694 1666 1823 1689 immunes
1844 1675 1978 1690 remanere
2006 1668 2104 1696 (Donne
2131 1676 2181 1690 aux

319 1709 576 1733 Montilz-les-Tours
593 1710 616 1732 le
630 1709 673 1740 xiij
687 1709 748 1740 jour
764 1710 794 1732 de
808 1710 877 1732 Mars
893 1709 944 1732 l'an
958 1709 989 1732 de
1002 1717 1080 1740 grace
1096 1709 1141 1732 mil
1157 1709 1238 1732 CCCC
1254 1709 1393 1741 cinquante
1409 1713 1434 1732 et
1447 1710 1520 1739 trois,
1537 1713 1562 1732 et
1577 1710 1607 1733 de
1624 1713 1712 1733 nostre
1730 1719 1808 1741 regne
1824 1711 1847 1734 le
1861 1711 1949 1742 xxxijss.
1965 1722 1977 1732 ιι
1994 1712 2099 1735 Comme
2113 1721 2180 1743 pour

314 1754 339 1777 la
358 1754 492 1777 diseucion
509 1756 542 1783 n).
554 1754 732 1781 Quadriennio
748 1757 854 1784 peraeto
870 1762 941 1781 vero,
954 1753 1011 1776 scil.
1028 1762 1069 1776 an.
1082 1754 1151 1782 1458,
1163 1754 1257 1784 April„
1271 1754 1381 1777 Carolus
1397 1754 1441 1776 Vll
1458 1755 1587 1778 chartam
1603 1755 1837 1779 Normannorum
1850 1756 2018 1779 confirmavit
2034 1756 2095 1786 (vid.
2112 1757 2179 1780 Cui-:-

316 1806 393 1828 aui-tr,
409 1799 426 1823 l.
442 1807 475 1826 (κ,
491 1807 517 1829 p.
533 1799 591 1826 164;
608 1799 807 1828 BEAunerAmE,
822 1798 872 1822 Les
888 1794 966 1822 Etuts
981 1799 1015 1821 de
1029 1798 1204 1822 Normcmdie
1217 1805 1284 1822 sous
1298 1799 1323 1822 le
1340 1800 1428 1828 reque
1443 1800 1474 1822 cle
1492 1799 1606 1823 Charles
1628 1799 1688 1828 VII,
1707 1799 1733 1822 in
1756 1800 1853 1823 Pre'cis
1869 1801 1979 1830 (analyt.
1995 1802 2040 1824 des
2054 1805 2179 1825 τναυαιιασ

314 1845 346 1867 de
365 1843 534 1867 I'Acade‘mie
548 1844 581 1867 de
596 1844 704 1872 Rouen,
721 1844 790 1871 1875,
806 1851 832 1874 p.
854 1843 899 1865 285
917 1848 993 1874 sqq.).
1014 1843 1139 1866 Vidimus
1153 1843 1302 1865 litterarum
1316 1843 1384 1873 regis
1402 1843 1532 1865 editarum
1550 1852 1592 1867 an.
1606 1844 1673 1872 1458,
1690 1844 1800 1874 Augusti
1819 1845 1855 1872 22,
1874 1845 1900 1867 in
1918 1845 1995 1868 Arch.
2013 1849 2066 1868 nat..
2082 1846 2177 1875 Paris.y

314 1888 337 1911 M
353 1889 404 1917 66¹³,
419 1892 447 1911 n⁰
462 1889 501 1916 42,
514 1888 577 1910 olim
595 1889 623 1911 A.
639 1889 661 1911 6.
680 1896 701 1911 s.
720 1888 905 1910 Verumtamen
924 1896 967 1910 an.
982 1888 1050 1917 1459,
1066 1887 1126 1910 Maii
1143 1888 1172 1909 29
1198 1887 1307 1910 Carolus
1323 1888 1368 1910 Vll
1386 1888 1577 1918 pronuntiavit,
1598 1888 1822 1911 confirmationem
1843 1889 1948 1912 chartae
1968 1890 2176 1912 Normannorum

313 1932 415 1955 nullum
426 1932 617 1963 praejudicium
631 1932 725 1955 afferre
740 1932 888 1963 privilegiis
905 1931 1092 1954 universitatis
1106 1931 1189 1955 Paris.
1207 1932 1283 1960 (Mus.
1300 1931 1410 1959 Britan„
1427 1932 1509 1955 addit.
1527 1933 1611 1957 17304,
1631 1932 1675 1955 sol.
1693 1933 1745 1962 197,
1763 1933 1824 1955 oliin
1843 1934 1886 1956 l'ol.
1906 1934 1963 1962 17·.’;
1980 1934 2055 1960 ssrL„
2067 1934 2095 1962 V,
2113 1935 2177 1963 633).

313 1977 347 2000 Re
363 1977 422 2008 ipsu
437 1977 547 2000 Carolus
561 1977 605 2000 Vll
620 1980 673 2000 tam
690 1976 860 1999 Universitati
874 1984 951 2007 quam
968 1975 1125 1999 Norniannis
1142 1984 1241 1998 inorein
1256 1984 1347 2006 gerere
1361 1976 1452 2004 voluit,
1464 1976 1621 1999 Normannis
1638 1985 1698 1999 vero
1715 1977 1854 2007 imprimis,
1872 1977 1969 2008 quippe
1982 1978 2036 2008 jani
2052 1986 2094 2000 nn.
2109 1979 2177 2008 1452,

313 2021 406 2045 Octob.
422 2022 461 2051 30,
475 2021 682 2045 Universitatem
705 2021 894 2044 Cadomensem
910 2020 1076 2043 confirmavit
1088 2020 1150 2049 (vid.
1165 2020 1265 2050 ΒΕΝΕΤ,
1282 2019 1447 2044 Ιηϊεηταίνε
1462 2022 1508 2044 des
1520 2021 1646 2044 archices
1660 2022 1692 2044 cle
1709 2021 1890 2045 l'Univev-sice'
1903 2023 1936 2045 cle
1952 2022 2033 2049 Caen,
2049 2023 2067 2051 1,
2084 2030 2110 2053 p.
2127 2023 2176 2053 44).

405 2105 429 2130 1.
445 2106 464 2128 l.
482 2114 503 2128 e.
517 2106 649 2129 chartam
664 2106 818 2130 secundam
834 2105 1045 2128 Normannorum
1060 2104 1085 2127 in
1102 2105 1226 2128 Ordonn.
1242 2106 1287 2128 des
1306 2105 1372 2134 2'01'8,
1392 2105 1411 2134 1,
1434 2113 1460 2135 p.
1477 2105 1531 2128 587.
1553 2105 1610 2127 Vid.
1628 2113 1652 2135 p.
1671 2106 1715 2128 592
1737 2108 1761 2128 et
1777 2107 1830 2128 593.
1849 2119 1877 2123 --
1898 2105 1922 2130 2.
1942 2106 2019 2131 Ibid..
2037 2107 2055 2136 1,
2077 2115 2103 2138 p.
2120 2107 2174 2130 551.

312 2151 416 2175 Charta
431 2151 526 2180 prima
543 2159 585 2173 nn.
600 2150 667 2179 1415,
681 2150 757 2173 Mart.
771 2151 808 2173 19.
825 2150 851 2172 Ρ.
867 2151 911 2172 552
929 2149 1025 2172 dicitur
1039 2157 1044 2172 :
1061 2159 1073 2170 (ε
1087 2158 1182 2172 causae
1197 2149 1347 2172 definitivae
1362 2149 1388 2171 in
1404 2149 1520 2171 scacario
1536 2149 1692 2180 Rothomag.
1710 2150 1743 2172 ad
1760 2153 1878 2173 nostruin
1894 2151 2088 2174 Par-lamentum
2104 2152 2175 2174 Pari·

310 2195 365 2218 sius
382 2195 531 2218 nullatenus
548 2195 700 2218 deterantur
713 2205 736 2218 ».
749 2208 780 2212 —
794 2194 819 2219 3.
836 2194 893 2217 Vi‘l.
912 2194 1049 2224 Charcul.,
1064 2194 1095 2223 11,
1113 2198 1141 2216 11⁰
1157 2194 1226 2216 1043.
1241 2207 1269 2211 —
1281 2194 1306 2219 4.
1322 2194 1377 2216 Υἰᾱ.
1394 2194 1468 2222 ibid„
1487 2198 1515 2216 11⁰
1531 2194 1600 2218 1105,

309 2388 452 2424 2702.
476 2398 636 2431 Burgenses
658 2396 839 2422 Parisienses
855 2395 1021 2431 supplicant
1035 2395 1174 2430 facultati
1190 2395 1274 2421 theol.
1292 2396 1388 2422 Paris.
1406 2399 1437 2421 ut
1460 2395 1495 2421 de
1510 2394 1705 2420 observatione
1721 2395 1881 2422 dominicae
1901 2405 1935 2422 ac
1957 2397 2066 2423 dierum
2086 2398 2171 2432 festi-

398 2454 490 2471 vorum
502 2445 716 2481 propositiones
728 2445 852 2479 redigat.

1433 2480 1607 2506 Ver-[similiter
1621 2488 1659 2506 αη.
1678 2481 1753 2509 1426,
1771 2481 1884 2507 Parisiis.

678 2570 697 2592 Α
716 2577 763 2592 nos
781 2577 904 2592 reverens
923 2568 1059 2599 seigneurs
1078 2571 1103 2591 et
1120 2568 1242 2591 maistres
1261 2568 1292 2590 de
1309 2568 1335 2590 la
1353 2567 1448 2590 saeuite
1466 2568 1497 2590 de
1514 2567 1646 2598 theologie
1664 2567 1694 2590 de
1714 2567 1797 2591 Paris.
1998 2574 2009 2585 ¹

399 2654 553 2687 Supplient
568 2654 775 2680 humblcment
789 2661 901 2679 aucuns
915 2653 1069 2686 bourgeois
1084 2654 1112 2678 et
1127 2653 1274 2678 liabitants
1289 2653 1324 2678 de
1339 2653 1365 2678 la
1380 2653 1446 2678 ville
1466 2653 1501 2678 de
1518 2653 1604 2682 Paris,
1621 2653 1749 2678 desirans
1773 2661 1830 2686 que
1854 2654 1880 2679 la
1903 2654 1948 2687 loy
1971 2655 2006 2681 de
2026 2655 2098 2681 Dieu
2114 2657 2168 2682 soit

304 2701 407 2736 gardee
422 2711 459 2729 en
474 2711 505 2729 ce
517 2710 657 2736 royaume
672 2704 700 2728 et
714 2704 909 2728 mesmement
922 2710 958 2728 en
973 2704 1047 2728 cette
1059 2702 1156 2728 bonne
1171 2702 1246 2730 ville,
1263 2710 1320 2734 que
1335 2709 1450 2727 comme
1469 2703 1551 2727 entre
1573 2702 1612 2727 les
1632 2703 1729 2727 autres
1743 2703 2014 2730 commandements
2037 2705 2072 2730 de
2094 2705 2166 2731 Dieu

303 2752 329 2778 le
345 2752 605 2778 commandement
628 2751 664 2777 de
685 2751 887 2777 l'observation
911 2751 952 2776 du
976 2751 1133 2777 dimanche
1156 2751 1211 2776 soit
1234 2751 1432 2776 notoircment
1453 2752 1481 2776 et
1503 2750 1732 2783 publiqueinent
1756 2750 1893 2784 trespasse
1907 2754 1935 2778 et
1950 2751 2072 2786 meprise
2084 2762 2121 2780 en
2136 2762 2166 2780 ce

303 2808 453 2834 royaume,
470 2802 498 2826 et
514 2802 709 2826 mesmement
722 2807 758 2826 en
774 2802 847 2826 cette
858 2800 955 2826 bonne
970 2800 1036 2826 ville
1050 2800 1086 2825 de
1099 2800 1175 2825 Paris
1188 2801 1216 2825 et
1231 2799 1363 2828 environ,
1379 2807 1432 2832 par
1447 2799 1591 2832 plusieurs
1612 2806 1682 2832 gens
1696 2799 1732 2824 de
1749 2800 1865 2825 mestier
1880 2803 1908 2826 et
1923 2802 2123 2829 marchandise
2137 2805 2166 2829 et

302 2852 399 2876 autres
414 2851 500 2876 estats
514 2851 543 2875 et
558 2849 731 2883 professions
744 2857 781 2875 en
797 2849 922 2875 maintes
935 2847 1077 2875 manieres
1091 2856 1130 2874 au
1144 2856 1199 2874 veu
1214 2850 1242 2874 et
1256 2856 1320 2874 secu
1337 2848 1372 2874 de
1387 2850 1462 2877 tous,
1480 2849 1543 2873 tant
1560 2848 1768 2881 monseigneur
1787 2848 1929 2882 l'evesque
1943 2850 1978 2876 de
1994 2851 2070 2877 Paris
2082 2853 2111 2878 et
2124 2860 2165 2878 ses
