<?xml version="1.0" encoding="UTF-8"?>
<!DOCTYPE html PUBLIC "-//W3C//DTD XHTML 1.0 Transitional//EN"
    "http://www.w3.org/TR/xhtml1/DTD/xhtml1-transitional.dtd">
<html xmlns="http://www.w3.org/1999/xhtml" xml:lang="en" lang="en">
 <head>
  <title>
</title>
<meta http-equiv="Content-Type" content="text/html;charset=utf-8" />
  <meta name='ocr-system' content='tesseract 3.04.00' />
  <meta name='ocr-capabilities' content='ocr_page ocr_carea ocr_par ocr_line ocrx_word'/>
</head>
<body>
  <div class='ocr_page' id='page_1' title='image "./chartulariumuniv04univuoft_0756.png"; bbox 0 0 2502 3418; ppageno 0'>
   <div class='ocr_carea' id='block_1_1' title="bbox 382 323 2248 365">
    <p class='ocr_par' dir='ltr' id='par_1_1' title="bbox 382 323 2248 365">
     <span class='ocr_line' id='line_1_1' title="bbox 382 323 2248 365; baseline -0.003 -1"><span class='ocrx_word' id='word_1_1' title='bbox 382 331 446 365; x_wconf 89' lang='grc'><em>712</em></span> <span class='ocrx_word' id='word_1_2' title='bbox 953 339 1282 362; x_wconf 75' lang='lat' dir='ltr'><em>CHAn&#39;rULAnlUM</em></span> <span class='ocrx_word' id='word_1_3' title='bbox 1319 338 1511 361; x_wconf 63' lang='lat' dir='ltr'><em>culveris.</em></span> <span class='ocrx_word' id='word_1_4' title='bbox 1549 337 1679 360; x_wconf 68' lang='lat' dir='ltr'><em>rmus.</em></span> <span class='ocrx_word' id='word_1_5' title='bbox 2148 323 2248 360; x_wconf 86' lang='lat'>[1452</span> 
     </span>
    </p>
   </div>
   <div class='ocr_carea' id='block_1_2' title="bbox 382 411 2249 492">
    <p class='ocr_par' dir='ltr' id='par_1_2' title="bbox 382 411 2249 492">
     <span class='ocr_line' id='line_1_2' title="bbox 475 411 2249 448; baseline -0.003 -9"><span class='ocrx_word' id='word_1_6' title='bbox 475 415 620 439; x_wconf 80' lang='lat' dir='ltr'><em>comment.</em></span> <span class='ocrx_word' id='word_1_7' title='bbox 638 416 687 439; x_wconf 81' lang='lat' dir='ltr'><em>fac.</em></span> <span class='ocrx_word' id='word_1_8' title='bbox 703 415 781 444; x_wconf 66' lang='lat' dir='ltr'><em>med„</em></span> <span class='ocrx_word' id='word_1_9' title='bbox 798 415 832 448; x_wconf 84' lang='lat'><em>11,</em></span> <span class='ocrx_word' id='word_1_10' title='bbox 848 423 874 446; x_wconf 86' lang='lat' dir='ltr'><em>p.</em></span> <span class='ocrx_word' id='word_1_11' title='bbox 892 415 946 439; x_wconf 85' lang='lat'><em>111.</em></span> <span class='ocrx_word' id='word_1_12' title='bbox 960 429 988 433; x_wconf 98' lang='lat'><strong>—</strong></span> <span class='ocrx_word' id='word_1_13' title='bbox 1004 414 1105 446; x_wconf 78' lang='lat' dir='ltr'><em>lncepit</em></span> <span class='ocrx_word' id='word_1_14' title='bbox 1126 414 1152 437; x_wconf 90' lang='lat' dir='ltr'><em>in</em></span> <span class='ocrx_word' id='word_1_15' title='bbox 1175 414 1243 438; x_wconf 87' lang='lat' dir='ltr'><em>med.</em></span> <span class='ocrx_word' id='word_1_16' title='bbox 1260 413 1403 446; x_wconf 73' lang='lat' dir='ltr'><em>Dionysius</em></span> <span class='ocrx_word' id='word_1_17' title='bbox 1426 414 1502 437; x_wconf 84' lang='lat' dir='ltr'><em>Mart.</em></span> <span class='ocrx_word' id='word_1_18' title='bbox 1528 414 1571 442; x_wconf 78' lang='lat'><em>22;</em></span> <span class='ocrx_word' id='word_1_19' title='bbox 1594 413 1687 436; x_wconf 83' lang='lat' dir='ltr'><em>Petrus</em></span> <span class='ocrx_word' id='word_1_20' title='bbox 1707 412 1739 436; x_wconf 84' lang='lat' dir='ltr'><em>de</em></span> <span class='ocrx_word' id='word_1_21' title='bbox 1760 411 1879 435; x_wconf 81' lang='lat' dir='ltr'><em>ltamello</em></span> <span class='ocrx_word' id='word_1_22' title='bbox 1904 412 1980 435; x_wconf 79' lang='lat' dir='ltr'><em>Mart.</em></span> <span class='ocrx_word' id='word_1_23' title='bbox 2004 412 2047 440; x_wconf 83' lang='lat'><em>27;</em></span> <span class='ocrx_word' id='word_1_24' title='bbox 2071 411 2096 435; x_wconf 77' lang='lat' dir='ltr'><em>J.</em></span> <span class='ocrx_word' id='word_1_25' title='bbox 2117 411 2249 435; x_wconf 80' lang='lat' dir='ltr'><em>Renouart</em></span> 
     </span>
     <span class='ocr_line' id='line_1_3' title="bbox 382 459 928 492; baseline -0.002 -8"><span class='ocrx_word' id='word_1_26' title='bbox 382 459 464 492; x_wconf 83' lang='lat' dir='ltr'><em>April.</em></span> <span class='ocrx_word' id='word_1_27' title='bbox 481 461 523 489; x_wconf 84' lang='lat'><em>20;</em></span> <span class='ocrx_word' id='word_1_28' title='bbox 540 461 569 484; x_wconf 87' lang='lat' dir='ltr'><em>R.</em></span> <span class='ocrx_word' id='word_1_29' title='bbox 585 460 697 492; x_wconf 81' lang='lat' dir='ltr'><em>Goulley</em></span> <span class='ocrx_word' id='word_1_30' title='bbox 712 460 774 483; x_wconf 88' lang='lat' dir='ltr'><em>Maii</em></span> <span class='ocrx_word' id='word_1_31' title='bbox 787 461 816 483; x_wconf 85' lang='lat'><em>22</em></span> <span class='ocrx_word' id='word_1_32' title='bbox 832 460 928 491; x_wconf 90' lang='lat' dir='ltr'><em>(ibid.).</em></span> 
     </span>
    </p>
   </div>
   <div class='ocr_carea' id='block_1_3' title="bbox 379 540 2249 800">
    <p class='ocr_par' dir='ltr' id='par_1_3' title="bbox 379 540 2249 800">
     <span class='ocr_line' id='line_1_4' title="bbox 473 540 2248 574; baseline -0.004 -4"><span class='ocrx_word' id='word_1_33' title='bbox 473 545 497 570; x_wconf 86' lang='lat'><em>1.</em></span> <span class='ocrx_word' id='word_1_34' title='bbox 514 545 549 568; x_wconf 87' lang='lat' dir='ltr'><em>De</em></span> <span class='ocrx_word' id='word_1_35' title='bbox 571 545 704 568; x_wconf 82' lang='lat' dir='ltr'><em>Temanno</em></span> <span class='ocrx_word' id='word_1_36' title='bbox 726 545 757 568; x_wconf 87' lang='lat' dir='ltr'><em>de</em></span> <span class='ocrx_word' id='word_1_37' title='bbox 779 545 870 569; x_wconf 83' lang='lat' dir='ltr'><em>Gouda</em></span> <span class='ocrx_word' id='word_1_38' title='bbox 893 544 946 568; x_wconf 78' lang='lat' dir='ltr'><em>vid.</em></span> <span class='ocrx_word' id='word_1_39' title='bbox 962 546 1081 569; x_wconf 80' lang='lat' dir='ltr'><em>Auctar.</em></span> <span class='ocrx_word' id='word_1_40' title='bbox 1098 544 1131 573; x_wconf 86' lang='lat'><em>11,</em></span> <span class='ocrx_word' id='word_1_41' title='bbox 1151 543 1262 574; x_wconf 86' lang='lat' dir='ltr'><em>passim.</em></span> <span class='ocrx_word' id='word_1_42' title='bbox 1283 543 1331 566; x_wconf 79' lang='lat' dir='ltr'><em>An.</em></span> <span class='ocrx_word' id='word_1_43' title='bbox 1352 543 1422 572; x_wconf 83' lang='grc'><strong>1454,</strong></span> <span class='ocrx_word' id='word_1_44' title='bbox 1443 543 1519 566; x_wconf 82' lang='lat' dir='ltr'><em>Mart.</em></span> <span class='ocrx_word' id='word_1_45' title='bbox 1534 543 1556 571; x_wconf 85' lang='lat'><em>7,</em></span> <span class='ocrx_word' id='word_1_46' title='bbox 1571 545 1673 565; x_wconf 84' lang='lat' dir='ltr'><em>tantum</em></span> <span class='ocrx_word' id='word_1_47' title='bbox 1689 542 1715 565; x_wconf 92' lang='lat' dir='ltr'><em>in</em></span> <span class='ocrx_word' id='word_1_48' title='bbox 1731 541 1800 565; x_wconf 89' lang='lat' dir='ltr'><em>med.</em></span> <span class='ocrx_word' id='word_1_49' title='bbox 1820 541 1932 572; x_wconf 76' lang='lat' dir='ltr'><em>incepit3</em></span> <span class='ocrx_word' id='word_1_50' title='bbox 1948 540 2066 572; x_wconf 81' lang='lat' dir='ltr'><em>ejusdem</em></span> <span class='ocrx_word' id='word_1_51' title='bbox 2079 540 2142 563; x_wconf 89' lang='lat' dir='ltr'><em>anni</em></span> <span class='ocrx_word' id='word_1_52' title='bbox 2159 547 2248 563; x_wconf 83' lang='lat' dir='ltr'><em>mense</em></span> 
     </span>
     <span class='ocr_line' id='line_1_5' title="bbox 381 585 2248 621; baseline -0.003 -8"><span class='ocrx_word' id='word_1_53' title='bbox 381 590 445 614; x_wconf 84' lang='lat' dir='ltr'><em>Nov.</em></span> <span class='ocrx_word' id='word_1_54' title='bbox 462 589 590 621; x_wconf 80' lang='lat' dir='ltr'><em>magister</em></span> <span class='ocrx_word' id='word_1_55' title='bbox 609 598 703 621; x_wconf 75' lang='lat' dir='ltr'><em>regens</em></span> <span class='ocrx_word' id='word_1_56' title='bbox 719 589 804 614; x_wconf 86' lang='lat' dir='ltr'><em>Paris.</em></span> <span class='ocrx_word' id='word_1_57' title='bbox 822 590 906 612; x_wconf 81' lang='lat' dir='ltr'><em>factus</em></span> <span class='ocrx_word' id='word_1_58' title='bbox 924 592 973 618; x_wconf 81' lang='lat' dir='ltr'><em>est,</em></span> <span class='ocrx_word' id='word_1_59' title='bbox 987 592 1079 620; x_wconf 87' lang='lat' dir='ltr'><em>postea</em></span> <span class='ocrx_word' id='word_1_60' title='bbox 1100 588 1198 611; x_wconf 82' lang='lat' dir='ltr'><em>electus</em></span> <span class='ocrx_word' id='word_1_61' title='bbox 1214 588 1329 610; x_wconf 81' lang='lat' dir='ltr'><em>decanus</em></span> <span class='ocrx_word' id='word_1_62' title='bbox 1347 588 1396 611; x_wconf 79' lang='lat' dir='ltr'><em>sne.</em></span> <span class='ocrx_word' id='word_1_63' title='bbox 1413 587 1507 611; x_wconf 86' lang='lat' dir='ltr'><em>medic.</em></span> <span class='ocrx_word' id='word_1_64' title='bbox 1524 596 1566 610; x_wconf 88' lang='lat' dir='ltr'><em>an.</em></span> <span class='ocrx_word' id='word_1_65' title='bbox 1584 587 1652 614; x_wconf 76' lang='grc'><strong>1457,</strong></span> <span class='ocrx_word' id='word_1_66' title='bbox 1670 587 1729 610; x_wconf 86' lang='lat' dir='ltr'><em>Dec.</em></span> <span class='ocrx_word' id='word_1_67' title='bbox 1744 588 1765 614; x_wconf 88' lang='grc'><em>5,</em></span> <span class='ocrx_word' id='word_1_68' title='bbox 1781 589 1806 609; x_wconf 80' lang='lat' dir='ltr'><em>ot</em></span> <span class='ocrx_word' id='word_1_69' title='bbox 1820 586 1890 614; x_wconf 84' lang='lat'><strong>1458,</strong></span> <span class='ocrx_word' id='word_1_70' title='bbox 1906 585 1972 609; x_wconf 81' lang='lat' dir='ltr'><em>Nov.</em></span> <span class='ocrx_word' id='word_1_71' title='bbox 1985 586 2009 614; x_wconf 79' lang='lat'><em>4,</em></span> <span class='ocrx_word' id='word_1_72' title='bbox 2025 585 2202 608; x_wconf 79' lang='lat' dir='ltr'><em>continuatus.</em></span> <span class='ocrx_word' id='word_1_73' title='bbox 2218 598 2248 602; x_wconf 97' lang='lat'><strong>—</strong></span> 
     </span>
     <span class='ocr_line' id='line_1_6' title="bbox 380 629 2248 662; baseline -0.004 -3"><span class='ocrx_word' id='word_1_74' title='bbox 380 634 405 659; x_wconf 83' lang='grc'><em>2.</em></span> <span class='ocrx_word' id='word_1_75' title='bbox 421 634 554 658; x_wconf 64' lang='lat' dir='ltr'><em>lohannes</em></span> <span class='ocrx_word' id='word_1_76' title='bbox 568 635 650 658; x_wconf 69' lang='lat' dir='ltr'><em>Rosee</em></span> <span class='ocrx_word' id='word_1_77' title='bbox 662 634 703 658; x_wconf 87' lang='lat' dir='ltr'><em>vel</em></span> <span class='ocrx_word' id='word_1_78' title='bbox 719 634 805 662; x_wconf 80' lang='lat' dir='ltr'><em>Ruris,</em></span> <span class='ocrx_word' id='word_1_79' title='bbox 820 634 998 657; x_wconf 82' lang='lat' dir='ltr'><em>doctorizatus</em></span> <span class='ocrx_word' id='word_1_80' title='bbox 1016 641 1060 656; x_wconf 88' lang='lat' dir='ltr'><em>an.</em></span> <span class='ocrx_word' id='word_1_81' title='bbox 1076 633 1145 661; x_wconf 84' lang='grc'><strong>1457,</strong></span> <span class='ocrx_word' id='word_1_82' title='bbox 1164 632 1214 655; x_wconf 84' lang='lat' dir='ltr'><em>ruit</em></span> <span class='ocrx_word' id='word_1_83' title='bbox 1229 632 1344 655; x_wconf 85' lang='lat' dir='ltr'><em>decanus</em></span> <span class='ocrx_word' id='word_1_84' title='bbox 1363 633 1413 655; x_wconf 87' lang='lat' dir='ltr'><em>sac.</em></span> <span class='ocrx_word' id='word_1_85' title='bbox 1432 632 1499 655; x_wconf 84' lang='lat' dir='ltr'><em>med.</em></span> <span class='ocrx_word' id='word_1_86' title='bbox 1516 640 1558 655; x_wconf 86' lang='lat' dir='ltr'><em>nn.</em></span> <span class='ocrx_word' id='word_1_87' title='bbox 1576 632 1677 654; x_wconf 74' lang='grc'><strong>1465-67</strong></span> <span class='ocrx_word' id='word_1_88' title='bbox 1691 634 1717 654; x_wconf 84' lang='lat' dir='ltr'><em>et</em></span> <span class='ocrx_word' id='word_1_89' title='bbox 1731 631 1875 654; x_wconf 78' lang='grc'><strong>1478-1479.</strong></span> <span class='ocrx_word' id='word_1_90' title='bbox 1892 631 1987 653; x_wconf 83' lang='lat' dir='ltr'><strong>Auctor</strong></span> <span class='ocrx_word' id='word_1_91' title='bbox 1999 629 2104 653; x_wconf 86' lang='lat' dir='ltr'><em>videtur</em></span> <span class='ocrx_word' id='word_1_92' title='bbox 2118 632 2248 652; x_wconf 83' lang='lat' dir='ltr'><em>tractatus</em></span> 
     </span>
     <span class='ocr_line' id='line_1_7' title="bbox 380 674 2247 711; baseline -0.003 -9"><span class='ocrx_word' id='word_1_93' title='bbox 380 687 456 711; x_wconf 89' lang='lat' dir='ltr'><em>quem</em></span> <span class='ocrx_word' id='word_1_94' title='bbox 473 682 562 703; x_wconf 86' lang='lat' dir='ltr'><em>servat</em></span> <span class='ocrx_word' id='word_1_95' title='bbox 581 679 639 702; x_wconf 88' lang='lat' dir='ltr'><em>cod.</em></span> <span class='ocrx_word' id='word_1_96' title='bbox 655 678 782 703; x_wconf 84' lang='lat' dir='ltr'><em>Biblioth.</em></span> <span class='ocrx_word' id='word_1_97' title='bbox 799 678 999 709; x_wconf 81' lang='lat' dir='ltr'><em>Rotomagensis</em></span> <span class='ocrx_word' id='word_1_98' title='bbox 1019 682 1048 701; x_wconf 88' lang='lat' dir='ltr'><em>n⁰</em></span> <span class='ocrx_word' id='word_1_99' title='bbox 1067 678 1106 705; x_wconf 88' lang='grc'><strong>31,</strong></span> <span class='ocrx_word' id='word_1_100' title='bbox 1126 677 1171 700; x_wconf 88' lang='lat' dir='ltr'><em>sol.</em></span> <span class='ocrx_word' id='word_1_101' title='bbox 1188 677 1232 700; x_wconf 85' lang='lat'><em>122</em></span> <span class='ocrx_word' id='word_1_102' title='bbox 1249 684 1255 699; x_wconf 77' lang='lat'>2</span> <span class='ocrx_word' id='word_1_103' title='bbox 1278 685 1289 699; x_wconf 79' lang='lat' dir='ltr'><em>(t</em></span> <span class='ocrx_word' id='word_1_104' title='bbox 1305 676 1451 699; x_wconf 86' lang='lat' dir='ltr'>Consilium</span> <span class='ocrx_word' id='word_1_105' title='bbox 1476 676 1599 707; x_wconf 78' lang='lat' dir='ltr'>magistri</span> <span class='ocrx_word' id='word_1_106' title='bbox 1621 676 1680 700; x_wconf 85' lang='lat' dir='ltr'><em>Joh.</em></span> <span class='ocrx_word' id='word_1_107' title='bbox 1701 675 1786 703; x_wconf 84' lang='lat' dir='ltr'><em>Roris,</em></span> <span class='ocrx_word' id='word_1_108' title='bbox 1805 675 1922 698; x_wconf 85' lang='lat' dir='ltr'><em>doctoris</em></span> <span class='ocrx_word' id='word_1_109' title='bbox 1945 674 2040 698; x_wconf 78' lang='lat' dir='ltr'><em>famosi</em></span> <span class='ocrx_word' id='word_1_110' title='bbox 2062 674 2088 697; x_wconf 88' lang='lat' dir='ltr'><em>in</em></span> <span class='ocrx_word' id='word_1_111' title='bbox 2109 674 2247 702; x_wconf 85' lang='lat' dir='ltr'><em>medicina,</em></span> 
     </span>
     <span class='ocr_line' id='line_1_8' title="bbox 379 719 2249 755; baseline -0.003 -7"><span class='ocrx_word' id='word_1_112' title='bbox 379 727 471 747; x_wconf 86' lang='lat' dir='ltr'><em>contra</em></span> <span class='ocrx_word' id='word_1_113' title='bbox 486 724 636 755; x_wconf 74' lang='lat' dir='ltr'>passiones,</span> <span class='ocrx_word' id='word_1_114' title='bbox 652 727 700 747; x_wconf 80' lang='lat' dir='ltr'><em>etc.</em></span> <span class='ocrx_word' id='word_1_115' title='bbox 715 732 727 746; x_wconf 82' lang='lat'>»</span> <span class='ocrx_word' id='word_1_116' title='bbox 743 724 835 747; x_wconf 77' lang='lat' dir='ltr'><em>Postea</em></span> <span class='ocrx_word' id='word_1_117' title='bbox 849 723 937 746; x_wconf 88' lang='lat' dir='ltr'><em>obitus</em></span> <span class='ocrx_word' id='word_1_118' title='bbox 951 722 1136 746; x_wconf 75' lang='lat' dir='ltr'><em>celebrabatur</em></span> <span class='ocrx_word' id='word_1_119' title='bbox 1151 730 1166 744; x_wconf 82' lang='lat' dir='ltr'><em>a</em></span> <span class='ocrx_word' id='word_1_120' title='bbox 1182 722 1231 745; x_wconf 80' lang='lat' dir='ltr'><em>sac.</em></span> <span class='ocrx_word' id='word_1_121' title='bbox 1246 721 1315 744; x_wconf 86' lang='lat' dir='ltr'><em>med.</em></span> <span class='ocrx_word' id='word_1_122' title='bbox 1332 729 1420 744; x_wconf 85' lang='lat' dir='ltr'><em>mense</em></span> <span class='ocrx_word' id='word_1_123' title='bbox 1436 721 1580 744; x_wconf 75' lang='lat' dir='ltr'><strong>Februario</strong></span> <span class='ocrx_word' id='word_1_124' title='bbox 1595 729 1600 744; x_wconf 81' lang='lat' dir='ltr'>z</span> <span class='ocrx_word' id='word_1_125' title='bbox 1619 730 1631 744; x_wconf 71' lang='grc' dir='ltr'><em>(ι</em></span> <span class='ocrx_word' id='word_1_126' title='bbox 1644 721 1686 744; x_wconf 81' lang='lat' dir='ltr'><em>die</em></span> <span class='ocrx_word' id='word_1_127' title='bbox 1701 720 1794 744; x_wconf 81' lang='lat' dir='ltr'><em>martis</em></span> <span class='ocrx_word' id='word_1_128' title='bbox 1810 723 1871 752; x_wconf 83' lang='lat' dir='ltr'><em>post</em></span> <span class='ocrx_word' id='word_1_129' title='bbox 1887 719 2047 743; x_wconf 86' lang='lat' dir='ltr'><em>dominicum</em></span> <span class='ocrx_word' id='word_1_130' title='bbox 2064 719 2184 743; x_wconf 81' lang='lat' dir='ltr'><em>Laetare</em></span> <span class='ocrx_word' id='word_1_131' title='bbox 2200 727 2249 750; x_wconf 86' lang='lat' dir='ltr'><em>pro</em></span> 
     </span>
     <span class='ocr_line' id='line_1_9' title="bbox 380 763 2249 800; baseline -0.003 -7"><span class='ocrx_word' id='word_1_132' title='bbox 380 769 516 800; x_wconf 76' lang='lat' dir='ltr'>magistris</span> <span class='ocrx_word' id='word_1_133' title='bbox 531 769 652 792; x_wconf 82' lang='lat' dir='ltr'><em>Johanne</em></span> <span class='ocrx_word' id='word_1_134' title='bbox 667 769 748 792; x_wconf 81' lang='lat' dir='ltr'><em>Rose&#39;e</em></span> <span class='ocrx_word' id='word_1_135' title='bbox 763 771 788 792; x_wconf 84' lang='lat' dir='ltr'><em>et</em></span> <span class='ocrx_word' id='word_1_136' title='bbox 803 768 944 792; x_wconf 87' lang='lat' dir='ltr'><em>Guillelmo</em></span> <span class='ocrx_word' id='word_1_137' title='bbox 959 768 990 790; x_wconf 82' lang='lat' dir='ltr'><em>de</em></span> <span class='ocrx_word' id='word_1_138' title='bbox 1003 767 1087 798; x_wconf 77' lang='lat' dir='ltr'><em>Algia,</em></span> <span class='ocrx_word' id='word_1_139' title='bbox 1105 766 1326 797; x_wconf 83' lang='lat' dir='ltr'><em>celebranturque</em></span> <span class='ocrx_word' id='word_1_140' title='bbox 1341 765 1408 789; x_wconf 84' lang='lat' dir='ltr'><em>duae</em></span> <span class='ocrx_word' id='word_1_141' title='bbox 1424 765 1531 795; x_wconf 85' lang='lat' dir='ltr'><em>missae,</em></span> <span class='ocrx_word' id='word_1_142' title='bbox 1545 774 1597 789; x_wconf 85' lang='lat' dir='ltr'><em>una</em></span> <span class='ocrx_word' id='word_1_143' title='bbox 1610 766 1672 795; x_wconf 82' lang='lat' dir='ltr'><em>altu,</em></span> <span class='ocrx_word' id='word_1_144' title='bbox 1689 766 1773 789; x_wconf 81' lang='lat' dir='ltr'><em>altera</em></span> <span class='ocrx_word' id='word_1_145' title='bbox 1787 765 1922 788; x_wconf 82' lang='lat' dir='ltr'><em>submissa</em></span> <span class='ocrx_word' id='word_1_146' title='bbox 1934 773 2005 793; x_wconf 74' lang='lat' dir='ltr'><em>voce,</em></span> <span class='ocrx_word' id='word_1_147' title='bbox 2019 772 2079 787; x_wconf 90' lang='lat' dir='ltr'><em>cum</em></span> <span class='ocrx_word' id='word_1_148' title='bbox 2091 763 2191 796; x_wconf 80' lang='lat' dir='ltr'><em>vigiliis</em></span> <span class='ocrx_word' id='word_1_149' title='bbox 2206 763 2249 787; x_wconf 84' lang='lat' dir='ltr'><em>die</em></span> 
     </span>
    </p>
   </div>
   <div class='ocr_carea' id='block_1_4' title="bbox 379 811 1224 845">
    <p class='ocr_par' dir='ltr' id='par_1_4' title="bbox 379 811 1224 845">
     <span class='ocr_line' id='line_1_10' title="bbox 379 811 1224 845; baseline -0.005 -8"><span class='ocrx_word' id='word_1_150' title='bbox 379 814 457 837; x_wconf 83' lang='lat' dir='ltr'><em>lunae</em></span> <span class='ocrx_word' id='word_1_151' title='bbox 472 813 623 845; x_wconf 68' lang='lat' dir='ltr'>precedenti</span> <span class='ocrx_word' id='word_1_152' title='bbox 639 823 651 835; x_wconf 68' lang='grc' dir='ltr'><em>»ι</em></span> <span class='ocrx_word' id='word_1_153' title='bbox 667 813 763 844; x_wconf 77' lang='lat' dir='ltr'><em>(Ritus</em></span> <span class='ocrx_word' id='word_1_154' title='bbox 777 818 803 838; x_wconf 82' lang='lat' dir='ltr'><em>et</em></span> <span class='ocrx_word' id='word_1_155' title='bbox 816 820 887 838; x_wconf 78' lang='lat' dir='ltr'><em>usus</em></span> <span class='ocrx_word' id='word_1_156' title='bbox 899 814 954 843; x_wconf 80' lang='lat' dir='ltr'><em>sac.</em></span> <span class='ocrx_word' id='word_1_157' title='bbox 968 814 1049 842; x_wconf 55' lang='lat' dir='ltr'><em>med„</em></span> <span class='ocrx_word' id='word_1_158' title='bbox 1065 811 1135 841; x_wconf 87' lang='lat'><strong>1751,</strong></span> <span class='ocrx_word' id='word_1_159' title='bbox 1149 820 1176 842; x_wconf 89' lang='lat' dir='ltr'><em>p.</em></span> <span class='ocrx_word' id='word_1_160' title='bbox 1192 811 1224 842; x_wconf 85' lang='lat'><em>4).</em></span> 
     </span>
    </p>
   </div>
   <div class='ocr_carea' id='block_1_5' title="bbox 379 1000 2250 1389">
    <p class='ocr_par' dir='ltr' id='par_1_5' title="bbox 379 1000 2250 1389">
     <span class='ocr_line' id='line_1_11' title="bbox 379 1000 2249 1042; baseline -0.003 -4"><span class='ocrx_word' id='word_1_161' title='bbox 379 1000 524 1037; x_wconf 78' lang='grc'><em>2688.</em></span> <span class='ocrx_word' id='word_1_162' title='bbox 553 1009 727 1035; x_wconf 74' lang='lat' dir='ltr'><em>Universitas</em></span> <span class='ocrx_word' id='word_1_163' title='bbox 752 1009 848 1035; x_wconf 88' lang='lat' dir='ltr'><em>Paris.</em></span> <span class='ocrx_word' id='word_1_164' title='bbox 871 1008 1002 1034; x_wconf 86' lang='lat' dir='ltr'><em>Decemb.</em></span> <span class='ocrx_word' id='word_1_165' title='bbox 1020 1010 1054 1036; x_wconf 75' lang='lat'><em>29</em></span> <span class='ocrx_word' id='word_1_166' title='bbox 1070 1013 1097 1035; x_wconf 89' lang='lat' dir='ltr'><em>et</em></span> <span class='ocrx_word' id='word_1_167' title='bbox 1116 1010 1150 1037; x_wconf 87' lang='lat'><em>30</em></span> <span class='ocrx_word' id='word_1_168' title='bbox 1171 1009 1316 1036; x_wconf 79' lang='lat' dir='ltr'><em>concludit</em></span> <span class='ocrx_word' id='word_1_169' title='bbox 1336 1008 1566 1035; x_wconf 69' lang='lat' dir='ltr'><em>ambassiatores</em></span> <span class='ocrx_word' id='word_1_170' title='bbox 1587 1006 1740 1032; x_wconf 86' lang='lat' dir='ltr'><em>mittendos</em></span> <span class='ocrx_word' id='word_1_171' title='bbox 1756 1015 1772 1033; x_wconf 71' lang='lat'><em>&lt;4</em></span> <span class='ocrx_word' id='word_1_172' title='bbox 1787 1007 1873 1033; x_wconf 88' lang='lat' dir='ltr'><em>citius</em></span> <span class='ocrx_word' id='word_1_173' title='bbox 1896 1015 1951 1042; x_wconf 85' lang='lat' dir='ltr'><em>quo</em></span> <span class='ocrx_word' id='word_1_174' title='bbox 1972 1005 2038 1041; x_wconf 84' lang='lat' dir='ltr'><em>fieri</em></span> <span class='ocrx_word' id='word_1_175' title='bbox 2055 1005 2191 1042; x_wconf 74' lang='lat' dir='ltr'><em>poterit»</em></span> <span class='ocrx_word' id='word_1_176' title='bbox 2208 1005 2249 1032; x_wconf 84' lang='lat' dir='ltr'><em>ad</em></span> 
     </span>
     <span class='ocr_line' id='line_1_12' title="bbox 466 1054 2250 1094; baseline -0.001 -10"><span class='ocrx_word' id='word_1_177' title='bbox 466 1059 576 1093; x_wconf 75' lang='lat' dir='ltr'><em>regiam</em></span> <span class='ocrx_word' id='word_1_178' title='bbox 592 1059 772 1093; x_wconf 83' lang='lat' dir='ltr'><em>majestatem</em></span> <span class='ocrx_word' id='word_1_179' title='bbox 788 1067 875 1094; x_wconf 88' lang='lat' dir='ltr'><em>super</em></span> <span class='ocrx_word' id='word_1_180' title='bbox 889 1061 968 1092; x_wconf 77' lang='lat' dir='ltr'><em>sacto</em></span> <span class='ocrx_word' id='word_1_181' title='bbox 981 1058 1207 1094; x_wconf 75' lang='lat' dir='ltr'><em>privilegiorum.</em></span> <span class='ocrx_word' id='word_1_182' title='bbox 1227 1060 1290 1084; x_wconf 83' lang='lat' dir='ltr'><em>Jam</em></span> <span class='ocrx_word' id='word_1_183' title='bbox 1306 1063 1394 1085; x_wconf 87' lang='lat' dir='ltr'><em>antea</em></span> <span class='ocrx_word' id='word_1_184' title='bbox 1410 1058 1543 1092; x_wconf 76' lang='lat' dir='ltr'><em>magistri</em></span> <span class='ocrx_word' id='word_1_185' title='bbox 1561 1058 1665 1083; x_wconf 87' lang='lat' dir='ltr'><em>Petrus</em></span> <span class='ocrx_word' id='word_1_186' title='bbox 1686 1058 1756 1092; x_wconf 81' lang='lat' dir='ltr'><em>Cory</em></span> <span class='ocrx_word' id='word_1_187' title='bbox 1770 1060 1797 1082; x_wconf 92' lang='lat' dir='ltr'><em>et</em></span> <span class='ocrx_word' id='word_1_188' title='bbox 1815 1056 1973 1091; x_wconf 83' lang='lat' dir='ltr'><em>Gaufridus</em></span> <span class='ocrx_word' id='word_1_189' title='bbox 1990 1055 2149 1082; x_wconf 88' lang='lat' dir='ltr'><em>Normanni</em></span> <span class='ocrx_word' id='word_1_190' title='bbox 2164 1054 2250 1082; x_wconf 85' lang='lat' dir='ltr'><em>electi.</em></span> 
     </span>
     <span class='ocr_line' id='line_1_13' title="bbox 465 1104 2246 1142; baseline -0.002 -8"><span class='ocrx_word' id='word_1_191' title='bbox 465 1111 556 1142; x_wconf 80' lang='lat' dir='ltr'><em>erant,</em></span> <span class='ocrx_word' id='word_1_192' title='bbox 579 1111 606 1133; x_wconf 86' lang='lat' dir='ltr'><em>et</em></span> <span class='ocrx_word' id='word_1_193' title='bbox 632 1107 806 1133; x_wconf 70' lang='lat' dir='ltr'><em>Universitas</em></span> <span class='ocrx_word' id='word_1_194' title='bbox 826 1107 988 1133; x_wconf 79' lang='lat' dir='ltr'><em>desistebat</em></span> <span class='ocrx_word' id='word_1_195' title='bbox 1010 1108 1096 1134; x_wconf 87' lang='lat' dir='ltr'><em>eliam</em></span> <span class='ocrx_word' id='word_1_196' title='bbox 1117 1108 1268 1134; x_wconf 84' lang='lat' dir='ltr'><em>Robertum</em></span> <span class='ocrx_word' id='word_1_197' title='bbox 1293 1107 1408 1134; x_wconf 86' lang='lat' dir='ltr'><em>Ciboule</em></span> <span class='ocrx_word' id='word_1_198' title='bbox 1431 1111 1458 1133; x_wconf 87' lang='lat' dir='ltr'><em>et</em></span> <span class='ocrx_word' id='word_1_199' title='bbox 1478 1108 1592 1133; x_wconf 87' lang='lat' dir='ltr'><em>Petrum</em></span> <span class='ocrx_word' id='word_1_200' title='bbox 1613 1105 1747 1140; x_wconf 74' lang='lat' dir='ltr'><em>Maugier</em></span> <span class='ocrx_word' id='word_1_201' title='bbox 1768 1106 1890 1132; x_wconf 88' lang='lat' dir='ltr'><em>mittere.</em></span> <span class='ocrx_word' id='word_1_202' title='bbox 1913 1104 2049 1131; x_wconf 81' lang='lat' dir='ltr'><em>Ianuarii</em></span> <span class='ocrx_word' id='word_1_203' title='bbox 2063 1105 2098 1131; x_wconf 92' lang='lat'><em>15</em></span> <span class='ocrx_word' id='word_1_204' title='bbox 2115 1104 2150 1130; x_wconf 84' lang='lat' dir='ltr'><em>de</em></span> <span class='ocrx_word' id='word_1_205' title='bbox 2159 1104 2246 1140; x_wconf 85' lang='lat' dir='ltr'><em>jura-</em></span> 
     </span>
     <span class='ocr_line' id='line_1_14' title="bbox 465 1153 2248 1193; baseline -0.002 -11"><span class='ocrx_word' id='word_1_206' title='bbox 465 1161 557 1183; x_wconf 87' lang='lat' dir='ltr'><em>mento</em></span> <span class='ocrx_word' id='word_1_207' title='bbox 574 1160 601 1183; x_wconf 89' lang='lat' dir='ltr'><em>et</em></span> <span class='ocrx_word' id='word_1_208' title='bbox 614 1156 855 1182; x_wconf 87' lang='lat' dir='ltr'><em>Instructionibus</em></span> <span class='ocrx_word' id='word_1_209' title='bbox 871 1156 1023 1191; x_wconf 82' lang='lat' dir='ltr'><em>agebatur.</em></span> <span class='ocrx_word' id='word_1_210' title='bbox 1045 1157 1101 1183; x_wconf 81' lang='lat' dir='ltr'><em>Sed</em></span> <span class='ocrx_word' id='word_1_211' title='bbox 1119 1158 1185 1184; x_wconf 85' lang='lat' dir='ltr'><em>Jan.</em></span> <span class='ocrx_word' id='word_1_212' title='bbox 1199 1158 1234 1184; x_wconf 84' lang='lat'><em>18</em></span> <span class='ocrx_word' id='word_1_213' title='bbox 1249 1161 1276 1183; x_wconf 88' lang='lat' dir='ltr'><em>et</em></span> <span class='ocrx_word' id='word_1_214' title='bbox 1291 1158 1325 1184; x_wconf 80' lang='lat'><em>23</em></span> <span class='ocrx_word' id='word_1_215' title='bbox 1341 1157 1454 1193; x_wconf 84' lang='lat' dir='ltr'><em>placuit</em></span> <span class='ocrx_word' id='word_1_216' title='bbox 1471 1165 1524 1193; x_wconf 87' lang='lat' dir='ltr'><em>pro</em></span> <span class='ocrx_word' id='word_1_217' title='bbox 1540 1165 1614 1182; x_wconf 88' lang='lat' dir='ltr'><em>nunc</em></span> <span class='ocrx_word' id='word_1_218' title='bbox 1631 1164 1687 1181; x_wconf 90' lang='lat' dir='ltr'><em>non</em></span> <span class='ocrx_word' id='word_1_219' title='bbox 1705 1155 1816 1181; x_wconf 85' lang='lat' dir='ltr'><em>mittere</em></span> <span class='ocrx_word' id='word_1_220' title='bbox 1832 1154 2054 1189; x_wconf 74' lang='lat' dir='ltr'><em>ambassiatom,</em></span> <span class='ocrx_word' id='word_1_221' title='bbox 2075 1153 2146 1189; x_wconf 86' lang='lat' dir='ltr'><em>quia</em></span> <span class='ocrx_word' id='word_1_222' title='bbox 2167 1153 2248 1180; x_wconf 86' lang='lat' dir='ltr'><em>natio</em></span> 
     </span>
     <span class='ocr_line' id='line_1_15' title="bbox 463 1203 2249 1243; baseline -0.001 -12"><span class='ocrx_word' id='word_1_223' title='bbox 463 1206 621 1232; x_wconf 84' lang='lat' dir='ltr'><em>Picardiae</em></span> <span class='ocrx_word' id='word_1_224' title='bbox 636 1206 837 1232; x_wconf 87' lang='lat' dir='ltr'><em>ambassiatae</em></span> <span class='ocrx_word' id='word_1_225' title='bbox 853 1206 1010 1232; x_wconf 84' lang='lat' dir='ltr'><em>mittendae</em></span> <span class='ocrx_word' id='word_1_226' title='bbox 1025 1215 1056 1232; x_wconf 84' lang='lat' dir='ltr'><em>se</em></span> <span class='ocrx_word' id='word_1_227' title='bbox 1069 1207 1212 1243; x_wconf 84' lang='lat' dir='ltr'><em>opposuit.</em></span> <span class='ocrx_word' id='word_1_228' title='bbox 1229 1206 1380 1233; x_wconf 85' lang='lat' dir='ltr'><em>Scribatur</em></span> <span class='ocrx_word' id='word_1_229' title='bbox 1392 1206 1483 1232; x_wconf 86' lang='lat' dir='ltr'><em>solum</em></span> <span class='ocrx_word' id='word_1_230' title='bbox 1499 1205 1569 1240; x_wconf 78' lang='lat' dir='ltr'><em>regi,</em></span> <span class='ocrx_word' id='word_1_231' title='bbox 1587 1208 1615 1231; x_wconf 86' lang='lat' dir='ltr'><em>et</em></span> <span class='ocrx_word' id='word_1_232' title='bbox 1629 1213 1645 1231; x_wconf 86' lang='lat'>‹</span> <span class='ocrx_word' id='word_1_233' title='bbox 1658 1205 1716 1230; x_wconf 85' lang='lat' dir='ltr'><em>nisi</em></span> <span class='ocrx_word' id='word_1_234' title='bbox 1732 1204 1849 1230; x_wconf 76' lang='lat' dir='ltr'><em>votivum</em></span> <span class='ocrx_word' id='word_1_235' title='bbox 1863 1213 2029 1240; x_wconf 91' lang='lat' dir='ltr'><em>responsum</em></span> <span class='ocrx_word' id='word_1_236' title='bbox 2045 1203 2137 1238; x_wconf 87' lang='lat' dir='ltr'><em>daret,</em></span> <span class='ocrx_word' id='word_1_237' title='bbox 2153 1211 2249 1229; x_wconf 83' lang='lat' dir='ltr'><em>cessa-</em></span> 
     </span>
     <span class='ocr_line' id='line_1_16' title="bbox 463 1252 2247 1282; baseline -0.002 -1"><span class='ocrx_word' id='word_1_238' title='bbox 463 1265 557 1282; x_wconf 84' lang='lat' dir='ltr'><em>remus</em></span> <span class='ocrx_word' id='word_1_239' title='bbox 573 1255 610 1281; x_wconf 87' lang='lat' dir='ltr'><em>ab</em></span> <span class='ocrx_word' id='word_1_240' title='bbox 631 1255 707 1281; x_wconf 86' lang='lat' dir='ltr'><em>omni</em></span> <span class='ocrx_word' id='word_1_241' title='bbox 725 1259 793 1281; x_wconf 86' lang='lat' dir='ltr'><em>actu</em></span> <span class='ocrx_word' id='word_1_242' title='bbox 808 1255 963 1281; x_wconf 87' lang='lat' dir='ltr'><em>scolastico</em></span> <span class='ocrx_word' id='word_1_243' title='bbox 977 1265 1002 1282; x_wconf 69' lang='lat'><em>›.</em></span> <span class='ocrx_word' id='word_1_244' title='bbox 1020 1257 1089 1282; x_wconf 88' lang='lat' dir='ltr'><em>Fere</em></span> <span class='ocrx_word' id='word_1_245' title='bbox 1102 1255 1177 1282; x_wconf 86' lang='lat' dir='ltr'><em>idem</em></span> <span class='ocrx_word' id='word_1_246' title='bbox 1193 1257 1281 1282; x_wconf 83' lang='lat' dir='ltr'><em>etiam</em></span> <span class='ocrx_word' id='word_1_247' title='bbox 1297 1255 1378 1282; x_wconf 87' lang='lat' dir='ltr'><em>Febr.</em></span> <span class='ocrx_word' id='word_1_248' title='bbox 1395 1257 1429 1282; x_wconf 80' lang='lat'><em>29</em></span> <span class='ocrx_word' id='word_1_249' title='bbox 1443 1255 1606 1281; x_wconf 82' lang='lat' dir='ltr'><em>conclusum</em></span> <span class='ocrx_word' id='word_1_250' title='bbox 1624 1258 1676 1281; x_wconf 85' lang='lat' dir='ltr'><em>est.</em></span> <span class='ocrx_word' id='word_1_251' title='bbox 1694 1253 1889 1280; x_wconf 81' lang='lat' dir='ltr'><em>Nihilominus</em></span> <span class='ocrx_word' id='word_1_252' title='bbox 1905 1258 2002 1280; x_wconf 87' lang='lat' dir='ltr'><em>tamen</em></span> <span class='ocrx_word' id='word_1_253' title='bbox 2017 1252 2247 1279; x_wconf 84' lang='lat' dir='ltr'><em>ambassiatores</em></span> 
     </span>
     <span class='ocr_line' id='line_1_17' title="bbox 462 1300 2249 1341; baseline -0.001 -10"><span class='ocrx_word' id='word_1_254' title='bbox 462 1309 565 1341; x_wconf 86' lang='lat' dir='ltr'><em>postea</em></span> <span class='ocrx_word' id='word_1_255' title='bbox 588 1305 628 1330; x_wconf 84' lang='lat' dir='ltr'><em>ad</em></span> <span class='ocrx_word' id='word_1_256' title='bbox 649 1314 742 1340; x_wconf 78' lang='lat' dir='ltr'><em>regem</em></span> <span class='ocrx_word' id='word_1_257' title='bbox 761 1306 887 1341; x_wconf 79' lang='lat' dir='ltr'><em>profecti</em></span> <span class='ocrx_word' id='word_1_258' title='bbox 907 1309 982 1339; x_wconf 85' lang='lat' dir='ltr'><em>sunt,</em></span> <span class='ocrx_word' id='word_1_259' title='bbox 1000 1305 1104 1331; x_wconf 87' lang='lat' dir='ltr'><em>saltem</em></span> <span class='ocrx_word' id='word_1_260' title='bbox 1125 1305 1284 1340; x_wconf 84' lang='lat' dir='ltr'><em>Gaufridus</em></span> <span class='ocrx_word' id='word_1_261' title='bbox 1308 1305 1466 1331; x_wconf 85' lang='lat' dir='ltr'><em>Normanni</em></span> <span class='ocrx_word' id='word_1_262' title='bbox 1489 1304 1590 1330; x_wconf 87' lang='lat' dir='ltr'><em>Martii</em></span> <span class='ocrx_word' id='word_1_263' title='bbox 1611 1305 1645 1331; x_wconf 93' lang='grc'><strong>17</strong></span> <span class='ocrx_word' id='word_1_264' title='bbox 1665 1303 1746 1340; x_wconf 82' lang='lat' dir='ltr'><em>apud</em></span> <span class='ocrx_word' id='word_1_265' title='bbox 1770 1303 1863 1340; x_wconf 88' lang='lat' dir='ltr'><em>ipsum</em></span> <span class='ocrx_word' id='word_1_266' title='bbox 1882 1303 1967 1338; x_wconf 68' lang='lat' dir='ltr'><em>fuitl,</em></span> <span class='ocrx_word' id='word_1_267' title='bbox 1988 1303 2071 1329; x_wconf 87' lang='lat' dir='ltr'><em>immo</em></span> <span class='ocrx_word' id='word_1_268' title='bbox 2091 1302 2192 1328; x_wconf 84' lang='lat' dir='ltr'><em>Martii</em></span> <span class='ocrx_word' id='word_1_269' title='bbox 2212 1300 2249 1329; x_wconf 77' lang='lat'><em>22&#39;</em></span> 
     </span>
     <span class='ocr_line' id='line_1_18' title="bbox 469 1352 2048 1389; baseline -0.002 -9"><span class='ocrx_word' id='word_1_270' title='bbox 469 1354 643 1381; x_wconf 73' lang='lat' dir='ltr'><em>Universitas</em></span> <span class='ocrx_word' id='word_1_271' title='bbox 659 1353 699 1380; x_wconf 85' lang='lat' dir='ltr'><em>ad</em></span> <span class='ocrx_word' id='word_1_272' title='bbox 713 1363 774 1380; x_wconf 86' lang='lat' dir='ltr'><em>eum</em></span> <span class='ocrx_word' id='word_1_273' title='bbox 792 1354 946 1389; x_wconf 78' lang='lat' dir='ltr'><em>magistros</em></span> <span class='ocrx_word' id='word_1_274' title='bbox 965 1354 1145 1381; x_wconf 87' lang='lat' dir='ltr'><em>Guillelmum</em></span> <span class='ocrx_word' id='word_1_275' title='bbox 1159 1354 1273 1381; x_wconf 85' lang='lat' dir='ltr'><em>Bouille&#39;</em></span> <span class='ocrx_word' id='word_1_276' title='bbox 1288 1358 1315 1381; x_wconf 83' lang='lat' dir='ltr'><em>et</em></span> <span class='ocrx_word' id='word_1_277' title='bbox 1330 1356 1446 1380; x_wconf 88' lang='lat' dir='ltr'><em>Petrum</em></span> <span class='ocrx_word' id='word_1_278' title='bbox 1462 1354 1596 1388; x_wconf 74' lang='lat' dir='ltr'><em>Maugier</em></span> <span class='ocrx_word' id='word_1_279' title='bbox 1611 1362 1672 1379; x_wconf 86' lang='lat' dir='ltr'><em>cum</em></span> <span class='ocrx_word' id='word_1_280' title='bbox 1685 1352 1890 1389; x_wconf 80' lang='lat' dir='ltr'><em>procuratorio</em></span> <span class='ocrx_word' id='word_1_281' title='bbox 1906 1352 2048 1378; x_wconf 87' lang='lat' dir='ltr'><em>mittebat.</em></span> 
     </span>
    </p>
   </div>
   <div class='ocr_carea' id='block_1_6' title="bbox 1322 1442 1959 1476">
    <p class='ocr_par' dir='ltr' id='par_1_6' title="bbox 1322 1442 1959 1476">
     <span class='ocr_line' id='line_1_19' title="bbox 1322 1442 1959 1476; baseline -0.002 -7"><span class='ocrx_word' id='word_1_282' title='bbox 1322 1443 1391 1473; x_wconf 76' lang='lat'><strong><em>1457,</em></strong></span> <span class='ocrx_word' id='word_1_283' title='bbox 1408 1443 1523 1469; x_wconf 79' lang='lat' dir='ltr'><em>Decomb.</em></span> <span class='ocrx_word' id='word_1_284' title='bbox 1538 1442 1665 1472; x_wconf 78' lang='lat'><em>29-7452.</em></span> <span class='ocrx_word' id='word_1_285' title='bbox 1679 1443 1766 1469; x_wconf 69' lang='lat' dir='ltr'><em>Martii</em></span> <span class='ocrx_word' id='word_1_286' title='bbox 1779 1443 1827 1476; x_wconf 85' lang='lat'><em>22,</em></span> <span class='ocrx_word' id='word_1_287' title='bbox 1844 1442 1959 1468; x_wconf 80' lang='lat' dir='ltr'><em>Parisiis.</em></span> 
     </span>
    </p>
   </div>
   <div class='ocr_carea' id='block_1_7' title="bbox 373 1528 2245 1608">
    <p class='ocr_par' dir='ltr' id='par_1_7' title="bbox 373 1528 2245 1608">
     <span class='ocr_line' id='line_1_20' title="bbox 466 1528 2245 1564; baseline -0.002 -8"><span class='ocrx_word' id='word_1_288' title='bbox 466 1533 584 1556; x_wconf 74' lang='lat' dir='ltr'><em>Auctor.</em></span> <span class='ocrx_word' id='word_1_289' title='bbox 601 1532 737 1561; x_wconf 58' lang='lat' dir='ltr'><em>chartul„</em></span> <span class='ocrx_word' id='word_1_290' title='bbox 755 1532 787 1562; x_wconf 86' lang='grc'><em>11,</em></span> <span class='ocrx_word' id='word_1_291' title='bbox 804 1540 831 1563; x_wconf 87' lang='lat' dir='ltr'><em>p.</em></span> <span class='ocrx_word' id='word_1_292' title='bbox 850 1532 903 1559; x_wconf 79' lang='grc'><strong>869,</strong></span> <span class='ocrx_word' id='word_1_293' title='bbox 921 1532 964 1560; x_wconf 67' lang='grc'><strong>29,</strong></span> <span class='ocrx_word' id='word_1_294' title='bbox 985 1533 1040 1562; x_wconf 83' lang='grc'><strong>870,</strong></span> <span class='ocrx_word' id='word_1_295' title='bbox 1057 1532 1079 1560; x_wconf 83' lang='grc'><em>2,</em></span> <span class='ocrx_word' id='word_1_296' title='bbox 1098 1533 1120 1560; x_wconf 85' lang='grc'><em>6,</em></span> <span class='ocrx_word' id='word_1_297' title='bbox 1139 1531 1180 1560; x_wconf 85' lang='grc'><em>11;</em></span> <span class='ocrx_word' id='word_1_298' title='bbox 1203 1531 1258 1560; x_wconf 88' lang='grc'><strong>871,</strong></span> <span class='ocrx_word' id='word_1_299' title='bbox 1274 1533 1312 1561; x_wconf 80' lang='grc'><em>25,</em></span> <span class='ocrx_word' id='word_1_300' title='bbox 1326 1532 1368 1560; x_wconf 81' lang='grc'><strong>34;</strong></span> <span class='ocrx_word' id='word_1_301' title='bbox 1390 1532 1444 1560; x_wconf 82' lang='grc'><strong>872,</strong></span> <span class='ocrx_word' id='word_1_302' title='bbox 1461 1532 1491 1555; x_wconf 82' lang='grc'><em>36</em></span> <span class='ocrx_word' id='word_1_303' title='bbox 1507 1538 1576 1564; x_wconf 82' lang='lat' dir='ltr'><em>sqq.;</em></span> <span class='ocrx_word' id='word_1_304' title='bbox 1599 1531 1653 1560; x_wconf 80' lang='lat'><em>876,</em></span> <span class='ocrx_word' id='word_1_305' title='bbox 1669 1531 1711 1559; x_wconf 85' lang='lat'><em>28;</em></span> <span class='ocrx_word' id='word_1_306' title='bbox 1728 1531 1783 1559; x_wconf 87' lang='lat'><strong>877,</strong></span> <span class='ocrx_word' id='word_1_307' title='bbox 1796 1530 1835 1561; x_wconf 88' lang='lat'><em>31,</em></span> <span class='ocrx_word' id='word_1_308' title='bbox 1851 1531 1881 1553; x_wconf 90' lang='lat'><em>40</em></span> <span class='ocrx_word' id='word_1_309' title='bbox 1897 1538 1964 1562; x_wconf 84' lang='lat' dir='ltr'><em>sqq.;</em></span> <span class='ocrx_word' id='word_1_310' title='bbox 1983 1530 2037 1560; x_wconf 85' lang='grc'><strong>878,</strong></span> <span class='ocrx_word' id='word_1_311' title='bbox 2053 1531 2076 1559; x_wconf 87' lang='grc'><em>5,</em></span> <span class='ocrx_word' id='word_1_312' title='bbox 2091 1530 2114 1558; x_wconf 90' lang='grc'><em>7,</em></span> <span class='ocrx_word' id='word_1_313' title='bbox 2131 1529 2169 1552; x_wconf 89' lang='grc'><em>14.</em></span> <span class='ocrx_word' id='word_1_314' title='bbox 2185 1528 2245 1553; x_wconf 78' lang='lat' dir='ltr'><em>Lib.</em></span> 
     </span>
     <span class='ocr_line' id='line_1_21' title="bbox 373 1576 1079 1608; baseline -0.001 -7"><span class='ocrx_word' id='word_1_315' title='bbox 373 1581 518 1608; x_wconf 81' lang='lat' dir='ltr'><em>procurat.</em></span> <span class='ocrx_word' id='word_1_316' title='bbox 534 1580 593 1601; x_wconf 79' lang='lat' dir='ltr'><em>nat.</em></span> <span class='ocrx_word' id='word_1_317' title='bbox 610 1577 723 1607; x_wconf 69' lang='lat' dir='ltr'><em>Gallie„</em></span> <span class='ocrx_word' id='word_1_318' title='bbox 740 1577 785 1600; x_wconf 85' lang='lat' dir='ltr'><em>tol.</em></span> <span class='ocrx_word' id='word_1_319' title='bbox 802 1577 857 1606; x_wconf 81' lang='grc'><strong>146,</strong></span> <span class='ocrx_word' id='word_1_320' title='bbox 873 1576 939 1604; x_wconf 59' lang='grc'><strong>14717,</strong></span> <span class='ocrx_word' id='word_1_321' title='bbox 954 1576 1079 1600; x_wconf 72' lang='lat'><strong>148-1491‘.</strong></span> 
     </span>
    </p>
   </div>
   <div class='ocr_carea' id='block_1_8' title="bbox 372 1667 2252 1748">
    <p class='ocr_par' dir='ltr' id='par_1_8' title="bbox 372 1667 2252 1748">
     <span class='ocr_line' id='line_1_22' title="bbox 466 1667 2245 1703; baseline -0.003 -8"><span class='ocrx_word' id='word_1_322' title='bbox 466 1670 490 1696; x_wconf 85' lang='grc'><strong>1.</strong></span> <span class='ocrx_word' id='word_1_323' title='bbox 508 1671 591 1702; x_wconf 82' lang='lat' dir='ltr'><em>April.</em></span> <span class='ocrx_word' id='word_1_324' title='bbox 608 1672 619 1694; x_wconf 90' lang='grc'><em>1</em></span> <span class='ocrx_word' id='word_1_325' title='bbox 636 1671 722 1694; x_wconf 83' lang='lat' dir='ltr'><em>adhuc</em></span> <span class='ocrx_word' id='word_1_326' title='bbox 738 1671 763 1694; x_wconf 93' lang='lat' dir='ltr'><em>in</em></span> <span class='ocrx_word' id='word_1_327' title='bbox 779 1671 853 1695; x_wconf 84' lang='lat' dir='ltr'><em>curia</em></span> <span class='ocrx_word' id='word_1_328' title='bbox 868 1671 939 1703; x_wconf 84' lang='lat' dir='ltr'><em>regis</em></span> <span class='ocrx_word' id='word_1_329' title='bbox 953 1674 1131 1695; x_wconf 80' lang='lat' dir='ltr'><em>commoratus</em></span> <span class='ocrx_word' id='word_1_330' title='bbox 1147 1675 1187 1695; x_wconf 85' lang='lat' dir='ltr'><em>est</em></span> <span class='ocrx_word' id='word_1_331' title='bbox 1202 1675 1227 1695; x_wconf 89' lang='lat' dir='ltr'><em>et</em></span> <span class='ocrx_word' id='word_1_332' title='bbox 1242 1671 1416 1696; x_wconf 83' lang='lat' dir='ltr'><em>Universitati</em></span> <span class='ocrx_word' id='word_1_333' title='bbox 1433 1670 1551 1702; x_wconf 79' lang='lat' dir='ltr'><em>scripsit,</em></span> <span class='ocrx_word' id='word_1_334' title='bbox 1567 1674 1592 1694; x_wconf 85' lang='lat' dir='ltr'><em>et</em></span> <span class='ocrx_word' id='word_1_335' title='bbox 1605 1670 1697 1693; x_wconf 83' lang='lat' dir='ltr'><em>exinde</em></span> <span class='ocrx_word' id='word_1_336' title='bbox 1709 1669 1875 1693; x_wconf 86' lang='lat' dir='ltr'><em>Universitas</em></span> <span class='ocrx_word' id='word_1_337' title='bbox 1888 1668 2054 1692; x_wconf 74' lang='lat' dir='ltr'><em>consiliarios</em></span> <span class='ocrx_word' id='word_1_338' title='bbox 2067 1671 2121 1692; x_wconf 82' lang='lat' dir='ltr'><em>tam</em></span> <span class='ocrx_word' id='word_1_339' title='bbox 2133 1667 2165 1691; x_wconf 84' lang='lat' dir='ltr'><em>de</em></span> <span class='ocrx_word' id='word_1_340' title='bbox 2180 1667 2245 1691; x_wconf 88' lang='lat' dir='ltr'><em>Par-</em></span> 
     </span>
     <span class='ocr_line' id='line_1_23' title="bbox 372 1711 2252 1748; baseline -0.002 -9"><span class='ocrx_word' id='word_1_341' title='bbox 372 1717 486 1739; x_wconf 82' lang='lat' dir='ltr'><em>lnmento</em></span> <span class='ocrx_word' id='word_1_342' title='bbox 503 1724 581 1747; x_wconf 88' lang='lat' dir='ltr'><em>quam</em></span> <span class='ocrx_word' id='word_1_343' title='bbox 598 1716 629 1739; x_wconf 85' lang='lat' dir='ltr'><em>de</em></span> <span class='ocrx_word' id='word_1_344' title='bbox 645 1716 786 1740; x_wconf 75' lang='lat' dir='ltr'><em>castelleto</em></span> <span class='ocrx_word' id='word_1_345' title='bbox 802 1716 957 1740; x_wconf 86' lang='lat' dir='ltr'><em>convocavit</em></span> <span class='ocrx_word' id='word_1_346' title='bbox 971 1725 1084 1740; x_wconf 83' lang='lat' dir='ltr'><em>unacum</em></span> <span class='ocrx_word' id='word_1_347' title='bbox 1100 1717 1233 1748; x_wconf 82' lang='lat' dir='ltr'><em>deputatis</em></span> <span class='ocrx_word' id='word_1_348' title='bbox 1250 1716 1447 1745; x_wconf 80' lang='lat' dir='ltr'><em>Universitntis,</em></span> <span class='ocrx_word' id='word_1_349' title='bbox 1465 1725 1476 1739; x_wconf 87' lang='lat'><em>&lt;‹</em></span> <span class='ocrx_word' id='word_1_350' title='bbox 1491 1715 1535 1747; x_wconf 91' lang='lat' dir='ltr'><em>qui</em></span> <span class='ocrx_word' id='word_1_351' title='bbox 1551 1716 1679 1739; x_wconf 74' lang='lat' dir='ltr'><em>haherent</em></span> <span class='ocrx_word' id='word_1_352' title='bbox 1693 1715 1797 1739; x_wconf 79' lang='lat' dir='ltr'><em>avisare</em></span> <span class='ocrx_word' id='word_1_353' title='bbox 1812 1715 1910 1738; x_wconf 88' lang='lat' dir='ltr'><em>bonum</em></span> <span class='ocrx_word' id='word_1_354' title='bbox 1926 1714 2042 1743; x_wconf 88' lang='lat' dir='ltr'><em>modum,</em></span> <span class='ocrx_word' id='word_1_355' title='bbox 2059 1716 2088 1737; x_wconf 89' lang='lat' dir='ltr'><em>ut</em></span> <span class='ocrx_word' id='word_1_356' title='bbox 2102 1711 2252 1745; x_wconf 34' lang='lat' dir='ltr'><em>privilegia,</em></span> 
     </span>
    </p>
   </div>
   <div class='ocr_carea' id='block_1_9' title="bbox 373 1761 1195 1793">
    <p class='ocr_par' dir='ltr' id='par_1_9' title="bbox 373 1761 1195 1793">
     <span class='ocr_line' id='line_1_24' title="bbox 373 1761 1195 1793; baseline 0.001 -9"><span class='ocrx_word' id='word_1_357' title='bbox 373 1761 488 1785; x_wconf 83' lang='lat' dir='ltr'><em>habeant</em></span> <span class='ocrx_word' id='word_1_358' title='bbox 503 1769 580 1784; x_wconf 85' lang='lat' dir='ltr'><em>suum</em></span> <span class='ocrx_word' id='word_1_359' title='bbox 596 1769 704 1785; x_wconf 83' lang='lat' dir='ltr'><em>cursum</em></span> <span class='ocrx_word' id='word_1_360' title='bbox 720 1769 732 1784; x_wconf 91' lang='lat'>»</span> <span class='ocrx_word' id='word_1_361' title='bbox 749 1761 889 1793; x_wconf 77' lang='lat' dir='ltr'><em>(Auctar.‚</em></span> <span class='ocrx_word' id='word_1_362' title='bbox 907 1762 939 1792; x_wconf 88' lang='lat'><em>11,</em></span> <span class='ocrx_word' id='word_1_363' title='bbox 955 1770 982 1793; x_wconf 89' lang='lat' dir='ltr'><em>p.</em></span> <span class='ocrx_word' id='word_1_364' title='bbox 999 1763 1053 1792; x_wconf 78' lang='lat'><strong>879,</strong></span> <span class='ocrx_word' id='word_1_365' title='bbox 1070 1762 1098 1785; x_wconf 81' lang='grc'><em>21</em></span> <span class='ocrx_word' id='word_1_366' title='bbox 1116 1763 1195 1793; x_wconf 85' lang='lat' dir='ltr'><em>sqq.).</em></span> 
     </span>
    </p>
   </div>
   <div class='ocr_carea' id='block_1_10' title="bbox 374 1946 2245 2189">
    <p class='ocr_par' dir='ltr' id='par_1_10' title="bbox 374 1946 2245 2189">
     <span class='ocr_line' id='line_1_25' title="bbox 374 1946 2240 1994; baseline -0.001 -11"><span class='ocrx_word' id='word_1_367' title='bbox 374 1946 519 1984; x_wconf 80' lang='grc'><em>2689.</em></span> <span class='ocrx_word' id='word_1_368' title='bbox 546 1955 713 1982; x_wconf 88' lang='lat' dir='ltr'><em>Guillelmus</em></span> <span class='ocrx_word' id='word_1_369' title='bbox 734 1956 897 1982; x_wconf 88' lang='lat' dir='ltr'><em>cardinalis</em></span> <span class='ocrx_word' id='word_1_370' title='bbox 917 1957 953 1983; x_wconf 87' lang='lat' dir='ltr'><em>de</em></span> <span class='ocrx_word' id='word_1_371' title='bbox 973 1957 1174 1992; x_wconf 69' lang='lat' dir='ltr'><em>Estoutevilla,</em></span> <span class='ocrx_word' id='word_1_372' title='bbox 1197 1961 1292 1994; x_wconf 84' lang='lat' dir='ltr'><em>apost.</em></span> <span class='ocrx_word' id='word_1_373' title='bbox 1316 1957 1395 1983; x_wconf 88' lang='lat' dir='ltr'><em>sedis</em></span> <span class='ocrx_word' id='word_1_374' title='bbox 1415 1957 1538 1992; x_wconf 77' lang='lat' dir='ltr'><em>legatus,</em></span> <span class='ocrx_word' id='word_1_375' title='bbox 1561 1960 1589 1982; x_wconf 87' lang='lat' dir='ltr'><em>et</em></span> <span class='ocrx_word' id='word_1_376' title='bbox 1602 1955 1747 1982; x_wconf 76' lang='lat' dir='ltr'><em>lohannes</em></span> <span class='ocrx_word' id='word_1_377' title='bbox 1763 1954 1918 1989; x_wconf 73' lang='lat' dir='ltr'><em>Brehalli&#39;,</em></span> <span class='ocrx_word' id='word_1_378' title='bbox 1945 1954 2012 1980; x_wconf 87' lang='lat' dir='ltr'><em>Ord.</em></span> <span class='ocrx_word' id='word_1_379' title='bbox 2030 1954 2147 1990; x_wconf 60' lang='lat' dir='ltr'><em>Praed„</em></span> <span class='ocrx_word' id='word_1_380' title='bbox 2166 1964 2240 1990; x_wconf 76' lang='lat' dir='ltr'><em>mag.</em></span> 
     </span>
     <span class='ocr_line' id='line_1_26' title="bbox 461 2004 2244 2043; baseline -0.001 -12"><span class='ocrx_word' id='word_1_381' title='bbox 461 2005 558 2035; x_wconf 78' lang='lat' dir='ltr'><em>theol..</em></span> <span class='ocrx_word' id='word_1_382' title='bbox 583 2006 738 2041; x_wconf 85' lang='lat' dir='ltr'><em>inquisitor</em></span> <span class='ocrx_word' id='word_1_383' title='bbox 760 2006 788 2032; x_wconf 90' lang='lat' dir='ltr'><em>in</em></span> <span class='ocrx_word' id='word_1_384' title='bbox 810 2007 943 2041; x_wconf 75' lang='lat' dir='ltr'><em>Francia,</em></span> <span class='ocrx_word' id='word_1_385' title='bbox 966 2006 1143 2043; x_wconf 81' lang='lat' dir='ltr'><em>presbyteris</em></span> <span class='ocrx_word' id='word_1_386' title='bbox 1159 2006 1290 2032; x_wconf 89' lang='lat' dir='ltr'><em>omnibus</em></span> <span class='ocrx_word' id='word_1_387' title='bbox 1306 2010 1333 2032; x_wconf 91' lang='lat' dir='ltr'><em>et</em></span> <span class='ocrx_word' id='word_1_388' title='bbox 1348 2006 1472 2032; x_wconf 85' lang='lat' dir='ltr'><em>notariis</em></span> <span class='ocrx_word' id='word_1_389' title='bbox 1484 2005 1612 2042; x_wconf 87' lang='lat' dir='ltr'><em>publicis</em></span> <span class='ocrx_word' id='word_1_390' title='bbox 1627 2004 1776 2039; x_wconf 80' lang='lat' dir='ltr'><em>mandant,</em></span> <span class='ocrx_word' id='word_1_391' title='bbox 1796 2008 1826 2030; x_wconf 89' lang='lat' dir='ltr'><em>ut</em></span> <span class='ocrx_word' id='word_1_392' title='bbox 1841 2004 1928 2030; x_wconf 86' lang='lat' dir='ltr'><em>citent</em></span> <span class='ocrx_word' id='word_1_393' title='bbox 1948 2004 1977 2030; x_wconf 90' lang='lat' dir='ltr'><em>in</em></span> <span class='ocrx_word' id='word_1_394' title='bbox 1996 2004 2124 2030; x_wconf 87' lang='lat' dir='ltr'><em>manerio</em></span> <span class='ocrx_word' id='word_1_395' title='bbox 2146 2004 2244 2030; x_wconf 81' lang='lat' dir='ltr'><em>archi-</em></span> 
     </span>
     <span class='ocr_line' id='line_1_27' title="bbox 460 2053 2245 2091; baseline -0.001 -10"><span class='ocrx_word' id='word_1_396' title='bbox 460 2055 622 2091; x_wconf 84' lang='lat' dir='ltr'><em>episcopali</em></span> <span class='ocrx_word' id='word_1_397' title='bbox 635 2056 838 2090; x_wconf 74' lang='lat' dir='ltr'><em>Rotomagensi</em></span> <span class='ocrx_word' id='word_1_398' title='bbox 856 2055 1013 2091; x_wconf 79' lang='lat' dir='ltr'><em>quosdam²</em></span> <span class='ocrx_word' id='word_1_399' title='bbox 1028 2056 1139 2082; x_wconf 89' lang='lat' dir='ltr'><em>laturos</em></span> <span class='ocrx_word' id='word_1_400' title='bbox 1155 2056 1347 2082; x_wconf 83' lang='lat' dir='ltr'><em>testimonium</em></span> <span class='ocrx_word' id='word_1_401' title='bbox 1362 2056 1491 2082; x_wconf 69' lang='lat' dir='ltr'><em>veritatis</em></span> <span class='ocrx_word' id='word_1_402' title='bbox 1511 2055 1539 2081; x_wconf 89' lang='lat' dir='ltr'><em>in</em></span> <span class='ocrx_word' id='word_1_403' title='bbox 1558 2055 1670 2090; x_wconf 77' lang='lat' dir='ltr'><em>negotio</em></span> <span class='ocrx_word' id='word_1_404' title='bbox 1686 2053 1883 2090; x_wconf 84' lang='lat' dir='ltr'><em>inquisitionis</em></span> <span class='ocrx_word' id='word_1_405' title='bbox 1899 2054 1977 2079; x_wconf 86' lang='lat' dir='ltr'><em>cirea</em></span> <span class='ocrx_word' id='word_1_406' title='bbox 1989 2062 2156 2090; x_wconf 81' lang='lat' dir='ltr'><em>processum</em></span> <span class='ocrx_word' id='word_1_407' title='bbox 2173 2053 2245 2088; x_wconf 80' lang='lat' dir='ltr'><em>fidei</em></span> 
     </span>
     <span class='ocr_line' id='line_1_28' title="bbox 460 2103 2244 2140; baseline 0 -10"><span class='ocrx_word' id='word_1_408' title='bbox 460 2104 568 2130; x_wconf 88' lang='lat' dir='ltr'><em>dudum</em></span> <span class='ocrx_word' id='word_1_409' title='bbox 591 2108 691 2131; x_wconf 85' lang='lat' dir='ltr'><em>contra</em></span> <span class='ocrx_word' id='word_1_410' title='bbox 712 2105 874 2131; x_wconf 77' lang='grc' dir='ltr'><em>,ΙοΙιαηηαηι</em></span> <span class='ocrx_word' id='word_1_411' title='bbox 890 2105 1021 2131; x_wconf 86' lang='lat' dir='ltr'><em>Puellam</em></span> <span class='ocrx_word' id='word_1_412' title='bbox 1045 2110 1181 2140; x_wconf 83' lang='lat' dir='ltr'><em>vocatam,</em></span> <span class='ocrx_word' id='word_1_413' title='bbox 1201 2115 1262 2132; x_wconf 85' lang='lat' dir='ltr'><em>cum</em></span> <span class='ocrx_word' id='word_1_414' title='bbox 1285 2105 1465 2132; x_wconf 83' lang='lat' dir='ltr'><em>intimatione</em></span> <span class='ocrx_word' id='word_1_415' title='bbox 1488 2104 1801 2138; x_wconf 78' lang='lat' dir='ltr'><em>excommunicationis,</em></span> <span class='ocrx_word' id='word_1_416' title='bbox 1822 2103 1879 2129; x_wconf 87' lang='lat' dir='ltr'><em>nisi</em></span> <span class='ocrx_word' id='word_1_417' title='bbox 1896 2103 2117 2140; x_wconf 85' lang='lat' dir='ltr'><em>comparuerint.</em></span> <span class='ocrx_word' id='word_1_418' title='bbox 2134 2104 2244 2130; x_wconf 80' lang='lat' dir='ltr'><em>Datum</em></span> 
     </span>
     <span class='ocr_line' id='line_1_29' title="bbox 461 2154 1611 2189; baseline -0.001 -9"><span class='ocrx_word' id='word_1_419' title='bbox 461 2162 508 2180; x_wconf 85' lang='lat' dir='ltr'><em>an.</em></span> <span class='ocrx_word' id='word_1_420' title='bbox 523 2154 643 2181; x_wconf 90' lang='lat' dir='ltr'><em>Domini</em></span> <span class='ocrx_word' id='word_1_421' title='bbox 657 2155 683 2181; x_wconf 91' lang='lat' dir='ltr'>M</span> <span class='ocrx_word' id='word_1_422' title='bbox 697 2154 786 2181; x_wconf 93' lang='lat' dir='ltr'>CCCC</span> <span class='ocrx_word' id='word_1_423' title='bbox 799 2155 854 2185; x_wconf 86' lang='lat' dir='ltr'><strong>LII,</strong></span> <span class='ocrx_word' id='word_1_424' title='bbox 871 2155 917 2182; x_wconf 88' lang='lat' dir='ltr'><em>die</em></span> <span class='ocrx_word' id='word_1_425' title='bbox 928 2155 1002 2189; x_wconf 74' lang='lat' dir='ltr'><em>Jovis</em></span> <span class='ocrx_word' id='word_1_426' title='bbox 1017 2157 1082 2189; x_wconf 86' lang='lat' dir='ltr'><em>post</em></span> <span class='ocrx_word' id='word_1_427' title='bbox 1096 2154 1223 2182; x_wconf 85' lang='lat' dir='ltr'><em>Jubilate</em></span> <span class='ocrx_word' id='word_1_428' title='bbox 1230 2155 1251 2182; x_wconf 86' lang='lat'><em>³.</em></span> <span class='ocrx_word' id='word_1_429' title='bbox 1270 2165 1284 2180; x_wconf 92' lang='lat'>«</span> <span class='ocrx_word' id='word_1_430' title='bbox 1297 2155 1383 2182; x_wconf 88' lang='lat' dir='ltr'><em>Vobis</em></span> <span class='ocrx_word' id='word_1_431' title='bbox 1397 2156 1427 2182; x_wconf 79' lang='lat' dir='ltr'><em>et</em></span> <span class='ocrx_word' id='word_1_432' title='bbox 1441 2156 1570 2182; x_wconf 87' lang='lat' dir='ltr'><em>vestrum</em></span> <span class='ocrx_word' id='word_1_433' title='bbox 1587 2163 1611 2180; x_wconf 68' lang='lat' dir='ltr'><em>n.</em></span> 
     </span>
    </p>
   </div>
   <div class='ocr_carea' id='block_1_11' title="bbox 466 2243 1949 2311">
    <p class='ocr_par' dir='ltr' id='par_1_11' title="bbox 466 2243 1949 2311">
     <span class='ocr_line' id='line_1_30' title="bbox 1601 2243 1949 2276; baseline -0.006 -6"><span class='ocrx_word' id='word_1_434' title='bbox 1601 2244 1678 2274; x_wconf 80' lang='lat'><em>7452,</em></span> <span class='ocrx_word' id='word_1_435' title='bbox 1697 2243 1757 2270; x_wconf 75' lang='lat' dir='ltr'><em>nais</em></span> <span class='ocrx_word' id='word_1_436' title='bbox 1767 2243 1792 2272; x_wconf 73' lang='lat'><em>4.</em></span> <span class='ocrx_word' id='word_1_437' title='bbox 1807 2243 1949 2276; x_wconf 69' lang='lat' dir='ltr'><em>Rotomagi.</em></span> 
     </span>
     <span class='ocr_line' id='line_1_31' title="bbox 466 2278 1209 2311; baseline 0.003 -11"><span class='ocrx_word' id='word_1_438' title='bbox 466 2278 635 2306; x_wconf 70' lang='lat' dir='ltr'><em>chueun,</em></span> <span class='ocrx_word' id='word_1_439' title='bbox 651 2279 752 2303; x_wconf 77' lang='lat' dir='ltr'><em>Preces</em></span> <span class='ocrx_word' id='word_1_440' title='bbox 766 2281 798 2304; x_wconf 82' lang='lat' dir='ltr'><em>de</em></span> <span class='ocrx_word' id='word_1_441' title='bbox 812 2279 921 2303; x_wconf 82' lang='lat' dir='ltr'><em>Jeanne</em></span> <span class='ocrx_word' id='word_1_442' title='bbox 932 2278 1025 2308; x_wconf 82' lang='lat' dir='ltr'><em>d&#39;Arc‚</em></span> <span class='ocrx_word' id='word_1_443' title='bbox 1040 2279 1072 2307; x_wconf 83' lang='grc' dir='ltr'><strong>ΙΙ,</strong></span> <span class='ocrx_word' id='word_1_444' title='bbox 1090 2280 1134 2302; x_wconf 80' lang='lat'><em>295</em></span> <span class='ocrx_word' id='word_1_445' title='bbox 1150 2287 1209 2311; x_wconf 86' lang='lat' dir='ltr'><em>sqq.</em></span> 
     </span>
    </p>
   </div>
   <div class='ocr_carea' id='block_1_12' title="bbox 372 2371 2252 2943">
    <p class='ocr_par' dir='ltr' id='par_1_12' title="bbox 372 2371 2252 2717">
     <span class='ocr_line' id='line_1_32' title="bbox 466 2371 2252 2404; baseline 0 -9"><span class='ocrx_word' id='word_1_446' title='bbox 466 2371 490 2395; x_wconf 81' lang='lat'><em>1.</em></span> <span class='ocrx_word' id='word_1_447' title='bbox 506 2371 564 2395; x_wconf 87' lang='lat' dir='ltr'><em>Vid.</em></span> <span class='ocrx_word' id='word_1_448' title='bbox 581 2372 611 2395; x_wconf 86' lang='lat' dir='ltr'><em>de</em></span> <span class='ocrx_word' id='word_1_449' title='bbox 627 2380 656 2395; x_wconf 84' lang='lat' dir='ltr'><em>eo</em></span> <span class='ocrx_word' id='word_1_450' title='bbox 678 2372 750 2396; x_wconf 89' lang='lat' dir='ltr'><strong>M.-J.</strong></span> <span class='ocrx_word' id='word_1_451' title='bbox 773 2372 863 2395; x_wconf 61' lang='lat' dir='ltr'><em>Baton</em></span> <span class='ocrx_word' id='word_1_452' title='bbox 887 2375 912 2395; x_wconf 83' lang='lat' dir='ltr'><em>et</em></span> <span class='ocrx_word' id='word_1_453' title='bbox 936 2373 1029 2396; x_wconf 81' lang='lat' dir='ltr'><em>Franc.</em></span> <span class='ocrx_word' id='word_1_454' title='bbox 1053 2373 1156 2403; x_wconf 76' lang='lat' dir='ltr'>BALME,</span> <span class='ocrx_word' id='word_1_455' title='bbox 1178 2373 1251 2398; x_wconf 81' lang='lat' dir='ltr'><em>Jean</em></span> <span class='ocrx_word' id='word_1_456' title='bbox 1274 2373 1390 2403; x_wconf 70' lang='lat' dir='ltr'><em>Brehal,</em></span> <span class='ocrx_word' id='word_1_457' title='bbox 1410 2375 1507 2404; x_wconf 64' lang='lat' dir='ltr'><em>§rand</em></span> <span class='ocrx_word' id='word_1_458' title='bbox 1526 2373 1700 2404; x_wconf 77' lang='lat' dir='ltr'><em>inquisiteur</em></span> <span class='ocrx_word' id='word_1_459' title='bbox 1717 2373 1751 2397; x_wconf 83' lang='lat' dir='ltr'><em>de</em></span> <span class='ocrx_word' id='word_1_460' title='bbox 1765 2373 1875 2397; x_wconf 79' lang='lat' dir='ltr'><em>Franee</em></span> <span class='ocrx_word' id='word_1_461' title='bbox 1892 2375 1917 2396; x_wconf 86' lang='lat' dir='ltr'><em>et</em></span> <span class='ocrx_word' id='word_1_462' title='bbox 1937 2372 1966 2396; x_wconf 89' lang='lat' dir='ltr'><em>la</em></span> <span class='ocrx_word' id='word_1_463' title='bbox 1980 2371 2195 2396; x_wconf 77' lang='lat' dir='ltr'><em>re&#39;habilitation</em></span> <span class='ocrx_word' id='word_1_464' title='bbox 2210 2373 2252 2403; x_wconf 55' lang='lat' dir='ltr'><em>de,</em></span> 
     </span>
     <span class='ocr_line' id='line_1_33' title="bbox 372 2416 2243 2449; baseline -0.001 -9"><span class='ocrx_word' id='word_1_465' title='bbox 372 2417 479 2441; x_wconf 81' lang='lat' dir='ltr'><em>Jeanne</em></span> <span class='ocrx_word' id='word_1_466' title='bbox 493 2416 584 2445; x_wconf 84' lang='lat' dir='ltr'><em>d&#39;Arc,</em></span> <span class='ocrx_word' id='word_1_467' title='bbox 599 2416 683 2447; x_wconf 77' lang='lat' dir='ltr'><em>Paris,</em></span> <span class='ocrx_word' id='word_1_468' title='bbox 700 2417 768 2446; x_wconf 79' lang='lat'><strong>1893,</strong></span> <span class='ocrx_word' id='word_1_469' title='bbox 785 2418 819 2441; x_wconf 84' lang='lat'><em>4⁰.</em></span> <span class='ocrx_word' id='word_1_470' title='bbox 836 2417 891 2440; x_wconf 88' lang='lat' dir='ltr'><em>Noa</em></span> <span class='ocrx_word' id='word_1_471' title='bbox 908 2417 1017 2440; x_wconf 86' lang='lat' dir='ltr'><em>Parisiis</em></span> <span class='ocrx_word' id='word_1_472' title='bbox 1033 2426 1104 2449; x_wconf 82' lang='lat' dir='ltr'><em>mag.</em></span> <span class='ocrx_word' id='word_1_473' title='bbox 1127 2418 1276 2449; x_wconf 82' lang='lat' dir='ltr'><em>theologiae</em></span> <span class='ocrx_word' id='word_1_474' title='bbox 1293 2418 1351 2441; x_wconf 79' lang='lat' dir='ltr'><em>suit.</em></span> <span class='ocrx_word' id='word_1_475' title='bbox 1373 2419 1421 2442; x_wconf 79' lang='lat' dir='ltr'><em>An.</em></span> <span class='ocrx_word' id='word_1_476' title='bbox 1440 2418 1510 2447; x_wconf 89' lang='grc'><strong>1454,</strong></span> <span class='ocrx_word' id='word_1_477' title='bbox 1532 2418 1593 2441; x_wconf 85' lang='lat' dir='ltr'><em>Dec.</em></span> <span class='ocrx_word' id='word_1_478' title='bbox 1612 2418 1650 2447; x_wconf 83' lang='lat'><em>14,</em></span> <span class='ocrx_word' id='word_1_479' title='bbox 1666 2418 1762 2441; x_wconf 74' lang='lat' dir='ltr'><em>Romae</em></span> <span class='ocrx_word' id='word_1_480' title='bbox 1778 2420 1956 2440; x_wconf 76' lang='lat' dir='ltr'><em>commoratus</em></span> <span class='ocrx_word' id='word_1_481' title='bbox 1973 2420 2022 2445; x_wconf 84' lang='lat' dir='ltr'><em>est,</em></span> <span class='ocrx_word' id='word_1_482' title='bbox 2040 2425 2055 2440; x_wconf 81' lang='lat' dir='ltr'><em>a</em></span> <span class='ocrx_word' id='word_1_483' title='bbox 2073 2421 2134 2448; x_wconf 81' lang='lat' dir='ltr'><em>rege</em></span> <span class='ocrx_word' id='word_1_484' title='bbox 2148 2416 2243 2440; x_wconf 83' lang='lat' dir='ltr'><em>Carolo</em></span> 
     </span>
     <span class='ocr_line' id='line_1_34' title="bbox 374 2460 2243 2495; baseline 0.001 -12"><span class='ocrx_word' id='word_1_485' title='bbox 374 2461 406 2483; x_wconf 87' lang='lat' dir='ltr'><em>nd</em></span> <span class='ocrx_word' id='word_1_486' title='bbox 422 2469 519 2492; x_wconf 83' lang='lat' dir='ltr'><em>papam</em></span> <span class='ocrx_word' id='word_1_487' title='bbox 535 2461 712 2485; x_wconf 88' lang='lat' dir='ltr'><em>ambassiator</em></span> <span class='ocrx_word' id='word_1_488' title='bbox 735 2461 887 2493; x_wconf 78' lang='lat' dir='ltr'><em>specialiter</em></span> <span class='ocrx_word' id='word_1_489' title='bbox 908 2462 1066 2492; x_wconf 79' lang='lat' dir='ltr'><em>destinatus,</em></span> <span class='ocrx_word' id='word_1_490' title='bbox 1090 2462 1135 2486; x_wconf 89' lang='lat' dir='ltr'><em>ubi</em></span> <span class='ocrx_word' id='word_1_491' title='bbox 1159 2463 1295 2492; x_wconf 79' lang='lat' dir='ltr'><em>beneficia,</em></span> <span class='ocrx_word' id='word_1_492' title='bbox 1316 2471 1468 2495; x_wconf 77' lang='lat' dir='ltr'><em>quanquam</em></span> <span class='ocrx_word' id='word_1_493' title='bbox 1483 2463 1590 2486; x_wconf 85' lang='lat' dir='ltr'><em>Ordinis</em></span> <span class='ocrx_word' id='word_1_494' title='bbox 1613 2462 1818 2486; x_wconf 86' lang='lat' dir='ltr'><em>Mendicantium</em></span> <span class='ocrx_word' id='word_1_495' title='bbox 1838 2465 1903 2491; x_wconf 82' lang='lat' dir='ltr'><em>erat,</em></span> <span class='ocrx_word' id='word_1_496' title='bbox 1924 2461 2067 2493; x_wconf 83' lang='lat' dir='ltr'><em>appetebat</em></span> <span class='ocrx_word' id='word_1_497' title='bbox 2083 2464 2108 2484; x_wconf 83' lang='lat' dir='ltr'><em>et</em></span> <span class='ocrx_word' id='word_1_498' title='bbox 2129 2460 2243 2484; x_wconf 80' lang='lat' dir='ltr'><em>obtinuit</em></span> 
     </span>
     <span class='ocr_line' id='line_1_35' title="bbox 375 2505 2243 2539; baseline 0 -11"><span class='ocrx_word' id='word_1_499' title='bbox 375 2506 478 2537; x_wconf 84' lang='lat' dir='ltr'><em>(Suppl.</em></span> <span class='ocrx_word' id='word_1_500' title='bbox 494 2506 577 2530; x_wconf 89' lang='lat' dir='ltr'><em>Nicol.</em></span> <span class='ocrx_word' id='word_1_501' title='bbox 590 2506 619 2535; x_wconf 91' lang='lat' dir='ltr'><em>V,</em></span> <span class='ocrx_word' id='word_1_502' title='bbox 638 2510 667 2529; x_wconf 72' lang='grc' dir='ltr'><em>ῐιο</em></span> <span class='ocrx_word' id='word_1_503' title='bbox 680 2507 736 2536; x_wconf 79' lang='lat'><em>469,</em></span> <span class='ocrx_word' id='word_1_504' title='bbox 755 2507 800 2530; x_wconf 76' lang='lat' dir='ltr'><em>sol.</em></span> <span class='ocrx_word' id='word_1_505' title='bbox 817 2506 894 2537; x_wconf 60' lang='lat'><strong>21512).</strong></span> <span class='ocrx_word' id='word_1_506' title='bbox 911 2507 943 2530; x_wconf 81' lang='lat' dir='ltr'><em>At</em></span> <span class='ocrx_word' id='word_1_507' title='bbox 961 2507 1121 2538; x_wconf 72' lang='lat' dir='ltr'><em>legationem</em></span> <span class='ocrx_word' id='word_1_508' title='bbox 1142 2507 1214 2531; x_wconf 88' lang='lat' dir='ltr'><em>haud</em></span> <span class='ocrx_word' id='word_1_509' title='bbox 1230 2508 1309 2531; x_wconf 85' lang='lat' dir='ltr'><em>dubie</em></span> <span class='ocrx_word' id='word_1_510' title='bbox 1328 2516 1376 2539; x_wconf 87' lang='lat' dir='ltr'><em>pro</em></span> <span class='ocrx_word' id='word_1_511' title='bbox 1397 2507 1610 2531; x_wconf 81' lang='lat' dir='ltr'><em>rehubilitatione</em></span> <span class='ocrx_word' id='word_1_512' title='bbox 1627 2507 1763 2531; x_wconf 81' lang='lat' dir='ltr'><em>Johannne</em></span> <span class='ocrx_word' id='word_1_513' title='bbox 1779 2506 1855 2530; x_wconf 78' lang='lat' dir='ltr'><em>d&#39;Arc</em></span> <span class='ocrx_word' id='word_1_514' title='bbox 1872 2510 2009 2530; x_wconf 82' lang='lat' dir='ltr'><em>exsecutus</em></span> <span class='ocrx_word' id='word_1_515' title='bbox 2025 2509 2073 2530; x_wconf 86' lang='lat' dir='ltr'><em>est.</em></span> <span class='ocrx_word' id='word_1_516' title='bbox 2085 2519 2117 2524; x_wconf 90' lang='lat'>—</span> <span class='ocrx_word' id='word_1_517' title='bbox 2131 2505 2156 2531; x_wconf 88' lang='grc'><em>2.</em></span> <span class='ocrx_word' id='word_1_518' title='bbox 2172 2506 2243 2529; x_wconf 80' lang='lat' dir='ltr'><em>Inter</em></span> 
     </span>
     <span class='ocr_line' id='line_1_36' title="bbox 374 2551 2243 2584; baseline 0 -11"><span class='ocrx_word' id='word_1_519' title='bbox 374 2558 438 2581; x_wconf 87' lang='lat' dir='ltr'><em>quos</em></span> <span class='ocrx_word' id='word_1_520' title='bbox 454 2553 515 2573; x_wconf 85' lang='lat' dir='ltr'><em>tunc</em></span> <span class='ocrx_word' id='word_1_521' title='bbox 528 2554 553 2574; x_wconf 84' lang='lat' dir='ltr'><em>et</em></span> <span class='ocrx_word' id='word_1_522' title='bbox 567 2551 658 2574; x_wconf 82' lang='lat' dir='ltr'><em>eodem</em></span> <span class='ocrx_word' id='word_1_523' title='bbox 672 2559 763 2575; x_wconf 81' lang='lat' dir='ltr'><em>menso</em></span> <span class='ocrx_word' id='word_1_524' title='bbox 776 2555 933 2575; x_wconf 87' lang='lat' dir='ltr'><em>convocatos</em></span> <span class='ocrx_word' id='word_1_525' title='bbox 949 2551 1120 2575; x_wconf 77' lang='lat' dir='ltr'><em>inveniuntur</em></span> <span class='ocrx_word' id='word_1_526' title='bbox 1131 2552 1272 2584; x_wconf 87' lang='lat' dir='ltr'><em>episcopus</em></span> <span class='ocrx_word' id='word_1_527' title='bbox 1288 2552 1461 2576; x_wconf 84' lang='lat' dir='ltr'><em>Demetriens.</em></span> <span class='ocrx_word' id='word_1_528' title='bbox 1477 2552 1548 2583; x_wconf 82' lang='lat' dir='ltr'><em>(Joh.</em></span> <span class='ocrx_word' id='word_1_529' title='bbox 1565 2552 1663 2582; x_wconf 83' lang='lat' dir='ltr'><em>Fabri).</em></span> <span class='ocrx_word' id='word_1_530' title='bbox 1679 2560 1750 2582; x_wconf 84' lang='lat' dir='ltr'><em>mag.</em></span> <span class='ocrx_word' id='word_1_531' title='bbox 1771 2552 1861 2575; x_wconf 78' lang='lat' dir='ltr'><em>Petrus</em></span> <span class='ocrx_word' id='word_1_532' title='bbox 1877 2551 1987 2582; x_wconf 86' lang='lat' dir='ltr'><em>Migetii,</em></span> <span class='ocrx_word' id='word_1_533' title='bbox 2004 2551 2079 2582; x_wconf 87' lang='lat' dir='ltr'><em>prior</em></span> <span class='ocrx_word' id='word_1_534' title='bbox 2091 2551 2123 2574; x_wconf 90' lang='lat' dir='ltr'><em>de</em></span> <span class='ocrx_word' id='word_1_535' title='bbox 2138 2551 2243 2582; x_wconf 76' lang='lat' dir='ltr'><em>Longa-</em></span> 
     </span>
     <span class='ocr_line' id='line_1_37' title="bbox 373 2594 2241 2629; baseline 0.001 -12"><span class='ocrx_word' id='word_1_536' title='bbox 373 2594 577 2619; x_wconf 81' lang='lat' dir='ltr'><em>vilIa-Griffardi</em></span> <span class='ocrx_word' id='word_1_537' title='bbox 593 2596 633 2626; x_wconf 93' lang='lat'><em>(70</em></span> <span class='ocrx_word' id='word_1_538' title='bbox 646 2604 717 2623; x_wconf 63' lang='lat' dir='ltr'><em>ann..</em></span> <span class='ocrx_word' id='word_1_539' title='bbox 735 2599 763 2619; x_wconf 89' lang='lat' dir='ltr'><em>ut</em></span> <span class='ocrx_word' id='word_1_540' title='bbox 777 2596 913 2626; x_wconf 81' lang='lat' dir='ltr'><em>scribitur,</em></span> <span class='ocrx_word' id='word_1_541' title='bbox 928 2597 974 2619; x_wconf 88' lang='lat' dir='ltr'><em>sed</em></span> <span class='ocrx_word' id='word_1_542' title='bbox 987 2597 1077 2628; x_wconf 82' lang='lat' dir='ltr'><em>potius</em></span> <span class='ocrx_word' id='word_1_543' title='bbox 1092 2598 1180 2626; x_wconf 72' lang='grc'><strong>74-75),</strong></span> <span class='ocrx_word' id='word_1_544' title='bbox 1193 2606 1264 2629; x_wconf 85' lang='lat' dir='ltr'><em>mag.</em></span> <span class='ocrx_word' id='word_1_545' title='bbox 1279 2597 1437 2621; x_wconf 88' lang='lat' dir='ltr'><em>Guillelmus</em></span> <span class='ocrx_word' id='word_1_546' title='bbox 1451 2597 1482 2621; x_wconf 88' lang='lat' dir='ltr'><em>de</em></span> <span class='ocrx_word' id='word_1_547' title='bbox 1498 2597 1617 2627; x_wconf 85' lang='lat' dir='ltr'><em>Deserto,</em></span> <span class='ocrx_word' id='word_1_548' title='bbox 1630 2605 1701 2628; x_wconf 84' lang='lat' dir='ltr'><em>mag.</em></span> <span class='ocrx_word' id='word_1_549' title='bbox 1713 2596 1831 2620; x_wconf 83' lang='lat' dir='ltr'><em>Andreas</em></span> <span class='ocrx_word' id='word_1_550' title='bbox 1846 2596 2004 2627; x_wconf 81' lang='lat' dir='ltr'><em>Margueric,</em></span> <span class='ocrx_word' id='word_1_551' title='bbox 2014 2604 2083 2627; x_wconf 75' lang='lat' dir='ltr'><em>mag.</em></span> <span class='ocrx_word' id='word_1_552' title='bbox 2095 2595 2241 2619; x_wconf 82' lang='lat' dir='ltr'><em>Riehardus</em></span> 
     </span>
     <span class='ocr_line' id='line_1_38' title="bbox 373 2639 2241 2674; baseline 0.001 -12"><span class='ocrx_word' id='word_1_553' title='bbox 373 2639 404 2662; x_wconf 88' lang='lat' dir='ltr'><em>de</em></span> <span class='ocrx_word' id='word_1_554' title='bbox 419 2639 566 2663; x_wconf 81' lang='lat' dir='ltr'><em>Groucheto</em></span> <span class='ocrx_word' id='word_1_555' title='bbox 583 2642 653 2670; x_wconf 89' lang='lat' dir='ltr'><em>(ann.</em></span> <span class='ocrx_word' id='word_1_556' title='bbox 673 2642 712 2670; x_wconf 77' lang='lat'><em>60,</em></span> <span class='ocrx_word' id='word_1_557' title='bbox 733 2640 779 2664; x_wconf 87' lang='lat' dir='ltr'><em>sed</em></span> <span class='ocrx_word' id='word_1_558' title='bbox 802 2641 823 2664; x_wconf 91' lang='lat' dir='ltr'><em>si</em></span> <span class='ocrx_word' id='word_1_559' title='bbox 844 2644 884 2664; x_wconf 87' lang='lat' dir='ltr'><em>est</em></span> <span class='ocrx_word' id='word_1_560' title='bbox 905 2641 975 2664; x_wconf 92' lang='lat' dir='ltr'><em>idem</em></span> <span class='ocrx_word' id='word_1_561' title='bbox 991 2645 1069 2673; x_wconf 85' lang='lat' dir='ltr'><em>atque</em></span> <span class='ocrx_word' id='word_1_562' title='bbox 1087 2650 1158 2674; x_wconf 83' lang='lat' dir='ltr'><em>mag.</em></span> <span class='ocrx_word' id='word_1_563' title='bbox 1177 2645 1227 2666; x_wconf 85' lang='lat' dir='ltr'><em>art.</em></span> <span class='ocrx_word' id='word_1_564' title='bbox 1246 2650 1288 2666; x_wconf 89' lang='lat' dir='ltr'><em>an.</em></span> <span class='ocrx_word' id='word_1_565' title='bbox 1308 2643 1377 2671; x_wconf 85' lang='grc'><strong>1403,</strong></span> <span class='ocrx_word' id='word_1_566' title='bbox 1394 2645 1423 2666; x_wconf 90' lang='lat' dir='ltr'><em>ut</em></span> <span class='ocrx_word' id='word_1_567' title='bbox 1438 2642 1588 2674; x_wconf 76' lang='lat' dir='ltr'><em>opinamur,</em></span> <span class='ocrx_word' id='word_1_568' title='bbox 1604 2650 1646 2666; x_wconf 85' lang='lat' dir='ltr'><em>an.</em></span> <span class='ocrx_word' id='word_1_569' title='bbox 1664 2642 1724 2665; x_wconf 71' lang='lat'><em>1452</em></span> <span class='ocrx_word' id='word_1_570' title='bbox 1744 2641 1882 2665; x_wconf 83' lang='lat' dir='ltr'><em>minimum</em></span> <span class='ocrx_word' id='word_1_571' title='bbox 1899 2642 1929 2664; x_wconf 89' lang='lat'><em>70</em></span> <span class='ocrx_word' id='word_1_572' title='bbox 1943 2648 2072 2664; x_wconf 86' lang='lat' dir='ltr'><em>annorum</em></span> <span class='ocrx_word' id='word_1_573' title='bbox 2088 2640 2149 2669; x_wconf 82' lang='lat' dir='ltr'><em>fuit;</em></span> <span class='ocrx_word' id='word_1_574' title='bbox 2172 2640 2241 2663; x_wconf 82' lang='lat' dir='ltr'><em>idem</em></span> 
     </span>
     <span class='ocr_line' id='line_1_39' title="bbox 374 2683 2245 2717; baseline 0.003 -11"><span class='ocrx_word' id='word_1_575' title='bbox 374 2683 511 2707; x_wconf 86' lang='lat' dir='ltr'><em>dicendum</em></span> <span class='ocrx_word' id='word_1_576' title='bbox 525 2685 555 2707; x_wconf 86' lang='lat' dir='ltr'><em>de</em></span> <span class='ocrx_word' id='word_1_577' title='bbox 569 2685 708 2716; x_wconf 80' lang='lat' dir='ltr'><em>sequenti),</em></span> <span class='ocrx_word' id='word_1_578' title='bbox 723 2694 794 2716; x_wconf 80' lang='lat' dir='ltr'><em>mag.</em></span> <span class='ocrx_word' id='word_1_579' title='bbox 810 2686 933 2710; x_wconf 83' lang='lat' dir='ltr'><em>Nicolaus</em></span> <span class='ocrx_word' id='word_1_580' title='bbox 950 2687 1040 2717; x_wconf 78' lang='lat' dir='ltr'><em>caval,</em></span> <span class='ocrx_word' id='word_1_581' title='bbox 1057 2690 1106 2710; x_wconf 85' lang='lat' dir='ltr'><em>etc.</em></span> <span class='ocrx_word' id='word_1_582' title='bbox 2243 2686 2245 2688; x_wconf 65' lang='grc'><strong>’</strong></span> 
     </span>
    </p>

    <p class='ocr_par' dir='ltr' id='par_1_13' title="bbox 373 2729 2242 2898">
     <span class='ocr_line' id='line_1_40' title="bbox 466 2729 2240 2763; baseline 0.001 -12"><span class='ocrx_word' id='word_1_583' title='bbox 466 2729 597 2752; x_wconf 86' lang='lat' dir='ltr'><em>lncuriam</em></span> <span class='ocrx_word' id='word_1_584' title='bbox 617 2738 668 2761; x_wconf 89' lang='lat' dir='ltr'><em>qua</em></span> <span class='ocrx_word' id='word_1_585' title='bbox 689 2730 850 2761; x_wconf 86' lang='lat' dir='ltr'><em>compositus</em></span> <span class='ocrx_word' id='word_1_586' title='bbox 871 2734 911 2754; x_wconf 85' lang='lat' dir='ltr'><em>est</em></span> <span class='ocrx_word' id='word_1_587' title='bbox 931 2739 1074 2762; x_wconf 84' lang='lat' dir='ltr'><em>processus</em></span> <span class='ocrx_word' id='word_1_588' title='bbox 1096 2732 1330 2761; x_wconf 84' lang='lat' dir='ltr'><em>rehabilitationis,</em></span> <span class='ocrx_word' id='word_1_589' title='bbox 1353 2735 1378 2756; x_wconf 82' lang='lat' dir='ltr'><em>et</em></span> <span class='ocrx_word' id='word_1_590' title='bbox 1399 2735 1469 2756; x_wconf 87' lang='lat' dir='ltr'><em>certe</em></span> <span class='ocrx_word' id='word_1_591' title='bbox 1490 2740 1541 2755; x_wconf 86' lang='lat' dir='ltr'><em>non</em></span> <span class='ocrx_word' id='word_1_592' title='bbox 1564 2731 1718 2763; x_wconf 78' lang='lat' dir='ltr'><em>diligentius</em></span> <span class='ocrx_word' id='word_1_593' title='bbox 1741 2739 1819 2763; x_wconf 79' lang='lat' dir='ltr'><em>quam</em></span> <span class='ocrx_word' id='word_1_594' title='bbox 1841 2739 1983 2763; x_wconf 83' lang='lat' dir='ltr'><em>processus</em></span> <span class='ocrx_word' id='word_1_595' title='bbox 2005 2729 2240 2759; x_wconf 81' lang='lat' dir='ltr'><em>condemnationis,</em></span> 
     </span>
     <span class='ocr_line' id='line_1_41' title="bbox 373 2772 2242 2809; baseline 0.001 -14"><span class='ocrx_word' id='word_1_596' title='bbox 373 2772 509 2803; x_wconf 82' lang='lat' dir='ltr'><em>increpare</em></span> <span class='ocrx_word' id='word_1_597' title='bbox 525 2774 657 2804; x_wconf 82' lang='lat' dir='ltr'><em>nolumus,</em></span> <span class='ocrx_word' id='word_1_598' title='bbox 675 2775 737 2806; x_wconf 88' lang='lat' dir='ltr'><em>quia</em></span> <span class='ocrx_word' id='word_1_599' title='bbox 753 2775 918 2799; x_wconf 84' lang='lat' dir='ltr'><em>Universitas</em></span> <span class='ocrx_word' id='word_1_600' title='bbox 936 2776 963 2799; x_wconf 82' lang='lat' dir='ltr'><em>in</em></span> <span class='ocrx_word' id='word_1_601' title='bbox 978 2785 1106 2807; x_wconf 78' lang='lat' dir='ltr'><em>processu</em></span> <span class='ocrx_word' id='word_1_602' title='bbox 1122 2777 1345 2800; x_wconf 80' lang='lat' dir='ltr'><em>rehabilitationis</em></span> <span class='ocrx_word' id='word_1_603' title='bbox 1362 2785 1413 2800; x_wconf 90' lang='lat' dir='ltr'><em>non</em></span> <span class='ocrx_word' id='word_1_604' title='bbox 1429 2780 1519 2809; x_wconf 82' lang='lat' dir='ltr'><em>partes</em></span> <span class='ocrx_word' id='word_1_605' title='bbox 1535 2777 1598 2808; x_wconf 85' lang='lat' dir='ltr'><em>egit.</em></span> <span class='ocrx_word' id='word_1_606' title='bbox 1613 2777 1724 2800; x_wconf 81' lang='lat' dir='ltr'><em>Necesse</em></span> <span class='ocrx_word' id='word_1_607' title='bbox 1739 2779 1827 2799; x_wconf 81' lang='lat' dir='ltr'><em>tamen</em></span> <span class='ocrx_word' id='word_1_608' title='bbox 1840 2779 1918 2806; x_wconf 81' lang='lat' dir='ltr'><em>esset,</em></span> <span class='ocrx_word' id='word_1_609' title='bbox 1938 2783 2046 2807; x_wconf 80' lang='lat' dir='ltr'><em>operam</em></span> <span class='ocrx_word' id='word_1_610' title='bbox 2061 2775 2135 2798; x_wconf 80' lang='lat' dir='ltr'><em>illam</em></span> <span class='ocrx_word' id='word_1_611' title='bbox 2151 2783 2166 2797; x_wconf 84' lang='lat' dir='ltr'><em>a</em></span> <span class='ocrx_word' id='word_1_612' title='bbox 2181 2773 2242 2806; x_wconf 87' lang='lat' dir='ltr'><em>qui-</em></span> 
     </span>
     <span class='ocr_line' id='line_1_42' title="bbox 374 2816 2240 2853; baseline 0.002 -14"><span class='ocrx_word' id='word_1_613' title='bbox 374 2816 484 2839; x_wconf 85' lang='lat' dir='ltr'><em>busdam</em></span> <span class='ocrx_word' id='word_1_614' title='bbox 501 2819 611 2845; x_wconf 75' lang='lat' dir='ltr'><em>assumi,</em></span> <span class='ocrx_word' id='word_1_615' title='bbox 630 2818 675 2850; x_wconf 88' lang='lat' dir='ltr'><em>qui</em></span> <span class='ocrx_word' id='word_1_616' title='bbox 694 2819 773 2842; x_wconf 81' lang='lat' dir='ltr'><em>etiam</em></span> <span class='ocrx_word' id='word_1_617' title='bbox 789 2819 967 2851; x_wconf 81' lang='lat' dir='ltr'><em>depositiones</em></span> <span class='ocrx_word' id='word_1_618' title='bbox 983 2821 1090 2844; x_wconf 84' lang='lat' dir='ltr'><em>testium</em></span> <span class='ocrx_word' id='word_1_619' title='bbox 1105 2824 1194 2845; x_wconf 81' lang='lat' dir='ltr'><em>exacto</em></span> <span class='ocrx_word' id='word_1_620' title='bbox 1211 2821 1311 2853; x_wconf 87' lang='lat' dir='ltr'><em>judicio</em></span> <span class='ocrx_word' id='word_1_621' title='bbox 1334 2822 1484 2845; x_wconf 84' lang='lat' dir='ltr'><em>examinare</em></span> <span class='ocrx_word' id='word_1_622' title='bbox 1499 2825 1525 2845; x_wconf 82' lang='lat' dir='ltr'><em>et</em></span> <span class='ocrx_word' id='word_1_623' title='bbox 1543 2829 1602 2844; x_wconf 88' lang='lat' dir='ltr'><em>cum</em></span> <span class='ocrx_word' id='word_1_624' title='bbox 1618 2821 1697 2844; x_wconf 85' lang='lat' dir='ltr'><em>certis</em></span> <span class='ocrx_word' id='word_1_625' title='bbox 1718 2820 1794 2844; x_wconf 78' lang='lat' dir='ltr'><em>sactis</em></span> <span class='ocrx_word' id='word_1_626' title='bbox 1815 2821 1934 2844; x_wconf 80' lang='lat' dir='ltr'><em>conferre</em></span> <span class='ocrx_word' id='word_1_627' title='bbox 1956 2820 2090 2843; x_wconf 78' lang='lat' dir='ltr'><em>deberent.</em></span> <span class='ocrx_word' id='word_1_628' title='bbox 2105 2818 2240 2847; x_wconf 83' lang='lat' dir='ltr'><em>Quaedam</em></span> 
     </span>
     <span class='ocr_line' id='line_1_43' title="bbox 374 2862 1576 2898; baseline 0.006 -15"><span class='ocrx_word' id='word_1_629' title='bbox 374 2864 485 2890; x_wconf 82' lang='lat' dir='ltr'><em>tuntum,</em></span> <span class='ocrx_word' id='word_1_630' title='bbox 500 2865 528 2884; x_wconf 92' lang='lat' dir='ltr'><em>ut</em></span> <span class='ocrx_word' id='word_1_631' title='bbox 542 2862 620 2885; x_wconf 82' lang='lat' dir='ltr'><em>etiam</em></span> <span class='ocrx_word' id='word_1_632' title='bbox 636 2863 835 2893; x_wconf 57' lang='lat' dir='ltr'><em>Bmunmmnm,</em></span> <span class='ocrx_word' id='word_1_633' title='bbox 849 2872 930 2895; x_wconf 81' lang='lat' dir='ltr'><em>supra</em></span> <span class='ocrx_word' id='word_1_634' title='bbox 945 2873 969 2896; x_wconf 88' lang='lat' dir='ltr'><em>p.</em></span> <span class='ocrx_word' id='word_1_635' title='bbox 984 2866 1028 2888; x_wconf 82' lang='lat'><em>522</em></span> <span class='ocrx_word' id='word_1_636' title='bbox 1045 2874 1102 2897; x_wconf 86' lang='lat' dir='ltr'><em>sqq.</em></span> <span class='ocrx_word' id='word_1_637' title='bbox 1119 2866 1181 2889; x_wconf 84' lang='lat' dir='ltr'><em>data</em></span> <span class='ocrx_word' id='word_1_638' title='bbox 1196 2866 1332 2890; x_wconf 84' lang='lat' dir='ltr'><em>occasione</em></span> <span class='ocrx_word' id='word_1_639' title='bbox 1347 2866 1576 2898; x_wconf 72' lang='lat' dir='ltr'><em>reprehendimus.</em></span> 
     </span>
    </p>

    <p class='ocr_par' dir='ltr' id='par_1_14' title="bbox 468 2906 2197 2943">
     <span class='ocr_line' id='line_1_44' title="bbox 468 2906 2197 2943; baseline 0.001 -14"><span class='ocrx_word' id='word_1_640' title='bbox 468 2906 492 2930; x_wconf 82' lang='lat'><em>3.</em></span> <span class='ocrx_word' id='word_1_641' title='bbox 509 2906 666 2934; x_wconf 71' lang='lat' dir='ltr'><em>qucmfflm·</em></span> <span class='ocrx_word' id='word_1_642' title='bbox 678 2907 749 2939; x_wconf 86' lang='lat' dir='ltr'><em>juste</em></span> <span class='ocrx_word' id='word_1_643' title='bbox 764 2908 897 2938; x_wconf 75' lang='lat' dir='ltr'><em>observat,</em></span> <span class='ocrx_word' id='word_1_644' title='bbox 911 2910 1038 2941; x_wconf 84' lang='lat' dir='ltr'><em>temporis</em></span> <span class='ocrx_word' id='word_1_645' title='bbox 1054 2914 1143 2934; x_wconf 86' lang='lat' dir='ltr'><em>notam</em></span> <span class='ocrx_word' id='word_1_646' title='bbox 1158 2911 1226 2935; x_wconf 85' lang='lat' dir='ltr'><em>male</em></span> <span class='ocrx_word' id='word_1_647' title='bbox 1241 2911 1405 2943; x_wconf 76' lang='lat' dir='ltr'><em>assignatam</em></span> <span class='ocrx_word' id='word_1_648' title='bbox 1419 2919 1486 2940; x_wconf 79' lang='lat' dir='ltr'><em>esse,</em></span> <span class='ocrx_word' id='word_1_649' title='bbox 1500 2919 1559 2934; x_wconf 83' lang='lat' dir='ltr'><em>curn</em></span> <span class='ocrx_word' id='word_1_650' title='bbox 1574 2913 1655 2934; x_wconf 79' lang='lat' dir='ltr'><em>testes</em></span> <span class='ocrx_word' id='word_1_651' title='bbox 1669 2910 1805 2934; x_wconf 84' lang='lat' dir='ltr'><em>convocati</em></span> <span class='ocrx_word' id='word_1_652' title='bbox 1815 2910 1871 2942; x_wconf 86' lang='lat' dir='ltr'><em>jam</em></span> <span class='ocrx_word' id='word_1_653' title='bbox 1887 2909 1948 2933; x_wconf 78' lang='lat' dir='ltr'><em>Maii</em></span> <span class='ocrx_word' id='word_1_654' title='bbox 1963 2910 1976 2932; x_wconf 93' lang='lat'>2</span> <span class='ocrx_word' id='word_1_655' title='bbox 1992 2908 2197 2940; x_wconf 82' lang='lat' dir='ltr'><em>comparuerint.</em></span> 
     </span>
    </p>
   </div>
  </div>
 </body>
</html>
