2502 3418
402 318 464 350 512
977 325 1300 349 CHARTULARIUM
1335 324 1528 347 umvnns.
1565 325 1697 348 rmus.
2175 315 2273 352 [1431

402 404 498 429 serunt
517 413 529 425 «
551 409 660 428 comme
681 401 813 428 saisoient
833 401 874 428 les
894 401 992 436 paiens
1018 401 1033 427 a
1058 401 1173 427 Romme
1187 399 1262 435 jadis
1277 410 1290 423 »
1304 399 1426 432 (Journ.,
1443 407 1470 434 p.
1487 401 1549 433 246,
1563 400 1647 428 Arch.
1664 403 1733 434 nat.,
1751 401 1802 434 LL,
1818 402 1876 435 113,
1890 409 1918 436 p.
1936 402 2004 430 173).
2022 401 2210 435 parisienses,
2227 402 2274 437 qui

402 459 506 486 paucos
523 459 637 477 suorum
660 453 749 477 morte
764 450 808 477 vel
828 450 992 477 vulneribus
1009 449 1128 476 afflictos
1149 449 1339 481 numerarunt,
1353 447 1500 475 victoriam
1517 457 1596 476 suam
1611 450 1769 486 protegenti
1786 450 1815 477 B.
1837 450 1939 477 Mariae
1955 450 2175 485 adscripserunt,
2192 459 2274 486 quam

402 508 446 527 an.
464 501 542 533 1431,
557 499 697 535 Septemb.
714 501 739 532 8,
755 499 831 526 cives
847 498 938 526 Paris.
953 498 1053 525 iterum
1070 498 1097 524 in
1114 498 1265 533 gratiarum
1281 496 1419 523 actionem
1436 496 1614 525 celebrarunt
1630 498 1733 533 (Arch.,
1748 499 1766 526 l.
1784 507 1820 532 c.,
1837 507 1864 534 p.
1883 499 1955 534 257).
1973 499 2040 531 Quis
2055 499 2126 534 ipsis
2142 501 2169 526 et
2185 499 2276 535 magi-

402 548 469 575 stris
482 548 548 575 talia
561 548 741 575 cernentibus
756 548 790 574 de
804 548 900 574 Puella
916 547 968 574 suit
984 546 1105 573 sensus?
1118 547 1147 572 In
1160 545 1243 572 Arch.
1258 545 1277 572 l.
1293 554 1317 572 c.
1332 545 1435 580 legitur
1448 546 1476 572 in
1491 546 1617 582 margine
1634 556 1640 575 :
1658 558 1672 572 «
1689 548 1730 575 De
1750 548 1854 574 insultu
1870 547 2049 575 inimicorum
2064 550 2162 575 contra
2179 548 2275 575 villam

402 597 491 624 Paris.
508 597 579 624 male
597 597 795 623 consultorum.
811 608 824 620 »
842 596 913 628 Quid
933 596 1044 629 mirum,
1066 595 1088 621 si
1109 594 1238 629 magistri
1258 594 1413 621 Johannam
1433 594 1505 622 male
1525 595 1682 623 consultam
1700 596 1790 623 fuisse
1810 598 2020 632 reputaverunt,
2037 604 2100 624 cum
2118 597 2200 624 amici
2221 596 2275 632 ipsi

401 646 554 673 Johannam
578 654 593 673 a
620 646 730 672 fortuna
758 645 919 672 derelictam
938 652 1002 671 esse
1020 642 1209 671 crediderint?
1233 643 1354 670 Infestos
1373 643 1430 678 jam
1451 646 1533 671 antea
1553 645 1706 680 magistros
1722 653 1767 673 res
1787 645 1921 672 adversae
1946 645 2089 673 Johannae
2104 645 2275 673 infensiores

402 694 563 722 effecerunt.
581 695 610 721 In
630 703 725 722 eorum
746 694 838 720 animo
855 693 921 728 quid
942 695 1018 719 esset
1038 692 1164 719 Johanna
1184 694 1247 719 ante
1263 700 1360 719 muros
1379 693 1469 720 Paris.
1491 693 1624 728 patefecit
1638 702 1645 722 :
1659 694 1750 721 Voces
1766 694 1828 730 ejus
1848 702 1904 721 non
1925 702 1940 721 a
1959 694 2034 721 bono
2055 694 2106 722 sed
2121 702 2137 721 a
2151 694 2275 730 maligno

402 743 502 779 spiritu
523 743 648 776 veniunt,
668 752 682 770 a
698 751 753 777 quo
770 743 852 769 ducta
869 744 921 775 est,
936 750 1018 776 quem
1034 741 1160 773 invocat;
1178 741 1240 776 ejus
1253 741 1417 776 prophetiae
1428 741 1516 768 falsae
1528 742 1607 769 visae
1621 745 1699 775 sunt;
1713 751 1814 778 nempe
1826 751 1856 770 se
1868 751 1993 778 suosque
2005 745 2081 770 certe
2091 743 2190 770 urbem
2200 743 2277 770 Pari-

402 793 489 820 siens.
505 795 719 827 recuperaturos
733 794 798 818 tunc
813 791 951 825 (Journal,
966 798 993 825 p.
1007 790 1070 825 246)
1083 792 1110 817 et
1123 792 1205 816 antea
1215 789 1430 825 prophetaverat
1441 790 1619 826 (chnnnxr,
1630 791 1651 825 1,
1663 792 1729 824 2463
1742 792 1773 826 V,
1787 793 1848 825 107,
1862 792 1934 827 130),
1945 808 1981 812 -
1991 793 2083 828 etJ'am
2095 791 2162 826 illis,
2174 791 2276 819 damno

402 850 457 869 non
473 842 584 868 modico
599 843 723 876 accepto,
738 840 895 866 abeundum
910 841 979 866 erat.
997 839 1051 866 Cur
1062 841 1141 874 terga
1156 838 1255 866 darent
1270 838 1380 874 aliaque
1395 842 1538 866 momenta
1552 842 1617 867 tunc
1636 840 1847 868 Parisiensibus
1863 841 1959 876 ignota
1974 842 2063 868 erant.
2079 841 2120 867 Ex
2134 841 2276 876 praesenti

402 899 470 918 casu
486 890 652 926 praeteritos
669 897 818 916 successus
834 888 986 921 Johannae,
1003 896 1030 914 v.
1045 896 1072 923 g.
1085 887 1231 914 liberatam
1247 887 1345 914 urbem
1360 888 1593 915 Aurelianensem
1614 889 1740 924 aliasque
1760 889 1890 916 civitates
1907 891 2097 925 recuperatas,
2116 889 2276 917 inconsulto

402 941 460 966 Deo
479 941 506 966 et
525 939 627 966 virtute
647 938 762 972 maligni
778 937 893 973 spiritus
910 937 1040 963 evenisse
1056 936 1270 964 concludebant.
1287 937 1347 963 Jam
1365 936 1422 963 dux
1442 937 1609 964 Bedt'ordiae
1625 938 1779 965 Johannam
1795 938 1964 974 discipulam
1983 938 2090 966 diaboli
2107 938 2274 973 nominavit,

403 997 473 1023 quac
487 990 545 1014 arte
561 987 669 1022 magica
683 986 769 1013 utitur
782 986 959 1019 (Quicnfflmr,
974 986 1004 1019 V,
1018 985 1091 1020 230).
1109 985 1189 1012 Certe
1207 985 1382 1012 Universitas
1401 994 1462 1012 eam
1481 986 1665 1021 ydololatram
1684 989 1711 1014 et
1726 986 1868 1014 crudelem
1889 987 2010 1021 censuit,
2031 989 2058 1014 et
2077 989 2226 1014 tractatum
2238 988 2277 1014 De

403 1038 473 1064 bono
489 1040 515 1063 et
530 1036 652 1069 malique
668 1036 771 1070 spiritu
787 1034 945 1070 composuit
960 1034 1004 1061 vel
1020 1034 1263 1061 transcribendum
1279 1034 1387 1062 curavit
1402 1034 1469 1066 (vid.
1484 1034 1558 1062 infra
1571 1040 1603 1062 n⁰
1615 1037 1706 1070 2370),
1723 1036 1798 1071 quod
1813 1036 1913 1063 doctos
1928 1036 2065 1063 hactenus
2081 1035 2162 1071 fugit.

489 1085 555 1112 Inde
572 1084 751 1117 simultatem,
767 1092 849 1118 quam
863 1083 1048 1117 Universitas,
1065 1091 1121 1110 non
1137 1083 1227 1110 solum
1243 1083 1323 1119 plura
1338 1084 1400 1119 ejus
1415 1084 1552 1118 membra,
1568 1084 1706 1112 adversus
1720 1085 1874 1112 Johannam
1890 1087 1989 1120 postea
2002 1085 2180 1118 monstravit,
2195 1093 2278 1121 prae·

402 1135 483 1170 cipue
499 1133 677 1160 enodaveris.
699 1133 772 1160 Cave
794 1141 829 1160 ne
845 1133 923 1160 dicas
942 1141 1004 1160 eam
1022 1141 1171 1160 escensum
1185 1141 1237 1160 nec
1257 1135 1355 1160 contra
1374 1141 1425 1159 nec
1445 1141 1495 1168 per
1516 1136 1696 1169 praeceptum
1715 1134 1820 1161 Vocum
1843 1142 1956 1161 suarum
1973 1134 2077 1161 fecisse
2096 1134 2275 1168 (chnniwr,

401 1185 422 1217 Ι,
438 1192 464 1218 p.
485 1184 556 1218 160),
573 1183 617 1209 vel
633 1182 698 1209 facti
715 1184 778 1209 ante
798 1190 894 1208 muros
916 1182 1006 1209 Paris.
1023 1182 1201 1209 innocentem
1218 1182 1307 1209 fuisse
1322 1181 1486 1215 Johannam,
1502 1191 1584 1218 quae,
1603 1183 1753 1218 quominus
1774 1183 2010 1218 oppugnationem
2032 1183 2244 1218 redintegraret,
2261 1191 2277 1210 a

401 1232 523 1259 dominis
538 1231 632 1258 curiae
653 1231 787 1266 impedita
809 1231 860 1257 fuit
879 1230 973 1265 (ibid.,
991 1239 1019 1266 p.
1039 1231 1094 1264 57).
1112 1231 1185 1258 Haec
1201 1231 1295 1257 omnia
1309 1233 1336 1258 et
1351 1231 1437 1258 multa
1451 1231 1505 1258 alia
1521 1231 1594 1259 scire
1609 1232 1753 1267 magistris
1767 1240 1823 1259 non
1838 1232 1932 1265 licuit;
1953 1240 1967 1259 e
1983 1231 2056 1258 sacto
2070 1231 2234 1267 judicabant
2249 1233 2277 1260 et

402 1290 435 1309 ex
449 1281 546 1308 eodem
563 1289 663 1308 sensus
679 1280 890 1315 suosconsulto
907 1280 1074 1307 formabant.
1088 1281 1122 1307 Et
1135 1280 1158 1306 si
1175 1280 1337 1313 scivissent,
1354 1280 1546 1308 verisimiliter
1561 1289 1617 1307 non
1638 1281 1718 1308 aliter
1733 1281 1868 1317 egissent.
1884 1281 1926 1308 Ne
1948 1281 2026 1308 dicas
2042 1281 2126 1308 etiam
2142 1283 2276 1308 coronato

403 1331 500 1358 Carolo
515 1330 560 1356 Vll
575 1329 682 1363 Remis,
699 1329 869 1365 legationem
884 1329 1027 1356 Johannae
1042 1331 1183 1364 peractam
1199 1329 1303 1362 fuisse;
1320 1329 1355 1356 de
1371 1329 1423 1356 hoc
1437 1329 1521 1356 hodie
1533 1329 1623 1357 adhuc
1635 1330 1687 1357 sub
1701 1330 1796 1365 judice
1812 1330 1847 1357 lis
1863 1332 1916 1357 est.
1929 1329 2055 1366 Magistri
2066 1329 2189 1357 divinam
2202 1329 2278 1366 lega-

402 1380 505 1406 tionem
521 1379 663 1406 Johannae
678 1378 725 1405 vix
738 1387 860 1413 unquam
876 1381 1088 1411 concesserunt,
1106 1380 1170 1413 post
1185 1378 1288 1405 sactum
1302 1378 1391 1405 Paris.
1407 1379 1520 1405 omnino
1537 1381 1720 1414 negaverunt.

491 1428 610 1455 lnsensis
626 1428 654 1454 in
669 1427 822 1454 Johannam
839 1427 941 1453 animis
956 1427 984 1454 id
1005 1427 1099 1454 favere
1116 1427 1273 1460 videbatur,
1292 1427 1367 1462 quod
1387 1435 1432 1454 an.
1453 1429 1531 1461 1430,
1548 1428 1611 1454 Maii
1631 1429 1675 1461 23,
1698 1436 1713 1454 a
1735 1428 1895 1463 Burgundis
1917 1436 2012 1455 coram
2028 1427 2212 1463 Compendio,
2228 1428 2278 1455 ubi

402 1478 495 1513 potius
512 1477 646 1504 audacem
667 1485 749 1511 quam
765 1476 929 1511 prudentem
947 1484 977 1503 se
993 1476 1132 1511 praebuit,
1150 1479 1231 1511 capta
1253 1478 1310 1508 θεῖς
1326 1476 1373 1511 qui
1390 1476 1503 1511 quidem
1520 1485 1615 1503 rumor
1633 1476 1732 1512 Anglis
1753 1476 1969 1512 Burgundisque
1991 1476 2101 1504 faustus
2120 1477 2278 1512 promptius

403 1527 436 1554 ad
452 1527 548 1553 urbem
569 1526 706 1561 pervenit.
724 1525 856 1552 Sciebant
870 1525 1009 1561 magistri,
1033 1534 1093 1552 cam
1110 1525 1177 1552 olim
1195 1525 1302 1552 dixisse
1318 1527 1345 1552 et
1361 1525 1524 1561 scripsisse,
1546 1534 1577 1553 se
1597 1525 1714 1552 missam
1734 1534 1750 1552 a
1763 1526 1822 1553 Deo
1845 1527 1875 1553 ut
1896 1526 2013 1561 Anglos,
2037 1525 2113 1561 regis
2133 1525 2240 1560 hostes,
2262 1534 2278 1555 e

402 1576 519 1603 Francia
534 1575 686 1610 expelleret
703 1575 878 1609 (chrfflnexr,
897 1575 916 1607 Ι,
934 1575 995 1607 241,
1012 1575 1080 1607 2163.
1092 1575 1123 1607 V,
1142 1574 1214 1609 120).
1236 1575 1308 1602 Ecce
1329 1577 1421 1601 autem
1438 1574 1511 1602 inter
1529 1582 1629 1601 manus
1644 1574 1768 1602 hostium
1785 1575 1940 1602 detinetur!
1965 1575 2067 1602 lterum
2088 1574 2163 1610 quod
2185 1574 2278 1603 animo

402 1627 589 1659 conceperant
609 1626 674 1659 post
698 1623 845 1650 adversam
867 1623 1057 1650 parisiensem
1078 1631 1210 1658 pugnam,
1236 1623 1356 1650 libenter
1382 1623 1522 1657 dixerunt,
1551 1623 1705 1651 Johannam
1723 1632 1738 1651 a
1753 1623 1866 1650 diabolo
1886 1623 2014 1651 delusam
2033 1623 2247 1659 demptamque,
2264 1632 2280 1651 a

402 1674 524 1709 maligno
541 1673 641 1708 spiritu
657 1673 778 1700 ductam.
801 1672 896 1707 Itaque
914 1672 1112 1707 inquisitorem
1131 1672 1165 1699 ad
1181 1680 1345 1707 processum
1362 1672 1501 1708 agendum
1516 1672 1685 1708 compellere
1700 1675 1885 1708 properarunt
1899 1673 2079 1708 (chumur,
2095 1672 2115 1699 l.
2128 1681 2165 1706 c.,
2177 1681 2205 1708 p.
2223 1673 2277 1704 13).

402 1724 476 1749 Deus
499 1723 559 1757 ipse
578 1722 689 1757 signum
708 1721 823 1748 dedisse
838 1721 997 1754 videbatur,
1013 1729 1077 1748 nam
1092 1721 1167 1748 circa
1187 1721 1261 1748 idem
1277 1724 1388 1757 tempus
1403 1721 1503 1757 Anglis
1523 1721 1551 1748 in
1566 1721 1640 1749 bello
1655 1730 1702 1749 res
1717 1730 1852 1757 prospere
1868 1721 2068 1749 succedebant.
2084 1722 2153 1749 Post
2168 1721 2278 1757 aliquos

402 1780 515 1798 menses
535 1779 597 1798 cum
617 1771 743 1798 Johanna
763 1779 778 1797 e
800 1770 867 1797 turri
889 1770 1059 1797 Beaurevoir
1074 1778 1104 1797 se
1125 1770 1306 1805 praecipitem
1325 1770 1399 1798 vitae
1413 1770 1539 1805 periculo
1555 1770 1659 1806 dejecit
1674 1772 1704 1798 ut
1719 1779 1819 1798 manus
1834 1771 1935 1798 vitaret
1954 1770 2119 1806 Anglorum,
2134 1773 2200 1798 tunc
2215 1778 2278 1798 cum

402 1821 472 1848 duce
488 1820 665 1855 Burgundiae
678 1819 712 1847 de
728 1819 790 1855 ipsa
805 1819 940 1846 tradenda
957 1819 1109 1854 agentium,
1127 1827 1188 1846 eam
1204 1819 1311 1854 peccati
1328 1819 1456 1846 mortalis
1475 1827 1551 1846 ream
1567 1819 1696 1855 magistri
1711 1820 1855 1855 putabant,
1877 1822 1903 1846 et
1919 1821 1994 1847 certe
2010 1827 2053 1853 ea,
2069 1821 2100 1846 ut
2115 1819 2276 1854 credebant,

402 1869 558 1896 temeritate
574 1877 676 1895 sensus
692 1876 763 1903 quos
779 1868 812 1895 de
828 1868 953 1895 Johanna
969 1870 1156 1903 conceperant
1171 1876 1227 1894 non
1243 1868 1430 1895 mutabantur.
1448 1868 1505 1895 Hoc
1521 1868 1640 1903 probant
1655 1868 1792 1903 epistolae
1807 1868 1959 1895 Novembr.
1973 1869 2005 1895 21
2020 1868 2128 1899 datae„

493 1967 575 1994 Tales
593 1966 705 1993 fuerunt
720 1966 917 1993 Universitatis
934 1974 1046 1999 sensus,
1060 1974 1122 1993 cum
1140 1974 1294 2001 processus
1310 1974 1354 1993 an.
1371 1966 1448 1999 1431,
1464 1966 1628 2000 Februario,
1642 1968 1739 1993 contra
1755 1966 1909 1993 Johannam
1925 1965 2040 2001 incepit.
2057 1966 2145 1997 Quem
2160 1965 2280 1993 Univer-

404 2017 473 2043 sitas
489 2024 582 2043 coram
599 2024 629 2042 se
644 2015 762 2042 Parisiis
779 2015 927 2042 instituere
943 2015 1088 2050 cupiebat;
1103 2014 1152 2042 scd
1164 2014 1258 2050 Angli,
1273 2015 1302 2042 in
1317 2023 1436 2050 quorum
1452 2017 1620 2050 potestatem
1635 2015 1732 2042 Puella
1746 2014 1897 2048 ceciderat,
1911 2014 2059 2050 Rotomagi
2075 2014 2278 2041 instituendum

403 2065 597 2092 decreverunt.
613 2065 712 2091 Petrus
729 2064 860 2091 Cauchon
873 2064 1025 2099 episcopus
1041 2063 1262 2097 Bellovacensis,
1279 2072 1388 2091 summa
1402 2064 1527 2092 amicitia
1542 2064 1626 2091 simul
1641 2072 1704 2091 cum
1719 2064 1818 2099 Anglis
1838 2066 1866 2090 et
1883 2063 2073 2091 Universitate
2087 2062 2190 2096 Paris„
2207 2071 2279 2098 quae

404 2116 468 2141 tunc
484 2122 547 2141 eum
564 2114 644 2148 quasi
661 2113 796 2140 adorabat
811 2113 878 2143 (vid.
896 2121 981 2148 supra
995 2119 1027 2139 ηο
1040 2114 1131 2148 2167),
1146 2113 1270 2148 junctus,
1286 2115 1313 2140 et
1328 2114 1436 2149 ejectus
1450 2122 1465 2140 e
1481 2122 1533 2140 sua
1547 2113 1683 2146 dioecesi,
1696 2121 1711 2140 a
1723 2113 1793 2140 duce
1807 2112 1975 2140 Bedfordiae
1990 2112 2019 2139 in
2035 2112 2279 2148 archiepiscopum

404 2164 603 2198 Rotomagens.
621 2162 689 2189 sede
706 2165 823 2189 vacante
839 2151 942 2189 frustra
959 2162 1128 2197 postulatus,
1146 2170 1176 2189 se
1190 2162 1306 2197 gerebat
1325 2162 1353 2188 in
1370 2162 1461 2189 aliena
1475 2162 1602 2190 dioecesi
1616 2162 1750 2197 judicem,
1765 2164 1792 2189 et
1807 2161 1855 2188 tali
1870 2161 1984 2188 nomine
2002 2161 2098 2197 plures
2112 2169 2147 2188 ex
2159 2161 2279 2189 Univer-

406 2212 486 2239 sitate
502 2212 591 2238 Paris.
609 2211 643 2239 ad
665 2219 830 2246 processum
846 2211 958 2238 vocavit
973 2213 1000 2237 et
1015 2210 1158 2238 vocandos
1178 2211 1296 2245 curavit,
1314 2211 1361 2246 qui
1382 2211 1496 2246 quidem
1515 2211 1700 2238 notabiliores
1720 2210 1792 2238 inter
1811 2210 1979 2237 assistentes
1994 2209 2195 2246 praecipuique
2215 2217 2278 2237 con-

405 2261 503 2287 siliarii
522 2269 673 2296 processus
690 2260 811 2287 suerunt.

492 2310 632 2336 Hactenus
645 2309 764 2336 liberum
776 2309 810 2336 de
822 2309 947 2336 Johanna
960 2308 1106 2335 arbitrium
1122 2309 1157 2335 iis
1173 2308 1401 2344 permittebatur;
1416 2317 1518 2336 sensus
1532 2309 1651 2336 aliorum
1664 2308 1709 2335 vel
1723 2308 1803 2343 sequi
1815 2308 1860 2335 vel
1876 2316 2010 2343 respuere
2025 2307 2138 2341 licebat,
2152 2306 2281 2334 veniam-

406 2367 459 2393 que
472 2359 538 2385 dare
556 2367 657 2393 posses
675 2366 771 2385 eorum
784 2358 819 2385 de
834 2358 930 2385 Puella
943 2358 1084 2393 opinioni;
1101 2366 1174 2385 nunc
1191 2366 1259 2384 vero
1276 2358 1378 2385 iisdem
1399 2357 1574 2385 conscientia
1593 2360 1620 2385 et
1634 2357 1689 2385 fide
1711 2357 1851 2393 agendum
1865 2359 1933 2390 erat,
1954 2365 2109 2393 processus
2125 2355 2279 2383 secundum

406 2408 518 2442 regulas
532 2407 603 2442 juris
620 2407 819 2440 instituendus,
838 2407 954 2442 spiritus
971 2407 1113 2434 Johannae
1129 2406 1324 2442 aequabilibus
1339 2407 1510 2434 testimoniis
1526 2406 1698 2442 probandus,
1715 2406 1961 2441 interpretationes
1981 2414 2073 2433 rerum
2091 2404 2278 2440 quaerendae,

405 2456 641 2491 percunctandum
657 2456 691 2482 de
707 2456 742 2482 iis
759 2456 840 2482 sactis
855 2464 869 2482 e
883 2456 985 2490 quibus
1000 2455 1128 2491 magistri
1143 2464 1203 2482 eam
1217 2464 1233 2482 a
1248 2455 1347 2491 spiritu
1361 2455 1484 2491 maligno
1495 2455 1559 2483 duci
1569 2455 1775 2489 concluserant,
1788 2455 1935 2490 opiniones
1951 2457 1979 2482 et
1994 2454 2173 2489 suspiciones
2191 2452 2279 2481 corri-

407 2505 513 2540 gendae
530 2505 641 2540 quando
657 2513 705 2532 eas
720 2513 734 2531 e
750 2504 828 2531 falsis
842 2505 1002 2531 rumoribus
1015 2505 1059 2531 vel
1075 2504 1178 2532 fabulis
1195 2505 1318 2539 pendere
1335 2507 1517 2540 agnoverant.

495 2555 529 2580 At
544 2553 613 2580 nihil
628 2553 683 2581 tale
697 2553 793 2580 videre
811 2556 864 2580 est.
883 2553 1051 2588 Opinionem
1067 2562 1150 2588 quam
1164 2553 1301 2580 adversus
1319 2553 1472 2580 Johannam
1489 2556 1552 2580 ante
1568 2561 1733 2588 processum
1749 2554 2006 2588 praesumpserant,
2024 2551 2151 2581 eamdem
2166 2551 2280 2578 ineunte

408 2611 542 2637 processu
558 2604 585 2629 et
599 2611 689 2637 usque
706 2602 740 2628 ad
759 2602 840 2629 finem
860 2602 980 2629 actionis
1000 2604 1177 2629 conservant.
1199 2603 1332 2629 Fortasse
1347 2610 1403 2629 non
1416 2602 1543 2638 magistri
1559 2602 1700 2637 culpandi,
1716 2601 1766 2628 sed
1782 2601 1873 2628 solum
1885 2602 1985 2628 Petrus
2001 2600 2142 2634 Cauchon,
2159 2599 2184 2626 si
2199 2599 2281 2627 testi-

408 2651 502 2677 monia
523 2659 593 2685 quae
616 2651 757 2677 Johannae
783 2651 914 2678 favebant
932 2651 959 2677 in
980 2659 1116 2686 processu
1138 2659 1193 2678 non
1211 2651 1304 2687 posita
1326 2651 1440 2678 fuerunt
1461 2651 1639 2685 (QUICHERAT,
1660 2651 1693 2684 ΙΙ,
1717 2650 1791 2686 200).
1809 2651 1867 2677 Hoc
1888 2658 1999 2685 quoque
2017 2649 2053 2678 ad
2074 2649 2150 2682 illos,
2169 2648 2280 2676 modice

409 2700 530 2734 quidem,
558 2690 732 2727 excusandos
757 2700 848 2727 afferri
873 2702 976 2735 potest,
998 2700 1215 2727 Universitatem
1237 2700 1327 2727 Paris.
1352 2702 1379 2727 et
1398 2700 1611 2735 inquisitionem
1626 2702 1691 2727 tunc
1711 2700 1847 2735 temporis
1861 2699 1919 2735 jam
1938 2698 2023 2726 nimis
2043 2700 2172 2726 assuetas
2191 2697 2279 2724 fuisse

409 2748 580 2775 diffidentiae
599 2749 633 2775 de
651 2757 772 2783 persona
789 2749 876 2776 semel
892 2752 972 2784 capta
990 2752 1016 2775 et
1032 2752 1164 2784 suspecta
1178 2749 1213 2776 de
1227 2749 1349 2776 haeresi.
1374 2749 1438 2782 Sed,
1459 2751 1490 2776 ut
1503 2749 1586 2776 nobis
1603 2749 1724 2782 videtur,
1746 2757 1779 2775 eo
1797 2748 1962 2783 diligentius
1978 2747 2106 2782 magistri
2126 2746 2279 2782 procedere

410 2796 574 2823 debuerunt.
591 2797 779 2824 Nihilominus
800 2798 1036 2833 interrogationes
1057 2798 1256 2833 magistrorum
1275 2798 1415 2825 interdum
1430 2798 1552 2833 perfidae
1568 2797 1646 2831 fiunt,
1665 2806 1721 2824 non
1736 2800 1767 2824 ut
1783 2797 1888 2825 veritas
1903 2799 2026 2829 eruatur,
2045 2795 2096 2823 sed
2110 2798 2140 2822 ut
2154 2795 2280 2823 Johanna

411 2847 534 2879 captetur
548 2845 595 2880 (cf.
612 2846 692 2879 ibid.,
708 2847 728 2879 l,
747 2848 806 2878 156,
819 2848 878 2880 166,
891 2848 950 2880 172,
963 2848 1022 2880 178,
1035 2848 1157 2880 179,180
1167 2855 1241 2882 sqq.,
1258 2848 1308 2874 186
1322 2847 1409 2882 sqq.).
1419 2847 1539 2874 —Alias
1551 2846 1787 2882 interrogationes
1800 2845 1928 2881 magistri
1942 2845 2110 2880 quandoque
2124 2844 2277 2880 fingebant,

410 2902 476 2919 suae
497 2894 621 2928 opinioni
647 2894 850 2921 firmamentum
867 2896 1038 2930 quaerendo,
1059 2896 1135 2931 quod
1155 2896 1304 2931 aliquando
1325 2904 1381 2924 non
1401 2896 1516 2923 difficile
1539 2895 1643 2923 evenit.
1659 2896 1721 2922 Non
1736 2895 1830 2922 omnia
1852 2895 1880 2921 in
1900 2894 2027 2922 Johanna
2046 2902 2132 2929 super
2151 2895 2278 2920 naturam

2498 3157 2502 3160 .
2479 2685 2502 3138 ⁴.sf.».·.m-Jh.·huffi.fwj.ua.n.ffl÷...mim
2479 2541 2502 2673 .(··¹=c..,'c²..;a.
2483 2483 2502 2527 ,3¹⁸
2491 2434 2502 2458 „:.
2498 2414 2502 2421 „.
2499 2366 2502 2378 ..
2499 2320 2502 2331 ,.
2495 2297 2497 2303 -
2490 2215 2502 2249 asc:
2494 2157 2502 2199 ..<...
