<?xml version="1.0" encoding="UTF-8"?>
<!DOCTYPE html PUBLIC "-//W3C//DTD XHTML 1.0 Transitional//EN"
    "http://www.w3.org/TR/xhtml1/DTD/xhtml1-transitional.dtd">
<html xmlns="http://www.w3.org/1999/xhtml" xml:lang="en" lang="en">
 <head>
  <title>
</title>
<meta http-equiv="Content-Type" content="text/html;charset=utf-8" />
  <meta name='ocr-system' content='tesseract 3.04.00' />
  <meta name='ocr-capabilities' content='ocr_page ocr_carea ocr_par ocr_line ocrx_word'/>
</head>
<body>
  <div class='ocr_page' id='page_1' title='image "./chartulariumuniv04univuoft_0040.png"; bbox 0 0 2502 3418; ppageno 0'>
   <div class='ocr_carea' id='block_1_1' title="bbox 387 324 1467 350">
    <p class='ocr_par' dir='ltr' id='par_1_1' title="bbox 387 324 1467 350">
     <span class='ocr_line' id='line_1_1' title="bbox 387 324 1467 350; baseline -0.004 -1"><span class='ocrx_word' id='word_1_1' title='bbox 387 326 496 350; x_wconf 82' lang='lat' dir='ltr'>XXXIV</span> <span class='ocrx_word' id='word_1_2' title='bbox 1172 324 1467 347; x_wconf 80' lang='lat' dir='ltr'>INTRODUCTIO.</span> 
     </span>
    </p>
   </div>
   <div class='ocr_carea' id='block_1_2' title="bbox 388 393 2262 2791">
    <p class='ocr_par' dir='ltr' id='par_1_2' title="bbox 389 393 2254 520">
     <span class='ocr_line' id='line_1_2' title="bbox 389 393 2254 447; baseline -0.005 -10"><span class='ocrx_word' id='word_1_3' title='bbox 389 401 586 437; x_wconf 87' lang='lat' dir='ltr'>sumdatae.</span> <span class='ocrx_word' id='word_1_4' title='bbox 622 403 807 437; x_wconf 89' lang='lat' dir='ltr'>Praeterea</span> <span class='ocrx_word' id='word_1_5' title='bbox 834 400 978 436; x_wconf 74' lang='lat' dir='ltr'>Lz‘bmm</span> <span class='ocrx_word' id='word_1_6' title='bbox 1001 406 1272 447; x_wconf 76' lang='lat' dir='ltr'>procuratorum</span> <span class='ocrx_word' id='word_1_7' title='bbox 1302 398 1453 434; x_wconf 70' lang='lat' dir='ltr'>nationis</span> <span class='ocrx_word' id='word_1_8' title='bbox 1487 397 1686 434; x_wconf 76' lang='lat' dir='ltr'><em>Gallicanae</em></span> <span class='ocrx_word' id='word_1_9' title='bbox 1718 408 1775 432; x_wconf 90' lang='lat' dir='ltr'>an.</span> <span class='ocrx_word' id='word_1_10' title='bbox 1809 396 2039 436; x_wconf 84' lang='grc'>1444-1456,</span> <span class='ocrx_word' id='word_1_11' title='bbox 2069 394 2130 440; x_wconf 92' lang='lat' dir='ltr'>qui</span> <span class='ocrx_word' id='word_1_12' title='bbox 2158 393 2254 429; x_wconf 90' lang='lat' dir='ltr'>solus</span> 
     </span>
     <span class='ocr_line' id='line_1_3' title="bbox 389 468 1736 520; baseline -0.004 -12"><span class='ocrx_word' id='word_1_13' title='bbox 389 472 510 520; x_wconf 89' lang='lat' dir='ltr'>quoad</span> <span class='ocrx_word' id='word_1_14' title='bbox 532 472 683 508; x_wconf 81' lang='lat' dir='ltr'>Mediam</span> <span class='ocrx_word' id='word_1_15' title='bbox 704 475 858 507; x_wconf 90' lang='lat' dir='ltr'>aetatem</span> <span class='ocrx_word' id='word_1_16' title='bbox 879 470 982 507; x_wconf 89' lang='lat' dir='ltr'>nobis</span> <span class='ocrx_word' id='word_1_17' title='bbox 1004 475 1179 519; x_wconf 81' lang='lat' dir='ltr'>superest,</span> <span class='ocrx_word' id='word_1_18' title='bbox 1202 473 1281 518; x_wconf 91' lang='lat' dir='ltr'>post</span> <span class='ocrx_word' id='word_1_19' title='bbox 1300 470 1474 505; x_wconf 88' lang='lat' dir='ltr'>Bulaeum</span> <span class='ocrx_word' id='word_1_20' title='bbox 1490 468 1736 505; x_wconf 80' lang='lat' dir='ltr'><strong>adhibuimus.</strong></span> 
     </span>
    </p>

    <p class='ocr_par' dir='ltr' id='par_1_3' title="bbox 389 536 2255 661">
     <span class='ocr_line' id='line_1_4' title="bbox 486 536 2255 588; baseline -0.005 -10"><span class='ocrx_word' id='word_1_21' title='bbox 486 545 683 586; x_wconf 73' lang='lat' dir='ltr'>AvnmoNE,</span> <span class='ocrx_word' id='word_1_22' title='bbox 712 543 749 577; x_wconf 92' lang='lat' dir='ltr'>in</span> <span class='ocrx_word' id='word_1_23' title='bbox 775 542 929 578; x_wconf 88' lang='lat' dir='ltr'>Archivo</span> <span class='ocrx_word' id='word_1_24' title='bbox 950 542 1044 577; x_wconf 88' lang='lat' dir='ltr'>dicto</span> <span class='ocrx_word' id='word_1_25' title='bbox 1073 556 1087 574; x_wconf 90' lang='lat'>«</span> <span class='ocrx_word' id='word_1_26' title='bbox 1110 542 1156 577; x_wconf 94' lang='lat' dir='ltr'>du</span> <span class='ocrx_word' id='word_1_27' title='bbox 1182 543 1438 588; x_wconf 81' lang='lat' dir='ltr'>Departement</span> <span class='ocrx_word' id='word_1_28' title='bbox 1460 540 1503 575; x_wconf 91' lang='lat' dir='ltr'>de</span> <span class='ocrx_word' id='word_1_29' title='bbox 1525 539 1703 576; x_wconf 89' lang='lat' dir='ltr'>Vaucluse</span> <span class='ocrx_word' id='word_1_30' title='bbox 1719 554 1733 571; x_wconf 88' lang='lat'>»</span> <span class='ocrx_word' id='word_1_31' title='bbox 1748 567 1756 582; x_wconf 87' lang='lat'>,</span> <span class='ocrx_word' id='word_1_32' title='bbox 1785 537 1956 585; x_wconf 82' lang='lat' dir='ltr'>originale</span> <span class='ocrx_word' id='word_1_33' title='bbox 1976 536 2020 572; x_wconf 90' lang='lat' dir='ltr'>ad</span> <span class='ocrx_word' id='word_1_34' title='bbox 2045 547 2255 584; x_wconf 84' lang='lat' dir='ltr'>processum</span> 
     </span>
     <span class='ocr_line' id='line_1_5' title="bbox 389 608 1983 661; baseline -0.004 -12"><span class='ocrx_word' id='word_1_35' title='bbox 389 614 622 661; x_wconf 83' lang='lat' dir='ltr'>posteriorem</span> <span class='ocrx_word' id='word_1_36' title='bbox 642 613 814 649; x_wconf 90' lang='lat' dir='ltr'>Johannis</span> <span class='ocrx_word' id='word_1_37' title='bbox 834 613 931 648; x_wconf 87' lang='lat' dir='ltr'>Parvi</span> <span class='ocrx_word' id='word_1_38' title='bbox 953 613 1204 660; x_wconf 89' lang='lat' dir='ltr'>exponendum</span> <span class='ocrx_word' id='word_1_39' title='bbox 1226 624 1270 647; x_wconf 88' lang='lat' dir='ltr'>ex</span> <span class='ocrx_word' id='word_1_40' title='bbox 1292 611 1404 647; x_wconf 87' lang='lat' dir='ltr'>fundo</span> <span class='ocrx_word' id='word_1_41' title='bbox 1430 611 1711 647; x_wconf 88' lang='lat' dir='ltr'>Coelestinorum</span> <span class='ocrx_word' id='word_1_42' title='bbox 1735 608 1983 656; x_wconf 83' lang='lat' dir='ltr'>quaesivimus.</span> 
     </span>
    </p>

    <p class='ocr_par' dir='ltr' id='par_1_4' title="bbox 391 679 2256 802">
     <span class='ocr_line' id='line_1_6' title="bbox 487 679 2256 730; baseline -0.005 -10"><span class='ocrx_word' id='word_1_43' title='bbox 487 686 673 720; x_wconf 80' lang='lat' dir='ltr'>RoTOMAol</span> <span class='ocrx_word' id='word_1_44' title='bbox 701 687 894 730; x_wconf 90' lang='lat' dir='ltr'>utrumque</span> <span class='ocrx_word' id='word_1_45' title='bbox 920 683 1115 718; x_wconf 88' lang='lat' dir='ltr'>Archivum</span> <span class='ocrx_word' id='word_1_46' title='bbox 1140 682 1294 718; x_wconf 87' lang='lat' dir='ltr'>adiimus</span> <span class='ocrx_word' id='word_1_47' title='bbox 1317 695 1325 718; x_wconf 91' lang='lat'>:</span> <span class='ocrx_word' id='word_1_48' title='bbox 1351 694 1369 717; x_wconf 92' lang='lat' dir='ltr'>e</span> <span class='ocrx_word' id='word_1_49' title='bbox 1396 681 1600 729; x_wconf 91' lang='lat' dir='ltr'>Municipali</span> <span class='ocrx_word' id='word_1_50' title='bbox 1627 680 1841 716; x_wconf 88' lang='lat' dir='ltr'>documenta</span> <span class='ocrx_word' id='word_1_51' title='bbox 1865 680 1900 714; x_wconf 92' lang='lat' dir='ltr'>in</span> <span class='ocrx_word' id='word_1_52' title='bbox 1926 679 2029 715; x_wconf 83' lang='lat' dir='ltr'>theca</span> <span class='ocrx_word' id='word_1_53' title='bbox 2052 682 2085 714; x_wconf 67' lang='lat'>1⁸·</span> <span class='ocrx_word' id='word_1_54' title='bbox 2107 681 2141 713; x_wconf 91' lang='lat' dir='ltr'>et</span> <span class='ocrx_word' id='word_1_55' title='bbox 2163 679 2209 720; x_wconf 69' lang='lat'>3²,</span> <span class='ocrx_word' id='word_1_56' title='bbox 2237 688 2256 713; x_wconf 92' lang='lat' dir='ltr'>e</span> 
     </span>
     <span class='ocr_line' id='line_1_7' title="bbox 391 751 1871 802; baseline -0.003 -11"><span class='ocrx_word' id='word_1_57' title='bbox 391 755 620 791; x_wconf 75' lang='lat' dir='ltr'>Praefectura</span> <span class='ocrx_word' id='word_1_58' title='bbox 635 754 755 802; x_wconf 89' lang='lat' dir='ltr'>(Arch.</span> <span class='ocrx_word' id='word_1_59' title='bbox 776 753 1106 802; x_wconf 81' lang='lat' dir='ltr'>departementales)</span> <span class='ocrx_word' id='word_1_60' title='bbox 1126 753 1400 789; x_wconf 84' lang='lat' dir='ltr'>instrumentum</span> <span class='ocrx_word' id='word_1_61' title='bbox 1415 754 1447 787; x_wconf 89' lang='lat' dir='ltr'>J.</span> <span class='ocrx_word' id='word_1_62' title='bbox 1470 755 1562 788; x_wconf 90' lang='lat'>1154</span> <span class='ocrx_word' id='word_1_63' title='bbox 1579 751 1871 788; x_wconf 82' lang='lat' dir='ltr'>examinavimus.</span> 
     </span>
    </p>

    <p class='ocr_par' dir='ltr' id='par_1_5' title="bbox 490 822 2175 872">
     <span class='ocr_line' id='line_1_8' title="bbox 490 822 2175 872; baseline -0.004 -11"><span class='ocrx_word' id='word_1_64' title='bbox 490 827 717 861; x_wconf 78' lang='lat' dir='ltr'>BARCINONAE</span> <span class='ocrx_word' id='word_1_65' title='bbox 736 825 928 860; x_wconf 88' lang='lat' dir='ltr'>Archivum</span> <span class='ocrx_word' id='word_1_66' title='bbox 952 826 1110 860; x_wconf 87' lang='lat' dir='ltr'>Coronae</span> <span class='ocrx_word' id='word_1_67' title='bbox 1132 824 1330 872; x_wconf 85' lang='lat' dir='ltr'>Aragoniae</span> <span class='ocrx_word' id='word_1_68' title='bbox 1347 823 1521 871; x_wconf 84' lang='lat' dir='ltr'>quaedam</span> <span class='ocrx_word' id='word_1_69' title='bbox 1540 822 1644 859; x_wconf 89' lang='lat' dir='ltr'>nobis</span> <span class='ocrx_word' id='word_1_70' title='bbox 1662 822 1791 858; x_wconf 92' lang='lat' dir='ltr'>obtulit</span> <span class='ocrx_word' id='word_1_71' title='bbox 1806 833 1825 857; x_wconf 93' lang='lat' dir='ltr'>e</span> <span class='ocrx_word' id='word_1_72' title='bbox 1847 823 1995 869; x_wconf 87' lang='lat' dir='ltr'>Regesto</span> <span class='ocrx_word' id='word_1_73' title='bbox 2011 828 2050 856; x_wconf 91' lang='lat' dir='ltr'>n⁰</span> <span class='ocrx_word' id='word_1_74' title='bbox 2066 822 2175 856; x_wconf 79' lang='grc'>2449.</span> 
     </span>
    </p>

    <p class='ocr_par' dir='ltr' id='par_1_6' title="bbox 388 891 2258 1298">
     <span class='ocr_line' id='line_1_9' title="bbox 488 891 2256 940; baseline -0.003 -9"><span class='ocrx_word' id='word_1_75' title='bbox 488 898 679 932; x_wconf 70' lang='lat' dir='ltr'><strong>LUCERNAE</strong></span> <span class='ocrx_word' id='word_1_76' title='bbox 706 895 742 930; x_wconf 93' lang='lat' dir='ltr'>in</span> <span class='ocrx_word' id='word_1_77' title='bbox 772 895 940 939; x_wconf 88' lang='lat' dir='ltr'>Helvetia,</span> <span class='ocrx_word' id='word_1_78' title='bbox 973 895 1117 931; x_wconf 90' lang='lat' dir='ltr'>Archivi</span> <span class='ocrx_word' id='word_1_79' title='bbox 1142 896 1260 931; x_wconf 90' lang='lat' dir='ltr'>Status</span> <span class='ocrx_word' id='word_1_80' title='bbox 1287 895 1400 931; x_wconf 85' lang='lat' dir='ltr'>codex</span> <span class='ocrx_word' id='word_1_81' title='bbox 1429 897 1467 930; x_wconf 88' lang='lat' dir='ltr'>n⁰</span> <span class='ocrx_word' id='word_1_82' title='bbox 1494 897 1562 930; x_wconf 87' lang='lat'>544</span> <span class='ocrx_word' id='word_1_83' title='bbox 1591 895 1634 929; x_wconf 90' lang='lat' dir='ltr'>de</span> <span class='ocrx_word' id='word_1_84' title='bbox 1657 893 1781 929; x_wconf 88' lang='lat' dir='ltr'>studiis</span> <span class='ocrx_word' id='word_1_85' title='bbox 1804 892 1900 940; x_wconf 90' lang='lat' dir='ltr'>apud</span> <span class='ocrx_word' id='word_1_86' title='bbox 1920 891 2170 928; x_wconf 88' lang='lat' dir='ltr'>Cistercienses</span> <span class='ocrx_word' id='word_1_87' title='bbox 2190 901 2256 926; x_wconf 90' lang='lat' dir='ltr'>nos</span> 
     </span>
     <span class='ocr_line' id='line_1_10' title="bbox 390 961 2256 1013; baseline -0.003 -11"><span class='ocrx_word' id='word_1_88' title='bbox 390 967 566 1002; x_wconf 87' lang='lat' dir='ltr'>instruxit.</span> <span class='ocrx_word' id='word_1_89' title='bbox 596 968 627 1002; x_wconf 89' lang='lat' dir='ltr'>Is</span> <span class='ocrx_word' id='word_1_90' title='bbox 651 966 777 1010; x_wconf 88' lang='lat' dir='ltr'>codex,</span> <span class='ocrx_word' id='word_1_91' title='bbox 807 977 1011 1013; x_wconf 82' lang='lat' dir='ltr'>quanquam</span> <span class='ocrx_word' id='word_1_92' title='bbox 1037 965 1159 1001; x_wconf 88' lang='lat' dir='ltr'>aetatis</span> <span class='ocrx_word' id='word_1_93' title='bbox 1183 966 1388 1013; x_wconf 88' lang='lat' dir='ltr'>posterioris</span> <span class='ocrx_word' id='word_1_94' title='bbox 1414 964 1673 1012; x_wconf 83' lang='lat' dir='ltr'>apographum,</span> <span class='ocrx_word' id='word_1_95' title='bbox 1699 975 1740 1000; x_wconf 88' lang='lat' dir='ltr'>eo</span> <span class='ocrx_word' id='word_1_96' title='bbox 1762 963 1947 1011; x_wconf 81' lang='lat' dir='ltr'>pretiosior</span> <span class='ocrx_word' id='word_1_97' title='bbox 1966 966 2018 998; x_wconf 92' lang='lat' dir='ltr'>est</span> <span class='ocrx_word' id='word_1_98' title='bbox 2040 962 2136 1009; x_wconf 88' lang='lat' dir='ltr'>quod</span> <span class='ocrx_word' id='word_1_99' title='bbox 2157 961 2256 1008; x_wconf 86' lang='lat' dir='ltr'>quasi</span> 
     </span>
     <span class='ocr_line' id='line_1_11' title="bbox 389 1033 2258 1085; baseline -0.003 -12"><span class='ocrx_word' id='word_1_100' title='bbox 389 1038 514 1074; x_wconf 88' lang='lat' dir='ltr'>unicus</span> <span class='ocrx_word' id='word_1_101' title='bbox 534 1041 691 1085; x_wconf 85' lang='lat' dir='ltr'>superest</span> <span class='ocrx_word' id='word_1_102' title='bbox 711 1037 756 1072; x_wconf 89' lang='lat' dir='ltr'>ad</span> <span class='ocrx_word' id='word_1_103' title='bbox 772 1048 824 1072; x_wconf 90' lang='lat' dir='ltr'>res</span> <span class='ocrx_word' id='word_1_104' title='bbox 842 1036 972 1072; x_wconf 88' lang='lat' dir='ltr'>saeculi</span> <span class='ocrx_word' id='word_1_105' title='bbox 987 1037 1101 1083; x_wconf 89' lang='lat' dir='ltr'>quinti</span> <span class='ocrx_word' id='word_1_106' title='bbox 1118 1036 1250 1072; x_wconf 88' lang='lat' dir='ltr'>decimi</span> <span class='ocrx_word' id='word_1_107' title='bbox 1273 1036 1553 1084; x_wconf 88' lang='lat' dir='ltr'>cognoscendas,</span> <span class='ocrx_word' id='word_1_108' title='bbox 1571 1039 1605 1071; x_wconf 91' lang='lat' dir='ltr'>et</span> <span class='ocrx_word' id='word_1_109' title='bbox 1622 1035 1733 1071; x_wconf 90' lang='lat' dir='ltr'>multa</span> <span class='ocrx_word' id='word_1_110' title='bbox 1747 1035 1871 1071; x_wconf 89' lang='lat' dir='ltr'>retinet</span> <span class='ocrx_word' id='word_1_111' title='bbox 1893 1045 1984 1081; x_wconf 90' lang='lat' dir='ltr'>quae</span> <span class='ocrx_word' id='word_1_112' title='bbox 2004 1033 2134 1069; x_wconf 86' lang='lat' dir='ltr'>frustra</span> <span class='ocrx_word' id='word_1_113' title='bbox 2151 1044 2258 1080; x_wconf 90' lang='lat' dir='ltr'>quae-</span> 
     </span>
     <span class='ocr_line' id='line_1_12' title="bbox 389 1104 2258 1156; baseline -0.003 -12"><span class='ocrx_word' id='word_1_114' title='bbox 389 1109 489 1144; x_wconf 89' lang='lat' dir='ltr'>sieris</span> <span class='ocrx_word' id='word_1_115' title='bbox 509 1120 565 1156; x_wconf 91' lang='lat' dir='ltr'>ap.</span> <span class='ocrx_word' id='word_1_116' title='bbox 584 1110 758 1144; x_wconf 75' lang='lat' dir='ltr'><strong>MARTENE</strong></span> <span class='ocrx_word' id='word_1_117' title='bbox 777 1107 892 1155; x_wconf 75' lang='lat' dir='ltr'>(Thes.</span> <span class='ocrx_word' id='word_1_118' title='bbox 916 1119 994 1143; x_wconf 77' lang='lat' dir='ltr'>nov.</span> <span class='ocrx_word' id='word_1_119' title='bbox 1015 1107 1151 1151; x_wconf 60' lang='lat' dir='ltr'>anecd„</span> <span class='ocrx_word' id='word_1_120' title='bbox 1173 1111 1197 1143; x_wconf 90' lang='lat' dir='ltr'>t.</span> <span class='ocrx_word' id='word_1_121' title='bbox 1222 1107 1294 1156; x_wconf 88' lang='lat' dir='ltr'>IV),</span> <span class='ocrx_word' id='word_1_122' title='bbox 1313 1107 1348 1142; x_wconf 91' lang='lat' dir='ltr'>in</span> <span class='ocrx_word' id='word_1_123' title='bbox 1367 1118 1439 1154; x_wconf 93' lang='lat' dir='ltr'>quo</span> <span class='ocrx_word' id='word_1_124' title='bbox 1461 1107 1623 1155; x_wconf 91' lang='lat' dir='ltr'>Capitula</span> <span class='ocrx_word' id='word_1_125' title='bbox 1637 1106 1814 1154; x_wconf 86' lang='lat' dir='ltr'>generalia</span> <span class='ocrx_word' id='word_1_126' title='bbox 1834 1117 1938 1153; x_wconf 88' lang='lat' dir='ltr'>saepe</span> <span class='ocrx_word' id='word_1_127' title='bbox 1959 1105 2028 1141; x_wconf 84' lang='lat' dir='ltr'>alio</span> <span class='ocrx_word' id='word_1_128' title='bbox 2051 1104 2155 1140; x_wconf 91' lang='lat' dir='ltr'>modo</span> <span class='ocrx_word' id='word_1_129' title='bbox 2172 1115 2258 1140; x_wconf 91' lang='lat' dir='ltr'>nar-</span> 
     </span>
     <span class='ocr_line' id='line_1_13' title="bbox 390 1176 2257 1226; baseline -0.002 -12"><span class='ocrx_word' id='word_1_130' title='bbox 390 1183 523 1215; x_wconf 88' lang='lat' dir='ltr'>rantur.</span> <span class='ocrx_word' id='word_1_131' title='bbox 553 1178 640 1220; x_wconf 84' lang='lat' dir='ltr'>Quia</span> <span class='ocrx_word' id='word_1_132' title='bbox 664 1182 782 1213; x_wconf 89' lang='lat' dir='ltr'>tamen</span> <span class='ocrx_word' id='word_1_133' title='bbox 807 1178 953 1214; x_wconf 87' lang='lat' dir='ltr'>notitiae</span> <span class='ocrx_word' id='word_1_134' title='bbox 979 1178 1155 1225; x_wconf 89' lang='lat' dir='ltr'>imprimis</span> <span class='ocrx_word' id='word_1_135' title='bbox 1176 1178 1220 1214; x_wconf 93' lang='lat' dir='ltr'>ad</span> <span class='ocrx_word' id='word_1_136' title='bbox 1247 1179 1398 1226; x_wconf 88' lang='lat' dir='ltr'>privatos</span> <span class='ocrx_word' id='word_1_137' title='bbox 1423 1178 1603 1214; x_wconf 87' lang='lat' dir='ltr'>scholares</span> <span class='ocrx_word' id='word_1_138' title='bbox 1631 1177 1684 1213; x_wconf 91' lang='lat' dir='ltr'>vel</span> <span class='ocrx_word' id='word_1_139' title='bbox 1707 1177 1925 1225; x_wconf 88' lang='lat' dir='ltr'>provisiones</span> <span class='ocrx_word' id='word_1_140' title='bbox 1953 1176 2172 1224; x_wconf 80' lang='lat' dir='ltr'>spectabant,</span> <span class='ocrx_word' id='word_1_141' title='bbox 2197 1186 2257 1211; x_wconf 90' lang='lat' dir='ltr'>eas</span> 
     </span>
     <span class='ocr_line' id='line_1_14' title="bbox 388 1249 986 1298; baseline -0.003 -12"><span class='ocrx_word' id='word_1_142' title='bbox 388 1263 451 1298; x_wconf 88' lang='lat' dir='ltr'>per</span> <span class='ocrx_word' id='word_1_143' title='bbox 471 1250 666 1286; x_wconf 88' lang='lat' dir='ltr'>summaria</span> <span class='ocrx_word' id='word_1_144' title='bbox 689 1249 761 1284; x_wconf 90' lang='lat' dir='ltr'>fere</span> <span class='ocrx_word' id='word_1_145' title='bbox 784 1249 986 1284; x_wconf 87' lang='lat' dir='ltr'>retulimus.</span> 
     </span>
    </p>

    <p class='ocr_par' dir='ltr' id='par_1_7' title="bbox 390 1317 2259 1569">
     <span class='ocr_line' id='line_1_15' title="bbox 489 1317 2258 1367; baseline -0.002 -11"><span class='ocrx_word' id='word_1_146' title='bbox 489 1322 787 1356; x_wconf 78' lang='lat' dir='ltr'>PRAEmCATORUM</span> <span class='ocrx_word' id='word_1_147' title='bbox 806 1320 997 1355; x_wconf 88' lang='lat' dir='ltr'>Archivum</span> <span class='ocrx_word' id='word_1_148' title='bbox 1024 1320 1191 1366; x_wconf 81' lang='lat' dir='ltr'>generale</span> <span class='ocrx_word' id='word_1_149' title='bbox 1219 1320 1414 1367; x_wconf 84' lang='lat' dir='ltr'>fragmenta</span> <span class='ocrx_word' id='word_1_150' title='bbox 1440 1319 1684 1367; x_wconf 86' lang='lat' dir='ltr'>Capitulorum</span> <span class='ocrx_word' id='word_1_151' title='bbox 1710 1318 1931 1367; x_wconf 83' lang='lat' dir='ltr'>generalium</span> <span class='ocrx_word' id='word_1_152' title='bbox 1956 1319 2064 1366; x_wconf 91' lang='lat' dir='ltr'>hujus</span> <span class='ocrx_word' id='word_1_153' title='bbox 2088 1317 2258 1365; x_wconf 90' lang='lat' dir='ltr'>temporis</span> 
     </span>
     <span class='ocr_line' id='line_1_16' title="bbox 391 1389 2259 1439; baseline -0.002 -11"><span class='ocrx_word' id='word_1_154' title='bbox 391 1404 481 1439; x_wconf 88' lang='lat' dir='ltr'>quae</span> <span class='ocrx_word' id='word_1_155' title='bbox 508 1392 689 1427; x_wconf 82' lang='lat' dir='ltr'>continent</span> <span class='ocrx_word' id='word_1_156' title='bbox 721 1390 974 1438; x_wconf 84' lang='lat' dir='ltr'>assignationes</span> <span class='ocrx_word' id='word_1_157' title='bbox 1002 1390 1248 1427; x_wconf 88' lang='lat' dir='ltr'>baccaleorum</span> <span class='ocrx_word' id='word_1_158' title='bbox 1281 1391 1423 1427; x_wconf 89' lang='lat' dir='ltr'>Ordinis</span> <span class='ocrx_word' id='word_1_159' title='bbox 1457 1403 1522 1438; x_wconf 88' lang='lat' dir='ltr'>pro</span> <span class='ocrx_word' id='word_1_160' title='bbox 1546 1390 1777 1426; x_wconf 89' lang='lat' dir='ltr'>Universitate</span> <span class='ocrx_word' id='word_1_161' title='bbox 1803 1390 2008 1426; x_wconf 86' lang='lat' dir='ltr'>Parisiensi.</span> <span class='ocrx_word' id='word_1_162' title='bbox 2040 1389 2259 1437; x_wconf 87' lang='lat' dir='ltr'>Apographa</span> 
     </span>
     <span class='ocr_line' id='line_1_17' title="bbox 391 1460 2258 1509; baseline -0.002 -11"><span class='ocrx_word' id='word_1_163' title='bbox 391 1466 473 1498; x_wconf 91' lang='lat' dir='ltr'>sunt</span> <span class='ocrx_word' id='word_1_164' title='bbox 508 1463 641 1499; x_wconf 91' lang='lat' dir='ltr'>codicis</span> <span class='ocrx_word' id='word_1_165' title='bbox 674 1462 928 1498; x_wconf 88' lang='lat' dir='ltr'>Barcinonens.</span> <span class='ocrx_word' id='word_1_166' title='bbox 960 1462 1089 1509; x_wconf 88' lang='lat' dir='ltr'>perditi</span> <span class='ocrx_word' id='word_1_167' title='bbox 1121 1462 1262 1498; x_wconf 87' lang='lat' dir='ltr'>saeculo</span> <span class='ocrx_word' id='word_1_168' title='bbox 1298 1470 1403 1498; x_wconf 82' lang='lat' dir='ltr'>xvl11⁰</span> <span class='ocrx_word' id='word_1_169' title='bbox 1429 1462 1533 1505; x_wconf 88' lang='lat' dir='ltr'>facta,</span> <span class='ocrx_word' id='word_1_170' title='bbox 1567 1466 1602 1497; x_wconf 91' lang='lat' dir='ltr'>et</span> <span class='ocrx_word' id='word_1_171' title='bbox 1639 1461 1709 1497; x_wconf 88' lang='lat' dir='ltr'>fere</span> <span class='ocrx_word' id='word_1_172' title='bbox 1745 1461 1822 1497; x_wconf 87' lang='lat' dir='ltr'>sons</span> <span class='ocrx_word' id='word_1_173' title='bbox 1855 1461 1982 1496; x_wconf 91' lang='lat' dir='ltr'>unicus</span> <span class='ocrx_word' id='word_1_174' title='bbox 2011 1463 2186 1507; x_wconf 88' lang='lat' dir='ltr'>quantum</span> <span class='ocrx_word' id='word_1_175' title='bbox 2212 1460 2258 1496; x_wconf 89' lang='lat' dir='ltr'>ad</span> 
     </span>
     <span class='ocr_line' id='line_1_18' title="bbox 390 1545 567 1569; baseline 0 0"><span class='ocrx_word' id='word_1_176' title='bbox 390 1545 481 1569; x_wconf 89' lang='lat' dir='ltr'>saec.</span> <span class='ocrx_word' id='word_1_177' title='bbox 506 1545 567 1569; x_wconf 86' lang='lat' dir='ltr'>xv.</span> 
     </span>
    </p>

    <p class='ocr_par' dir='ltr' id='par_1_8' title="bbox 389 1603 2262 2791">
     <span class='ocr_line' id='line_1_19' title="bbox 489 1603 2258 1651; baseline -0.001 -12"><span class='ocrx_word' id='word_1_178' title='bbox 489 1607 725 1640; x_wconf 72' lang='lat' dir='ltr'>BissmornECA</span> <span class='ocrx_word' id='word_1_179' title='bbox 744 1605 957 1640; x_wconf 78' lang='lat' dir='ltr'>NATIONALIS</span> <span class='ocrx_word' id='word_1_180' title='bbox 978 1603 1086 1639; x_wconf 81' lang='lat' dir='ltr'>Paris.</span> <span class='ocrx_word' id='word_1_181' title='bbox 1109 1603 1228 1639; x_wconf 91' lang='lat' dir='ltr'>minus</span> <span class='ocrx_word' id='word_1_182' title='bbox 1245 1616 1352 1651; x_wconf 88' lang='lat' dir='ltr'>quam</span> <span class='ocrx_word' id='word_1_183' title='bbox 1368 1604 1662 1651; x_wconf 87' lang='lat' dir='ltr'>praecedentibus</span> <span class='ocrx_word' id='word_1_184' title='bbox 1682 1603 1786 1640; x_wconf 87' lang='lat' dir='ltr'>tomis</span> <span class='ocrx_word' id='word_1_185' title='bbox 1807 1603 1925 1639; x_wconf 83' lang='lat' dir='ltr'>forsan</span> <span class='ocrx_word' id='word_1_186' title='bbox 1941 1603 2083 1646; x_wconf 81' lang='lat' dir='ltr'>obtulit,</span> <span class='ocrx_word' id='word_1_187' title='bbox 2103 1606 2258 1638; x_wconf 81' lang='lat' dir='ltr'>attamen</span> 
     </span>
     <span class='ocr_line' id='line_1_20' title="bbox 389 1673 2258 1724; baseline -0.001 -13"><span class='ocrx_word' id='word_1_188' title='bbox 389 1676 564 1724; x_wconf 90' lang='lat' dir='ltr'>plurimos</span> <span class='ocrx_word' id='word_1_189' title='bbox 583 1675 724 1711; x_wconf 89' lang='lat' dir='ltr'>codices</span> <span class='ocrx_word' id='word_1_190' title='bbox 744 1674 1031 1722; x_wconf 83' lang='lat' dir='ltr'>pretiosissimos.</span> <span class='ocrx_word' id='word_1_191' title='bbox 1055 1676 1147 1710; x_wconf 89' lang='lat' dir='ltr'>Ante</span> <span class='ocrx_word' id='word_1_192' title='bbox 1166 1686 1293 1711; x_wconf 87' lang='lat' dir='ltr'>omnes</span> <span class='ocrx_word' id='word_1_193' title='bbox 1310 1675 1440 1711; x_wconf 87' lang='lat' dir='ltr'>citandi</span> <span class='ocrx_word' id='word_1_194' title='bbox 1461 1675 1556 1711; x_wconf 90' lang='lat' dir='ltr'>Libri</span> <span class='ocrx_word' id='word_1_195' title='bbox 1574 1675 1796 1711; x_wconf 89' lang='lat' dir='ltr'>bedellorum</span> <span class='ocrx_word' id='word_1_196' title='bbox 1814 1674 2064 1722; x_wconf 90' lang='lat' dir='ltr'>principalium</span> <span class='ocrx_word' id='word_1_197' title='bbox 2081 1673 2258 1710; x_wconf 83' lang='lat' dir='ltr'>facultatis</span> 
     </span>
     <span class='ocr_line' id='line_1_21' title="bbox 392 1745 2258 1795; baseline -0.001 -13"><span class='ocrx_word' id='word_1_198' title='bbox 392 1747 605 1795; x_wconf 81' lang='lat' dir='ltr'>theologiae,</span> <span class='ocrx_word' id='word_1_199' title='bbox 631 1746 691 1794; x_wconf 91' lang='lat' dir='ltr'>qui</span> <span class='ocrx_word' id='word_1_200' title='bbox 717 1750 853 1793; x_wconf 90' lang='lat' dir='ltr'>praeter</span> <span class='ocrx_word' id='word_1_201' title='bbox 882 1750 1050 1793; x_wconf 88' lang='lat' dir='ltr'>computa</span> <span class='ocrx_word' id='word_1_202' title='bbox 1073 1750 1299 1793; x_wconf 88' lang='lat' dir='ltr'>receptorum</span> <span class='ocrx_word' id='word_1_203' title='bbox 1322 1750 1356 1782; x_wconf 90' lang='lat' dir='ltr'>et</span> <span class='ocrx_word' id='word_1_204' title='bbox 1378 1758 1638 1795; x_wconf 89' lang='lat' dir='ltr'>expensorum,</span> <span class='ocrx_word' id='word_1_205' title='bbox 1668 1746 1780 1782; x_wconf 90' lang='lat' dir='ltr'>multa</span> <span class='ocrx_word' id='word_1_206' title='bbox 1810 1749 2003 1794; x_wconf 82' lang='lat' dir='ltr'>suggerunt</span> <span class='ocrx_word' id='word_1_207' title='bbox 2033 1745 2258 1782; x_wconf 77' lang='lat' dir='ltr'>Chartulario</span> 
     </span>
     <span class='ocr_line' id='line_1_22' title="bbox 391 1816 2255 1865; baseline -0.001 -12"><span class='ocrx_word' id='word_1_208' title='bbox 391 1818 544 1862; x_wconf 85' lang='lat' dir='ltr'>inutilia,</span> <span class='ocrx_word' id='word_1_209' title='bbox 572 1823 609 1853; x_wconf 90' lang='lat' dir='ltr'>ut</span> <span class='ocrx_word' id='word_1_210' title='bbox 635 1816 903 1853; x_wconf 87' lang='lat' dir='ltr'>distributiones</span> <span class='ocrx_word' id='word_1_211' title='bbox 927 1828 991 1864; x_wconf 93' lang='lat' dir='ltr'>pro</span> <span class='ocrx_word' id='word_1_212' title='bbox 1013 1817 1144 1861; x_wconf 87' lang='lat' dir='ltr'>missis,</span> <span class='ocrx_word' id='word_1_213' title='bbox 1171 1817 1478 1865; x_wconf 87' lang='lat' dir='ltr'>processionibus,</span> <span class='ocrx_word' id='word_1_214' title='bbox 1505 1821 1589 1862; x_wconf 88' lang='lat' dir='ltr'>etc.,</span> <span class='ocrx_word' id='word_1_215' title='bbox 1613 1821 1647 1853; x_wconf 91' lang='lat' dir='ltr'>at</span> <span class='ocrx_word' id='word_1_216' title='bbox 1670 1829 1793 1853; x_wconf 88' lang='lat' dir='ltr'>rursus</span> <span class='ocrx_word' id='word_1_217' title='bbox 1816 1817 2031 1861; x_wconf 87' lang='lat' dir='ltr'>licentiatos,</span> <span class='ocrx_word' id='word_1_218' title='bbox 2052 1817 2255 1864; x_wconf 89' lang='lat' dir='ltr'>magistros,</span> 
     </span>
     <span class='ocr_line' id='line_1_23' title="bbox 392 1887 2258 1936; baseline -0.001 -11"><span class='ocrx_word' id='word_1_219' title='bbox 392 1900 566 1932; x_wconf 87' lang='lat' dir='ltr'>cursores,</span> <span class='ocrx_word' id='word_1_220' title='bbox 590 1888 754 1931; x_wconf 88' lang='lat' dir='ltr'>biblicos,</span> <span class='ocrx_word' id='word_1_221' title='bbox 773 1888 1020 1923; x_wconf 89' lang='lat' dir='ltr'>sententiarios</span> <span class='ocrx_word' id='word_1_222' title='bbox 1039 1892 1266 1925; x_wconf 90' lang='lat' dir='ltr'>enumerant.</span> <span class='ocrx_word' id='word_1_223' title='bbox 1289 1890 1316 1924; x_wconf 91' lang='lat' dir='ltr'>E</span> <span class='ocrx_word' id='word_1_224' title='bbox 1337 1889 1467 1936; x_wconf 86' lang='lat' dir='ltr'>quibus</span> <span class='ocrx_word' id='word_1_225' title='bbox 1487 1889 1524 1924; x_wconf 86' lang='lat' dir='ltr'>hi</span> <span class='ocrx_word' id='word_1_226' title='bbox 1547 1892 1758 1936; x_wconf 88' lang='lat' dir='ltr'>supersunt:</span> <span class='ocrx_word' id='word_1_227' title='bbox 1779 1888 1896 1924; x_wconf 81' lang='lat' dir='ltr'>Codex</span> <span class='ocrx_word' id='word_1_228' title='bbox 1915 1888 1976 1923; x_wconf 91' lang='lat' dir='ltr'>lat.</span> <span class='ocrx_word' id='word_1_229' title='bbox 1997 1890 2104 1931; x_wconf 87' lang='lat'>5494,</span> <span class='ocrx_word' id='word_1_230' title='bbox 2120 1887 2258 1923; x_wconf 89' lang='lat' dir='ltr'>duabus</span> 
     </span>
     <span class='ocr_line' id='line_1_24' title="bbox 392 1959 2258 2008; baseline -0.001 -12"><span class='ocrx_word' id='word_1_231' title='bbox 392 1960 552 2008; x_wconf 89' lang='lat' dir='ltr'>partibus</span> <span class='ocrx_word' id='word_1_232' title='bbox 572 1964 750 2003; x_wconf 89' lang='lat' dir='ltr'>constans,</span> <span class='ocrx_word' id='word_1_233' title='bbox 769 1959 885 2006; x_wconf 86' lang='lat' dir='ltr'>priore</span> <span class='ocrx_word' id='word_1_234' title='bbox 904 1970 924 1994; x_wconf 92' lang='lat' dir='ltr'>a</span> <span class='ocrx_word' id='word_1_235' title='bbox 938 1959 1102 1995; x_wconf 87' lang='lat' dir='ltr'>Johanne</span> <span class='ocrx_word' id='word_1_236' title='bbox 1118 1960 1294 1996; x_wconf 90' lang='lat' dir='ltr'>Vacheret</span> <span class='ocrx_word' id='word_1_237' title='bbox 1315 1960 1359 1996; x_wconf 90' lang='lat' dir='ltr'>ab</span> <span class='ocrx_word' id='word_1_238' title='bbox 1379 1972 1438 1996; x_wconf 92' lang='lat' dir='ltr'>an.</span> <span class='ocrx_word' id='word_1_239' title='bbox 1462 1963 1548 1996; x_wconf 74' lang='grc'>1421</span> <span class='ocrx_word' id='word_1_240' title='bbox 1576 1972 1690 2007; x_wconf 90' lang='lat' dir='ltr'>usque</span> <span class='ocrx_word' id='word_1_241' title='bbox 1712 1960 1755 1995; x_wconf 85' lang='lat' dir='ltr'>ad</span> <span class='ocrx_word' id='word_1_242' title='bbox 1778 1971 1835 1995; x_wconf 91' lang='lat' dir='ltr'>an.</span> <span class='ocrx_word' id='word_1_243' title='bbox 1859 1961 1964 2001; x_wconf 88' lang='lat'>1434,</span> <span class='ocrx_word' id='word_1_244' title='bbox 1988 1959 2098 1995; x_wconf 89' lang='lat' dir='ltr'>altera</span> <span class='ocrx_word' id='word_1_245' title='bbox 2120 1971 2140 1995; x_wconf 90' lang='lat' dir='ltr'>a</span> <span class='ocrx_word' id='word_1_246' title='bbox 2164 1961 2258 1994; x_wconf 87' lang='lat' dir='ltr'>Lau-</span> 
     </span>
     <span class='ocr_line' id='line_1_25' title="bbox 393 2030 2260 2078; baseline -0.001 -11"><span class='ocrx_word' id='word_1_247' title='bbox 393 2031 507 2067; x_wconf 89' lang='lat' dir='ltr'>rentio</span> <span class='ocrx_word' id='word_1_248' title='bbox 529 2030 701 2067; x_wconf 90' lang='lat' dir='ltr'>Poutrelli</span> <span class='ocrx_word' id='word_1_249' title='bbox 725 2042 837 2077; x_wconf 89' lang='lat' dir='ltr'>usqne</span> <span class='ocrx_word' id='word_1_250' title='bbox 859 2030 903 2065; x_wconf 91' lang='lat' dir='ltr'>ad</span> <span class='ocrx_word' id='word_1_251' title='bbox 931 2042 989 2065; x_wconf 89' lang='lat' dir='ltr'>an.</span> <span class='ocrx_word' id='word_1_252' title='bbox 1018 2032 1110 2067; x_wconf 88' lang='lat'>1438</span> <span class='ocrx_word' id='word_1_253' title='bbox 1135 2031 1348 2078; x_wconf 88' lang='lat' dir='ltr'>conscripta.</span> <span class='ocrx_word' id='word_1_254' title='bbox 1377 2031 1477 2068; x_wconf 88' lang='lat' dir='ltr'>Prior</span> <span class='ocrx_word' id='word_1_255' title='bbox 1498 2031 1660 2067; x_wconf 89' lang='lat' dir='ltr'>bedellus</span> <span class='ocrx_word' id='word_1_256' title='bbox 1685 2031 1796 2067; x_wconf 89' lang='lat' dir='ltr'>multa</span> <span class='ocrx_word' id='word_1_257' title='bbox 1818 2030 1925 2066; x_wconf 89' lang='lat' dir='ltr'>simul</span> <span class='ocrx_word' id='word_1_258' title='bbox 1948 2030 2121 2073; x_wconf 87' lang='lat' dir='ltr'>confudit,</span> <span class='ocrx_word' id='word_1_259' title='bbox 2147 2030 2197 2066; x_wconf 89' lang='lat' dir='ltr'>ita</span> <span class='ocrx_word' id='word_1_260' title='bbox 2222 2034 2260 2066; x_wconf 87' lang='lat' dir='ltr'>ut</span> 
     </span>
     <span class='ocr_line' id='line_1_26' title="bbox 393 2101 2261 2150; baseline 0 -12"><span class='ocrx_word' id='word_1_261' title='bbox 393 2114 501 2150; x_wconf 86' lang='lat' dir='ltr'>saepe</span> <span class='ocrx_word' id='word_1_262' title='bbox 522 2102 567 2137; x_wconf 92' lang='lat' dir='ltr'>ad</span> <span class='ocrx_word' id='word_1_263' title='bbox 583 2113 691 2148; x_wconf 90' lang='lat' dir='ltr'>quem</span> <span class='ocrx_word' id='word_1_264' title='bbox 709 2113 844 2137; x_wconf 90' lang='lat' dir='ltr'>annum</span> <span class='ocrx_word' id='word_1_265' title='bbox 861 2101 1051 2137; x_wconf 85' lang='lat' dir='ltr'>reserenda</span> <span class='ocrx_word' id='word_1_266' title='bbox 1072 2101 1142 2137; x_wconf 90' lang='lat' dir='ltr'>sint</span> <span class='ocrx_word' id='word_1_267' title='bbox 1161 2106 1239 2138; x_wconf 85' lang='lat' dir='ltr'>acta</span> <span class='ocrx_word' id='word_1_268' title='bbox 1255 2102 1432 2138; x_wconf 87' lang='lat' dir='ltr'>facultatis</span> <span class='ocrx_word' id='word_1_269' title='bbox 1449 2103 1492 2138; x_wconf 88' lang='lat' dir='ltr'>sit</span> <span class='ocrx_word' id='word_1_270' title='bbox 1512 2102 1658 2138; x_wconf 79' lang='lat' dir='ltr'>difficile</span> <span class='ocrx_word' id='word_1_271' title='bbox 1680 2102 1796 2145; x_wconf 84' lang='lat' dir='ltr'>dictu3</span> <span class='ocrx_word' id='word_1_272' title='bbox 1815 2113 1906 2150; x_wconf 87' lang='lat' dir='ltr'>quae</span> <span class='ocrx_word' id='word_1_273' title='bbox 1922 2102 1959 2137; x_wconf 90' lang='lat' dir='ltr'>in</span> <span class='ocrx_word' id='word_1_274' title='bbox 1979 2102 2140 2137; x_wconf 87' lang='lat' dir='ltr'>ordinem</span> <span class='ocrx_word' id='word_1_275' title='bbox 2157 2113 2261 2149; x_wconf 88' lang='lat' dir='ltr'>repo-</span> 
     </span>
     <span class='ocr_line' id='line_1_27' title="bbox 394 2172 2260 2221; baseline 0 -13"><span class='ocrx_word' id='word_1_276' title='bbox 394 2174 545 2216; x_wconf 88' lang='lat' dir='ltr'>suimus,</span> <span class='ocrx_word' id='word_1_277' title='bbox 564 2177 597 2209; x_wconf 90' lang='lat' dir='ltr'>et</span> <span class='ocrx_word' id='word_1_278' title='bbox 617 2173 667 2208; x_wconf 92' lang='lat' dir='ltr'>sic</span> <span class='ocrx_word' id='word_1_279' title='bbox 690 2172 953 2208; x_wconf 74' lang='lat' dir='ltr'>Chartularimn</span> <span class='ocrx_word' id='word_1_280' title='bbox 974 2173 1160 2219; x_wconf 87' lang='lat' dir='ltr'>quaerenti</span> <span class='ocrx_word' id='word_1_281' title='bbox 1182 2185 1396 2221; x_wconf 89' lang='lat' dir='ltr'>responsum</span> <span class='ocrx_word' id='word_1_282' title='bbox 1418 2174 1527 2210; x_wconf 87' lang='lat' dir='ltr'>dabit.</span> <span class='ocrx_word' id='word_1_283' title='bbox 1548 2174 1646 2210; x_wconf 90' lang='lat' dir='ltr'>Alter</span> <span class='ocrx_word' id='word_1_284' title='bbox 1665 2186 1721 2209; x_wconf 86' lang='lat' dir='ltr'>res</span> <span class='ocrx_word' id='word_1_285' title='bbox 1746 2173 1874 2209; x_wconf 91' lang='lat' dir='ltr'>melius</span> <span class='ocrx_word' id='word_1_286' title='bbox 1896 2173 2049 2217; x_wconf 89' lang='lat' dir='ltr'>ordinat,</span> <span class='ocrx_word' id='word_1_287' title='bbox 2068 2173 2131 2208; x_wconf 90' lang='lat' dir='ltr'>sed</span> <span class='ocrx_word' id='word_1_288' title='bbox 2147 2172 2260 2221; x_wconf 81' lang='lat' dir='ltr'>magis</span> 
     </span>
     <span class='ocr_line' id='line_1_28' title="bbox 393 2243 2260 2292; baseline 0 -12"><span class='ocrx_word' id='word_1_289' title='bbox 393 2245 430 2280; x_wconf 92' lang='lat' dir='ltr'>in</span> <span class='ocrx_word' id='word_1_290' title='bbox 447 2244 652 2280; x_wconf 88' lang='lat' dir='ltr'>nominibus</span> <span class='ocrx_word' id='word_1_291' title='bbox 671 2243 948 2279; x_wconf 85' lang='lat' dir='ltr'>transcribendis</span> <span class='ocrx_word' id='word_1_292' title='bbox 968 2247 1106 2290; x_wconf 88' lang='lat' dir='ltr'>peccat.</span> <span class='ocrx_word' id='word_1_293' title='bbox 1127 2246 1284 2291; x_wconf 89' lang='lat' dir='ltr'>Uterque</span> <span class='ocrx_word' id='word_1_294' title='bbox 1299 2245 1466 2281; x_wconf 89' lang='lat' dir='ltr'>velociter</span> <span class='ocrx_word' id='word_1_295' title='bbox 1482 2245 1637 2292; x_wconf 81' lang='lat' dir='ltr'>scripsit,</span> <span class='ocrx_word' id='word_1_296' title='bbox 1661 2245 1818 2292; x_wconf 89' lang='lat' dir='ltr'>pessima</span> <span class='ocrx_word' id='word_1_297' title='bbox 1839 2245 2012 2280; x_wconf 86' lang='lat' dir='ltr'>latinitate</span> <span class='ocrx_word' id='word_1_298' title='bbox 2037 2256 2140 2288; x_wconf 92' lang='lat' dir='ltr'>usus;</span> <span class='ocrx_word' id='word_1_299' title='bbox 2166 2248 2200 2280; x_wconf 89' lang='lat' dir='ltr'>et</span> <span class='ocrx_word' id='word_1_300' title='bbox 2222 2249 2260 2280; x_wconf 91' lang='lat' dir='ltr'>ut</span> 
     </span>
     <span class='ocr_line' id='line_1_29' title="bbox 394 2314 2262 2363; baseline 0.001 -13"><span class='ocrx_word' id='word_1_301' title='bbox 394 2315 603 2363; x_wconf 87' lang='lat' dir='ltr'>margaritas</span> <span class='ocrx_word' id='word_1_302' title='bbox 623 2326 665 2351; x_wconf 87' lang='lat' dir='ltr'>ex</span> <span class='ocrx_word' id='word_1_303' title='bbox 684 2314 750 2350; x_wconf 89' lang='lat' dir='ltr'>isto</span> <span class='ocrx_word' id='word_1_304' title='bbox 769 2314 855 2350; x_wconf 87' lang='lat' dir='ltr'>fimo</span> <span class='ocrx_word' id='word_1_305' title='bbox 879 2326 1088 2350; x_wconf 83' lang='lat' dir='ltr'>erueremus</span> <span class='ocrx_word' id='word_1_306' title='bbox 1114 2315 1197 2350; x_wconf 90' lang='lat' dir='ltr'>satis</span> <span class='ocrx_word' id='word_1_307' title='bbox 1221 2315 1281 2351; x_wconf 94' lang='lat' dir='ltr'>diu</span> <span class='ocrx_word' id='word_1_308' title='bbox 1303 2315 1419 2352; x_wconf 90' lang='lat' dir='ltr'>rimati</span> <span class='ocrx_word' id='word_1_309' title='bbox 1442 2328 1577 2352; x_wconf 88' lang='lat' dir='ltr'>sumus.</span> <span class='ocrx_word' id='word_1_310' title='bbox 1598 2316 1756 2352; x_wconf 87' lang='lat' dir='ltr'>Iudicem</span> <span class='ocrx_word' id='word_1_311' title='bbox 1775 2316 1964 2351; x_wconf 87' lang='lat' dir='ltr'>nominum</span> <span class='ocrx_word' id='word_1_312' title='bbox 1983 2316 2020 2351; x_wconf 91' lang='lat' dir='ltr'>in</span> <span class='ocrx_word' id='word_1_313' title='bbox 2042 2316 2113 2351; x_wconf 83' lang='lat' dir='ltr'>line</span> <span class='ocrx_word' id='word_1_314' title='bbox 2131 2315 2262 2363; x_wconf 87' lang='lat' dir='ltr'>adjecit</span> 
     </span>
     <span class='ocr_line' id='line_1_30' title="bbox 396 2385 2259 2434; baseline 0 -12"><span class='ocrx_word' id='word_1_315' title='bbox 396 2386 578 2434; x_wconf 88' lang='lat' dir='ltr'>Philippus</span> <span class='ocrx_word' id='word_1_316' title='bbox 596 2388 742 2429; x_wconf 84' lang='lat' dir='ltr'>Bouvot,</span> <span class='ocrx_word' id='word_1_317' title='bbox 766 2385 927 2421; x_wconf 88' lang='lat' dir='ltr'>bedellus</span> <span class='ocrx_word' id='word_1_318' title='bbox 946 2386 1077 2421; x_wconf 89' lang='lat' dir='ltr'>saeculi</span> <span class='ocrx_word' id='word_1_319' title='bbox 1094 2388 1207 2431; x_wconf 86' lang='lat' dir='ltr'>XVll,</span> <span class='ocrx_word' id='word_1_320' title='bbox 1228 2387 1270 2422; x_wconf 91' lang='lat' dir='ltr'>de</span> <span class='ocrx_word' id='word_1_321' title='bbox 1287 2399 1357 2434; x_wconf 91' lang='lat' dir='ltr'>quo</span> <span class='ocrx_word' id='word_1_322' title='bbox 1372 2387 1480 2423; x_wconf 86' lang='lat' dir='ltr'>infra.</span> <span class='ocrx_word' id='word_1_323' title='bbox 1498 2408 1545 2414; x_wconf 94' lang='lat'>—</span> <span class='ocrx_word' id='word_1_324' title='bbox 1561 2387 1681 2423; x_wconf 89' lang='lat' dir='ltr'>Codex</span> <span class='ocrx_word' id='word_1_325' title='bbox 1700 2387 1761 2423; x_wconf 88' lang='lat' dir='ltr'>lat.</span> <span class='ocrx_word' id='word_1_326' title='bbox 1781 2389 1891 2423; x_wconf 76' lang='lat'>56570</span> <span class='ocrx_word' id='word_1_327' title='bbox 1906 2388 1951 2423; x_wconf 89' lang='lat' dir='ltr'>ad</span> <span class='ocrx_word' id='word_1_328' title='bbox 1971 2399 2083 2423; x_wconf 93' lang='lat' dir='ltr'>annos</span> <span class='ocrx_word' id='word_1_329' title='bbox 2101 2389 2259 2423; x_wconf 86' lang='grc'>1449-64</span> 
     </span>
     <span class='ocr_line' id='line_1_31' title="bbox 394 2456 2262 2507; baseline 0.001 -14"><span class='ocrx_word' id='word_1_330' title='bbox 394 2458 559 2505; x_wconf 89' lang='lat' dir='ltr'>pertinet,</span> <span class='ocrx_word' id='word_1_331' title='bbox 578 2457 621 2493; x_wconf 90' lang='lat' dir='ltr'>ab</span> <span class='ocrx_word' id='word_1_332' title='bbox 643 2458 768 2493; x_wconf 90' lang='lat' dir='ltr'>eodem</span> <span class='ocrx_word' id='word_1_333' title='bbox 793 2456 982 2492; x_wconf 90' lang='lat' dir='ltr'>Laurentio</span> <span class='ocrx_word' id='word_1_334' title='bbox 1005 2458 1175 2493; x_wconf 91' lang='lat' dir='ltr'>Poutrelli</span> <span class='ocrx_word' id='word_1_335' title='bbox 1192 2462 1366 2494; x_wconf 79' lang='lat' dir='ltr'>exaratus.</span> <span class='ocrx_word' id='word_1_336' title='bbox 1394 2459 1508 2507; x_wconf 86' lang='lat' dir='ltr'>Majus</span> <span class='ocrx_word' id='word_1_337' title='bbox 1528 2459 1681 2506; x_wconf 87' lang='lat' dir='ltr'>pretium</span> <span class='ocrx_word' id='word_1_338' title='bbox 1706 2458 1790 2494; x_wconf 89' lang='lat' dir='ltr'>huic</span> <span class='ocrx_word' id='word_1_339' title='bbox 1812 2458 1925 2494; x_wconf 83' lang='lat' dir='ltr'>codici</span> <span class='ocrx_word' id='word_1_340' title='bbox 1946 2470 1987 2494; x_wconf 92' lang='lat' dir='ltr'>eo</span> <span class='ocrx_word' id='word_1_341' title='bbox 2008 2458 2143 2494; x_wconf 89' lang='lat' dir='ltr'>accedit</span> <span class='ocrx_word' id='word_1_342' title='bbox 2164 2458 2262 2506; x_wconf 88' lang='lat' dir='ltr'>quod</span> 
     </span>
     <span class='ocr_line' id='line_1_32' title="bbox 395 2527 2259 2578; baseline -0.001 -13"><span class='ocrx_word' id='word_1_343' title='bbox 395 2532 562 2576; x_wconf 88' lang='lat' dir='ltr'>computa</span> <span class='ocrx_word' id='word_1_344' title='bbox 581 2529 760 2564; x_wconf 85' lang='lat' dir='ltr'>Laurentii</span> <span class='ocrx_word' id='word_1_345' title='bbox 780 2527 1044 2564; x_wconf 87' lang='lat' dir='ltr'>communicata</span> <span class='ocrx_word' id='word_1_346' title='bbox 1061 2533 1143 2564; x_wconf 89' lang='lat' dir='ltr'>sunt</span> <span class='ocrx_word' id='word_1_347' title='bbox 1163 2541 1244 2565; x_wconf 91' lang='lat' dir='ltr'>cum</span> <span class='ocrx_word' id='word_1_348' title='bbox 1261 2530 1477 2566; x_wconf 89' lang='lat' dir='ltr'>notabilibus</span> <span class='ocrx_word' id='word_1_349' title='bbox 1496 2530 1673 2578; x_wconf 86' lang='lat' dir='ltr'>magistris</span> <span class='ocrx_word' id='word_1_350' title='bbox 1694 2530 1730 2565; x_wconf 93' lang='lat' dir='ltr'>in</span> <span class='ocrx_word' id='word_1_351' title='bbox 1746 2530 1925 2577; x_wconf 89' lang='lat' dir='ltr'>theologia</span> <span class='ocrx_word' id='word_1_352' title='bbox 1944 2529 2004 2577; x_wconf 86' lang='lat' dir='ltr'>qui</span> <span class='ocrx_word' id='word_1_353' title='bbox 2027 2530 2126 2577; x_wconf 88' lang='lat' dir='ltr'>signa</span> <span class='ocrx_word' id='word_1_354' title='bbox 2141 2541 2205 2565; x_wconf 88' lang='lat' dir='ltr'>sua</span> <span class='ocrx_word' id='word_1_355' title='bbox 2224 2529 2259 2564; x_wconf 91' lang='lat' dir='ltr'>in</span> 
     </span>
     <span class='ocr_line' id='line_1_33' title="bbox 394 2599 2258 2649; baseline 0.001 -14"><span class='ocrx_word' id='word_1_356' title='bbox 394 2600 486 2635; x_wconf 90' lang='lat' dir='ltr'>libro</span> <span class='ocrx_word' id='word_1_357' title='bbox 510 2599 791 2647; x_wconf 80' lang='lat' dir='ltr'>apposuerunt⁴3</span> <span class='ocrx_word' id='word_1_358' title='bbox 818 2601 915 2636; x_wconf 91' lang='lat' dir='ltr'>unde</span> <span class='ocrx_word' id='word_1_359' title='bbox 942 2601 986 2636; x_wconf 89' lang='lat' dir='ltr'>de</span> <span class='ocrx_word' id='word_1_360' title='bbox 1014 2600 1130 2636; x_wconf 85' lang='lat' dir='ltr'>forma</span> <span class='ocrx_word' id='word_1_361' title='bbox 1153 2601 1340 2637; x_wconf 90' lang='lat' dir='ltr'>nominum</span> <span class='ocrx_word' id='word_1_362' title='bbox 1360 2602 1613 2649; x_wconf 91' lang='lat' dir='ltr'>quorumdam,</span> <span class='ocrx_word' id='word_1_363' title='bbox 1638 2601 1783 2637; x_wconf 89' lang='lat' dir='ltr'>aliunde</span> <span class='ocrx_word' id='word_1_364' title='bbox 1801 2601 1922 2645; x_wconf 88' lang='lat' dir='ltr'>dubia,</span> <span class='ocrx_word' id='word_1_365' title='bbox 1941 2613 1973 2636; x_wconf 90' lang='lat' dir='ltr'>v.</span> <span class='ocrx_word' id='word_1_366' title='bbox 1995 2613 2030 2648; x_wconf 86' lang='lat' dir='ltr'>g.</span> <span class='ocrx_word' id='word_1_367' title='bbox 2051 2600 2258 2649; x_wconf 81' lang='lat' dir='ltr'>Sabrevoys,</span> 
     </span>
     <span class='ocr_line' id='line_1_34' title="bbox 396 2671 2262 2720; baseline 0.001 -14"><span class='ocrx_word' id='word_1_368' title='bbox 396 2671 560 2715; x_wconf 73' lang='lat' dir='ltr'>Eurardi,</span> <span class='ocrx_word' id='word_1_369' title='bbox 589 2671 717 2706; x_wconf 91' lang='lat' dir='ltr'>eruditi</span> <span class='ocrx_word' id='word_1_370' title='bbox 744 2671 890 2706; x_wconf 89' lang='lat' dir='ltr'>fuimus.</span> <span class='ocrx_word' id='word_1_371' title='bbox 917 2691 967 2699; x_wconf 89' lang='lat'>—</span> <span class='ocrx_word' id='word_1_372' title='bbox 990 2671 1102 2708; x_wconf 90' lang='lat' dir='ltr'>Valde</span> <span class='ocrx_word' id='word_1_373' title='bbox 1128 2683 1193 2707; x_wconf 92' lang='lat' dir='ltr'>nos</span> <span class='ocrx_word' id='word_1_374' title='bbox 1219 2672 1314 2708; x_wconf 90' lang='lat' dir='ltr'>dolet</span> <span class='ocrx_word' id='word_1_375' title='bbox 1341 2673 1436 2720; x_wconf 91' lang='lat' dir='ltr'>quod</span> <span class='ocrx_word' id='word_1_376' title='bbox 1460 2672 1551 2708; x_wconf 89' lang='lat' dir='ltr'>liber</span> <span class='ocrx_word' id='word_1_377' title='bbox 1572 2684 1630 2708; x_wconf 88' lang='lat' dir='ltr'>an.</span> <span class='ocrx_word' id='word_1_378' title='bbox 1661 2674 1828 2716; x_wconf 82' lang='grc'>1438-49,</span> <span class='ocrx_word' id='word_1_379' title='bbox 1856 2684 1876 2708; x_wconf 88' lang='lat' dir='ltr'>a</span> <span class='ocrx_word' id='word_1_380' title='bbox 1902 2671 2093 2707; x_wconf 89' lang='lat' dir='ltr'>Laurentio</span> <span class='ocrx_word' id='word_1_381' title='bbox 2119 2683 2262 2719; x_wconf 89' lang='lat' dir='ltr'>quoque</span> 
     </span>
     <span class='ocr_line' id='line_1_35' title="bbox 396 2741 2262 2791; baseline 0 -13"><span class='ocrx_word' id='word_1_382' title='bbox 396 2742 558 2789; x_wconf 86' lang='lat' dir='ltr'>scriptus,</span> <span class='ocrx_word' id='word_1_383' title='bbox 578 2742 653 2789; x_wconf 88' lang='lat' dir='ltr'>jam</span> <span class='ocrx_word' id='word_1_384' title='bbox 675 2741 875 2789; x_wconf 86' lang='lat' dir='ltr'>deperditus</span> <span class='ocrx_word' id='word_1_385' title='bbox 897 2743 954 2778; x_wconf 89' lang='lat' dir='ltr'>sit.</span> <span class='ocrx_word' id='word_1_386' title='bbox 977 2743 1033 2778; x_wconf 90' lang='lat' dir='ltr'>Ad</span> <span class='ocrx_word' id='word_1_387' title='bbox 1056 2742 1148 2778; x_wconf 89' lang='lat' dir='ltr'>hanc</span> <span class='ocrx_word' id='word_1_388' title='bbox 1170 2742 1335 2779; x_wconf 90' lang='lat' dir='ltr'>lacunam</span> <span class='ocrx_word' id='word_1_389' title='bbox 1357 2743 1608 2791; x_wconf 88' lang='lat' dir='ltr'>complendam</span> <span class='ocrx_word' id='word_1_390' title='bbox 1631 2747 1806 2790; x_wconf 88' lang='lat' dir='ltr'>quantum</span> <span class='ocrx_word' id='word_1_391' title='bbox 1825 2743 1921 2787; x_wconf 88' lang='lat' dir='ltr'>licet,</span> <span class='ocrx_word' id='word_1_392' title='bbox 1943 2746 2104 2790; x_wconf 90' lang='lat' dir='ltr'>superest</span> <span class='ocrx_word' id='word_1_393' title='bbox 2122 2742 2224 2779; x_wconf 90' lang='lat' dir='ltr'>labor</span> <span class='ocrx_word' id='word_1_394' title='bbox 2242 2754 2262 2778; x_wconf 85' lang='lat' dir='ltr'>a</span> 
     </span>
    </p>
   </div>
   <div class='ocr_carea' id='block_1_3' title="bbox 491 2873 2178 2908">
    <p class='ocr_par' dir='ltr' id='par_1_9' title="bbox 491 2873 2178 2908">
     <span class='ocr_line' id='line_1_36' title="bbox 491 2873 2178 2908; baseline 0 -11"><span class='ocrx_word' id='word_1_395' title='bbox 491 2874 512 2897; x_wconf 87' lang='lat'>1.</span> <span class='ocrx_word' id='word_1_396' title='bbox 529 2873 699 2905; x_wconf 82' lang='lat' dir='ltr'>Frequentius</span> <span class='ocrx_word' id='word_1_397' title='bbox 714 2874 740 2897; x_wconf 91' lang='lat' dir='ltr'>in</span> <span class='ocrx_word' id='word_1_398' title='bbox 755 2874 800 2897; x_wconf 87' lang='lat' dir='ltr'>hoc</span> <span class='ocrx_word' id='word_1_399' title='bbox 815 2874 889 2905; x_wconf 78' lang='lat' dir='ltr'>signa</span> <span class='ocrx_word' id='word_1_400' title='bbox 904 2874 1087 2905; x_wconf 83' lang='lat' dir='ltr'>magistrorum</span> <span class='ocrx_word' id='word_1_401' title='bbox 1103 2874 1251 2907; x_wconf 83' lang='lat' dir='ltr'>subscripta.</span> <span class='ocrx_word' id='word_1_402' title='bbox 1265 2877 1326 2899; x_wconf 80' lang='lat' dir='ltr'>sunt</span> <span class='ocrx_word' id='word_1_403' title='bbox 1339 2882 1416 2907; x_wconf 86' lang='lat' dir='ltr'>quam</span> <span class='ocrx_word' id='word_1_404' title='bbox 1432 2875 1458 2899; x_wconf 90' lang='lat' dir='ltr'>in</span> <span class='ocrx_word' id='word_1_405' title='bbox 1472 2875 1645 2908; x_wconf 82' lang='lat' dir='ltr'>praecedente,</span> <span class='ocrx_word' id='word_1_406' title='bbox 1662 2875 1705 2899; x_wconf 84' lang='lat' dir='ltr'>ubi</span> <span class='ocrx_word' id='word_1_407' title='bbox 1720 2876 1759 2898; x_wconf 78' lang='lat' dir='ltr'>ter</span> <span class='ocrx_word' id='word_1_408' title='bbox 1771 2877 1817 2899; x_wconf 84' lang='lat' dir='ltr'>aut</span> <span class='ocrx_word' id='word_1_409' title='bbox 1830 2876 1922 2906; x_wconf 83' lang='lat' dir='ltr'>quater</span> <span class='ocrx_word' id='word_1_410' title='bbox 1933 2875 2035 2899; x_wconf 76' lang='lat' dir='ltr'>tautum</span> <span class='ocrx_word' id='word_1_411' title='bbox 2047 2874 2178 2905; x_wconf 80' lang='lat' dir='ltr'>leguntur.</span> 
     </span>
    </p>
   </div>
  </div>
 </body>
</html>
