2502 3418
237 339 332 375 1416]
581 353 626 373 ΑΒ
662 352 767 373 ANNO
802 351 1089 373 mecenxxxxw
1124 352 1256 380 USQUE
1292 352 1339 373 Αι)
1375 353 1512 374 ANNUM
1548 354 1753 376 nccccmi.
2032 347 2095 378 327

235 463 379 500 2077.
403 481 418 498 ι(
437 472 587 506 Quoddam
610 475 881 508 appunctamentum
902 480 989 507 super
1009 472 1183 507 quibusdam
1205 472 1351 497 codicibus
1366 473 1609 499 Justisscationem
1629 474 1710 499 ducis
1725 474 1894 507 Burgundie
1907 484 1993 510 super
2012 479 2098 500 mor-te

323 521 405 547 ducis
419 521 640 547 Aurelianensis
654 520 823 557 appellatis.
841 529 856 546 ›
1593 545 1595 548 .

1419 557 1485 586 1416,
1502 557 1629 589 Septemb.
1647 559 1684 587 79,
1701 558 1814 584 Parisiis.

322 643 492 685 Karolus,
515 645 581 677 Dei
610 644 724 689 gratia
753 645 973 677 Francorum
995 656 1070 685 rex,
1094 645 1276 678 universis
1304 652 1495 690 presentes
1525 645 1662 678 litteras
1687 645 1906 690 inspecturis
1933 646 2097 679 salutem.

234 709 323 743 Cum
347 722 462 755 nuper
483 710 519 742 in
541 717 663 743 nostra
686 710 898 755 parlamenti
920 711 1018 743 curia
1039 711 1225 744 carissima
1246 711 1318 744 filia
1344 718 1467 744 nostra
1494 712 1711 744 Parisiensis
1732 711 1958 744 Universitas
1985 712 2097 756 palam

234 775 403 809 omnibus
425 777 692 821 proposuisset,
712 777 809 821 quod
830 778 991 810 Parisius
1008 784 1114 822 atque
1131 777 1215 810 alibi
1238 778 1274 810 in
1291 777 1458 823 pluribus
1476 778 1579 822 regni
1601 778 1716 810 nostri
1737 778 1829 810 locis
1846 778 2099 823 quamplurimi

233 849 353 876 certos
374 843 520 876 codices
541 850 576 876 et
597 843 796 888 scripturas
818 855 1018 888 eorumque
1039 844 1163 889 copias
1182 845 1483 890 Justificationem
1504 844 1605 878 ducis
1624 844 1835 889 Burgundie
1855 856 1966 889 super
1987 852 2100 877 morte

234 908 337 942 ducis
359 909 637 943 Aurelianensis
659 917 884 955 nuncupatas
906 910 1206 956 multiplicabant,
1230 910 1462 956 publicabant
1483 923 1521 943 ac
1541 911 1743 943 venditioni
1774 911 1918 955 publice
1945 923 2102 956 expone-

234 976 319 1008 bant
342 1002 409 1017 ....,
431 976 624 1021 requirens
645 976 747 1021 ipsos
768 977 914 1010 codices
940 984 975 1010 et
1002 978 1202 1022 scripturas
1228 985 1371 1023 ruptum
1402 985 1437 1011 et
1465 977 1659 1010 laceratum
1687 978 1731 1010 iri
1762 977 1906 1022 publice
1928 985 1987 1010 aut
2014 978 2101 1010 alias

234 1053 344 1087 super
371 1043 561 1087 premissis
589 1044 690 1087 juxta
716 1055 822 1076 casus
853 1044 1071 1089 exigentiam
1103 1044 1288 1089 provideri
1312 1056 1318 1076 :
1342 1051 1466 1077 notum
1495 1044 1659 1085 facimus,
1682 1044 1779 1089 quod
1800 1044 1919 1077 audita
1941 1044 2102 1089 predicte

233 1108 306 1141 filie
328 1116 452 1142 nostre
475 1110 732 1143 Universitatis
753 1117 923 1155 requesta
947 1124 1018 1151 ....·,
1041 1111 1132 1144 visis
1153 1111 1304 1156 insuper
1324 1111 1543 1156 supradictis
1565 1111 1757 1155 scripturis
1778 1118 1884 1155 atque
1913 1111 2101 1143 codicibus

234 1187 387 1208 unacum
409 1175 576 1221 pluribus
598 1176 678 1209 aliis
700 1177 818 1209 eidem
841 1178 940 1210 curie
963 1185 1087 1210 nostre
1108 1189 1173 1222 per
1193 1178 1307 1222 ipsam
1330 1178 1609 1210 Universitatem
1632 1177 1786 1218 traditis,
1808 1184 1843 1210 et
1862 1177 2102 1210 consideratis

233 1242 512 1275 considerandis
535 1255 542 1275 :
566 1244 701 1287 prefata
723 1244 822 1276 curia
851 1256 893 1276 ex
924 1251 1023 1289 parte
1049 1251 1173 1277 nostra
1199 1244 1357 1277 inhibuit
1385 1251 1419 1276 et
1445 1244 1586 1276 inhibet
1682 1243 1750 1276 sub
1772 1256 1862 1288 pena
1882 1244 2047 1288 corporis
2069 1250 2103 1276 et

233 1307 411 1341 bonorum
503 1321 547 1341 ne
566 1309 647 1354 quis
664 1311 916 1355 cujuscunque
934 1317 1048 1343 status
1065 1317 1125 1343 aut
1145 1310 1367 1343 conditionis
1389 1311 1425 1342 in
1447 1317 1631 1355 posterum
1651 1310 1756 1351 dicat,
1775 1310 1949 1355 publicet7
1966 1316 2104 1342 asserat

233 1385 298 1407 seu
321 1375 449 1408 doceat
468 1375 505 1407 in
526 1382 653 1408 nostro
675 1376 837 1409 dominio
864 1376 975 1409 licere
1003 1377 1110 1409 alicui
1131 1377 1287 1410 vassallo
1313 1384 1373 1409 aut
1403 1376 1567 1421 subjecto
1594 1388 1658 1409 seu
1684 1376 1786 1409 alteri
1812 1376 2017 1409 interficere
2038 1376 2102 1409 ali-

233 1453 339 1486 quem
362 1454 427 1486 per
447 1442 613 1483 insidias7
636 1442 852 1484 blandicias,
874 1444 1020 1476 fraudes
1042 1455 1107 1476 seu
1129 1444 1378 1488 deceptiones,
1400 1455 1472 1476 non
1494 1450 1676 1487 expectata
1702 1444 1880 1475 sententia
1906 1455 1968 1475 seu
1993 1444 2101 1487 jussu

227 1508 366 1553 judicis
395 1509 648 1553 competentis.
678 1510 826 1550 [Inlzibet
847 1516 1038 1554 praeterea
1059 1511 1122 1544 sub
1146 1509 1273 1544 eisdem
1294 1511 1420 1555 poenis
1439 1510 1714 1554 publicationem
1734 1515 1767 1543 et
1788 1510 2100 1554 transcriptionem

232 1574 388 1608 codicum
398 1588 408 1615 ;
426 1575 555 1609 detecti
570 1575 706 1610 codices
720 1577 942 1621 afferendum
956 1583 1180 1622 procurator
1197 1578 1319 1622 regius
1333 1578 1462 1621 puniat
1485 1582 1783 1621 transgressores.
1800 1577 1900 1610 Haec
1915 1576 2100 1610 ordinatio

233 1641 267 1675 in
296 1642 487 1675 Castelleto
514 1642 664 1687 alibique
691 1643 906 1687 publicetur.
939 1644 1174 1688 Praepositus
1202 1644 1342 1684 Paris„
1368 1643 1517 1683 baillivi,
1546 1650 1628 1684 cte.⁷
1644 1643 1843 1687 praemissa
1862 1642 2042 1687 publicari
2067 1648 2100 1675 et

233 1709 606 1753 observarifaciant.]
628 1710 754 1742 Datum
778 1710 939 1743 Parisius
961 1711 997 1742 in
1019 1710 1241 1755 parlamento
1263 1717 1388 1743 nostro
1411 1710 1644 1742 decimanona
1668 1710 1725 1742 die
1748 1709 1983 1754 Septembrisq
2006 1721 2100 1741 anno

234 1776 379 1807 Domini
400 1775 595 1808 millesimo
617 1776 756 1810 CCCC⁰
767 1778 878 1810 XVI²⁰
899 1784 934 1810 et
954 1777 1058 1822 regni
1080 1778 1195 1810 nostri
1218 1777 1401 1810 tricesimo
1423 1777 1590 1821 septimo.
1815 1778 1921 1808 Bne.

327 1872 404 1895 Arch.
420 1875 473 1895 nat.
489 1873 583 1902 Paris„
601 1874 647 1896 X¹³²
662 1875 732 1902 8603,
750 1874 794 1896 rot.
808 1874 844 1896 9¹³.
859 1875 913 1897 Fol.
932 1875 961 1897 10
976 1875 1066 1897 eadem
1078 1874 1218 1903 ordinatio7
1235 1875 1279 1897 scd
1295 1875 1410 1897 edictum
1425 1874 1512 1897 curiae
1526 1874 1683 1905 parlamenti
1702 1876 1724 1902 (a
1741 1882 1752 1896 (ι
1768 1874 1887 1904 praefata
1903 1873 1976 1895 curia
1993 1882 2000 1894 n
2019 1879 2100 1903 usque

231 1916 258 1939 in
275 1917 361 1946 finem)
381 1920 466 1939 exstat
483 1917 582 1940 ibidem
599 1918 624 1940 in
643 1918 733 1949 lingua
751 1918 857 1949 gallica.
877 1919 943 1949 0127).
961 1920 1085 1948 Gerson.,
1103 1920 1131 1946 V,
1148 1920 1193 1942 676
1209 1928 1248 1950 sq.
1267 1920 1340 1948 (lai).
1359 1919 1437 1942 Curia
1456 1919 1614 1950 parlamenti
1631 1919 1685 1950 jum
1703 1918 1835 1949 Septemb.
1849 1918 1877 1940 16
1895 1917 2007 1940 edictum
2025 1914 2101 1939 suuni

229 1961 402 1992 praeparavit
416 1961 478 1990 <vid-
496 1962 542 1984 Χιιι
556 1962 625 1991 1480,
642 1963 687 1986 fol.
701 1963 757 1990 08¹³;
777 1963 902 1987 Journal
917 1965 950 1987 de
965 1963 1076 1988 Nicolas
1090 1965 1121 1987 de
1137 1964 1223 1994 Baye,
1241 1964 1272 1992 11,
1286 1972 1312 1994 p.
1330 1965 1383 1991 270,
1401 1965 1459 1992 Βοῦς
1478 1964 1553 1993 Bm„
1571 1964 1598 1991 V,
1616 1964 1680 1992 304),
1697 1966 1738 1985 ast
1753 1962 1949 1993 pronuntiatum
1971 1965 1996 1984 et
2011 1961 2101 1992 publi-

231 2009 318 2028 catum
331 2009 370 2028 est
387 2006 521 2037 Septemb.
538 2007 657 2037 19(Bih1.
674 2010 727 2030 nat.
745 2008 839 2034 Paris„
856 2016 905 2031 ms.
922 2008 968 2031 lat.
983 2008 1065 2036 1485‘2,
1083 2008 1127 2031 sol.
1144 2009 1203 2035 [1093
1224 2008 1291 2038 Opp.
1310 2009 1434 2036 Gerson„
1451 2009 1479 2037 V,
1496 2017 1522 2038 p.
1537 2009 1602 2037 656).

233 2172 377 2210 2078.
408 2183 583 2208 [salver-sitas
606 2184 702 2209 Paris.
726 2184 766 2209 ad
790 2184 944 2210 Concilium
972 2184 1197 2218 Constantiense,
1224 2188 1254 2209 ul
1274 2183 1453 2219 privilegium
1474 2183 1612 2208 lobannis
1634 2184 1730 2207 XXIII
1749 2182 1783 2207 cle
1803 2191 1858 2207 non
1874 2181 2050 2207 extrahendo
2066 2190 2101 2206 ez

321 2231 389 2256 urbe
403 2232 500 2257 Paris.
519 2236 675 2258 renovetur.

1429 2270 1454 2294 ln
1470 2269 1521 2294 sine
1538 2268 1596 2293 anni
1611 2269 1682 2296 1416,
1699 2268 1814 2292 Parisiis.

324 2355 486 2400 Egregii⁷
505 2356 804 2389 reverendissimi
824 2364 930 2401 atque
950 2357 1063 2390 incliti
1083 2364 1215 2402 patres
1234 2357 1301 2389 viri
1324 2369 1365 2389 ex
1383 2356 1479 2388 omni
1498 2363 1606 2400 gente
1624 2355 1767 2387 delecti.
1787 2354 1964 2397 Quoniam
1983 2353 2099 2386 studia

232 2420 432 2454 litterarum
456 2422 595 2466 placida
617 2423 653 2454 in
680 2435 765 2468 pace
787 2424 957 2456 coluntur
979 2424 1195 2468 dulcemque
1216 2423 1341 2456 volunt
1372 2436 1389 2455 a
1418 2422 1576 2455 motibus
1602 2422 1735 2454 exteris
1762 2432 1905 2453 servare
1928 2420 2098 2464 quietem,

234 2494 272 2520 ut
303 2487 397 2520 liber
422 2489 563 2521 animus
596 2489 722 2522 liberis
754 2490 930 2523 doctrinis
963 2491 1117 2531 insistat⁷
1147 2491 1230 2522 hinc
1253 2490 1363 2535 prisci
1392 2496 1510 2534 patres
1540 2496 1571 2521 et
1602 2495 1728 2520 cuncta
1758 2487 1889 2519 leniter
1910 2487 2099 2527 ducentes,

233 2555 493 2599 sapientissimi
514 2562 671 2595 veteres,
695 2569 712 2589 a
734 2557 956 2590 studentium
979 2557 1269 2590 circumferentia
1292 2563 1409 2589 motus
1431 2567 1558 2588 omnes
1586 2555 1809 2598 infestasque
1835 2553 2098 2586 mundanorum

232 2621 448 2655 insolentias
470 2623 675 2668 privilegiis
698 2624 924 2668 repulerunt,
942 2625 1170 2657 attendentes
1192 2624 1334 2664 scdulo,
1353 2623 1435 2667 quia
1453 2622 1614 2655 sedendo
1633 2628 1666 2654 et
1683 2620 1906 2665 quiescendo
1927 2619 1964 2652 fit
1986 2619 2101 2652 anima

232 2688 406 2732 prudens.
424 2691 557 2722 Verum
577 2697 672 2722 artes
690 2691 858 2731 nocendi,
878 2691 1011 2735 quibus
1033 2703 1150 2735 neque
1173 2690 1302 2722 modus
1324 2701 1442 2734 neque
1465 2700 1649 2729 numeris,
1669 2699 1812 2732 semper
1829 2687 1865 2718 in
1882 2687 2004 2731 pejora
2022 2698 2099 2730 pro-

233 2762 424 2800 rumpunt3
449 2768 566 2800 neque
588 2763 702 2789 tantas
724 2757 922 2802 antiquitus
944 2758 1060 2790 fraudi
1082 2758 1274 2802 patefactas
1296 2763 1350 2789 sat
1377 2763 1432 2788 est
1462 2767 1543 2788 esse
1572 2756 1762 2793 fenestras7
1787 2754 1816 2785 si
1847 2765 1919 2786 non
1947 2759 1982 2785 et
2008 2764 2099 2786 nova

236 2832 379 2866 semper
395 2823 558 2855 invenire
576 2823 780 2868 glorientur
798 2824 974 2856 moderni.
995 2826 1044 2856 lta
1062 2823 1169 2864 dolis,
1188 2824 1232 2856 ita
1251 2821 1622 2855 circumventionibus
1639 2820 1816 2852 indultum
1837 2826 1902 2858 est,
1921 2826 2099 2851 utcontra

238 2888 303 2920 niti
324 2900 430 2921 nemo
452 2890 582 2934 possit,
605 2890 635 2923 si
658 2902 729 2922 non
751 2890 787 2922 in
810 2891 959 2922 eandem
982 2891 1119 2923 fraudis
1141 2890 1312 2922 maculam
1336 2901 1374 2921 se
1402 2888 1563 2933 pol[l]uat
1591 2894 1626 2920 et
1652 2898 1779 2919 manus
1799 2886 2008 2930 coinquinet
2030 2885 2097 2917 hoc
