2502 3418
411 331 474 363 568
989 341 1309 364 annTULAmUM
1345 342 1537 364 UNivssns.
1575 342 1705 365 PARIS.
2181 331 2280 368 [1435

410 426 501 457 rum,
518 415 771 448 incendiorum
789 422 824 449 et
843 416 996 449 aliorum
1018 416 1267 461 quorumlibet
1287 428 1357 461 que
1379 417 1576 462 excogitari
1596 424 1763 462 possunt,
1782 429 1854 450 non
1876 418 1993 451 solum
2011 425 2276 464 perpetrantur,

409 482 474 515 sed
506 482 543 514 in
572 483 743 527 majorem
772 483 1089 528 crudelioremque
1123 483 1378 516 immanitatem
1403 495 1548 529 semper
1572 491 1796 526 accrescunt,
1818 485 1865 518 ita
1886 491 1925 518 ut
1945 485 2143 518 timendum
2165 486 2213 519 sit
2233 498 2276 519 ne

409 561 537 582 omnes
557 550 634 583 sere
652 551 877 583 conscientie
894 550 1093 592 hominum,
1113 557 1148 583 et
1164 551 1339 595 majorum
1361 557 1396 584 et
1416 551 1612 593 minorum,
1630 552 1691 596 qui
1711 551 1770 585 vel
1791 552 1858 585 ista
1884 559 2105 597 perpetrant,
2123 553 2181 586 vel
2205 565 2278 586 non

409 617 578 661 puniunt,
614 624 674 650 aut
703 630 775 650 non
806 618 1009 663 corrigunt,
1040 618 1097 651 vel
1129 618 1375 659 dissimulant,
1408 619 1638 663 gravissimis
1669 620 1827 663 peccatis
1855 631 1976 653 coram
2007 621 2083 653 Deo
2113 620 2276 666 po[l]lute

408 683 652 717 inveniantur.

497 753 540 784 Et
556 752 729 796 precipue
751 751 886 784 debent
907 752 1091 796 respicere
1120 752 1306 797 principes
1329 753 1490 786 enormia
1519 760 1665 798 peccata
1690 766 1773 799 que,
1796 754 1942 788 armatis
1958 756 2030 800 jam
2053 767 2149 788 nunc
2171 755 2276 800 ipsis,

406 825 617 864 perpetrant
636 825 760 851 contra
782 830 888 851 omne
915 820 978 863 jus
1000 819 1178 861 divinum,
1200 819 1362 852 naturale
1388 827 1423 852 et
1447 819 1658 862 humanum,
1685 821 1782 854 unde
1816 822 2042 855 conscientie
2070 822 2274 868 principum

406 886 467 930 qui
487 886 555 919 ista
577 886 763 931 corrigere
785 892 820 918 et
839 898 964 918 arcere
992 885 1181 928 deberent,
1205 886 1457 932 multipliciter
1476 887 1713 921 honerantur.
1740 888 1873 921 Melius
1899 895 2016 922 autem
2045 896 2144 922 esset
2171 890 2274 922 etiam

406 953 524 986 onmia
547 953 758 998 temporalia
781 953 935 997 perdere
957 965 1062 998 quam
1089 953 1242 986 animam
1278 965 1379 987 suam
1402 955 1544 1000 jugiter
1572 956 1730 1000 peccatis
1758 956 1972 989 mortalibus
1999 963 2035 989 et
2064 957 2275 990 enormibus

404 1021 614 1065 permittere
648 1020 831 1053 honerari.
864 1020 1079 1065 Debentque
1109 1021 1311 1054 conciliarii
1338 1034 1466 1055 omnes
1501 1022 1583 1067 plus
1613 1023 1800 1056 attendere
1840 1023 1884 1056 ad
1930 1023 2082 1056 salutem
2113 1031 2274 1058 eternam

404 1088 607 1132 principum
630 1094 665 1120 et
686 1087 793 1120 etiam
816 1099 929 1129 suam,
953 1100 1058 1132 quam
1076 1088 1120 1121 ad
1141 1088 1280 1133 aliquid
1300 1089 1411 1122 aliud.
1435 1091 1504 1122 Per
1520 1090 1823 1135 compositionem
1844 1102 1931 1124 vero
1951 1091 2051 1136 pacis
2070 1092 2190 1124 omnia
2209 1091 2276 1125 hec

403 1154 610 1187 cessabunt.
635 1154 821 1199 Dolorque
843 1167 998 1200 magnus
1020 1155 1276 1189 universorum
1299 1157 1504 1202 principum
1526 1157 1701 1191 cordibus
1722 1158 1845 1191 inesse
1865 1157 1987 1200 debet,
2005 1170 2084 1191 cum
2107 1158 2276 1193 subditos

402 1234 527 1255 eorum
555 1222 628 1267 (qui
657 1222 694 1254 in
728 1234 828 1267 pace,
857 1222 894 1254 in
924 1222 1098 1265 bonitate,
1126 1223 1315 1257 sanctitate
1345 1230 1379 1257 et
1398 1225 1547 1269 justicia
1577 1224 1645 1258 sub
1672 1225 1764 1270 ipsis
1793 1225 1917 1259 vivere
1945 1225 2092 1268 debent,
2122 1233 2161 1259 ut
2190 1227 2273 1272 ipsi,

401 1301 555 1334 quorum
583 1289 738 1322 interest
763 1290 861 1323 cives
889 1296 996 1335 atque
1025 1290 1193 1324 subditos
1223 1291 1381 1324 reddere
1411 1291 1530 1325 bonos
1560 1304 1625 1337 per
1657 1292 1770 1325 debiti
1802 1293 1993 1338 regiminis
2028 1293 2272 1339 disciplinam,

400 1358 476 1389 Deo
502 1363 655 1401 possent
681 1357 837 1390 reddere
859 1358 1047 1402 rationem)
1082 1370 1178 1391 nunc
1202 1358 1328 1392 vident
1348 1365 1400 1391 tot
1421 1359 1625 1392 sceleribus
1645 1359 1713 1393 sub
1735 1359 1862 1393 umbra
1879 1372 2060 1393 armorum
2082 1361 2272 1406 implicari.

400 1425 567 1468 Magnam
593 1435 738 1468 quoque
769 1425 972 1469 angustiam
1003 1437 1132 1470 gerere
1163 1425 1298 1459 debent
1335 1426 1478 1468 animis,
1505 1439 1584 1459 cum
1616 1438 1704 1460 suos
1725 1427 1926 1472 principes,
1957 1427 2106 1469 milites,
2129 1428 2274 1461 nobiles

395 1491 589 1524 universos
616 1491 750 1524 cotidie
784 1492 863 1537 capi
884 1492 1115 1537 interficique
1145 1493 1405 1526 miserabiliter
1434 1494 1679 1539 conspiciunt,
1703 1507 1782 1527 cum
1814 1507 1903 1540 opes
1927 1507 2055 1528 omnes
2077 1495 2274 1538 exhauriri,

395 1565 508 1591 terras
529 1559 674 1600 vastari,
698 1570 810 1604 regna
833 1559 972 1592 destrui
994 1560 1153 1605 propriis
1175 1561 1300 1594 vident
1321 1561 1451 1594 oculis.
1470 1561 1611 1594 Deinde
1624 1561 1830 1595 declaretur
1851 1569 1983 1607 quanta
2005 1562 2118 1605 salus,
2141 1569 2272 1608 quanta

393 1625 522 1671 gloria,
546 1632 703 1670 quantus
729 1626 847 1659 honor
868 1633 902 1659 et
925 1627 1026 1672 regie
1058 1628 1237 1672 majestati
1259 1635 1294 1661 et
1315 1629 1405 1673 ipsis
1435 1629 1594 1662 dominis
1615 1628 1941 1662 ambassiatoribus
1963 1636 2062 1663 esset
2087 1630 2117 1663 si
2151 1630 2272 1664 medio

393 1692 557 1725 laborum
585 1705 733 1726 suorum
757 1694 1027 1739 tantistamque
1048 1694 1244 1728 horrendis
1266 1695 1369 1728 malis
1397 1697 1471 1740 jam
1500 1696 1584 1729 finis
1614 1696 1877 1741 imponeretur,
1910 1703 1946 1729 et
1977 1697 2013 1729 in
2041 1697 2172 1730 diebus
2194 1698 2272 1731 suis

391 1761 531 1793 fructus
563 1761 662 1806 pacis
693 1761 852 1806 optimos
883 1762 1099 1807 conspicere
1127 1762 1302 1801 valerent,
1333 1776 1406 1796 non
1436 1764 1532 1796 inter
1558 1763 1625 1797 hec
1646 1764 1737 1797 mala
1759 1764 1867 1797 sicuti
1896 1765 2039 1809 priores
2070 1764 2176 1797 finem
2198 1765 2271 1798 vite

391 1829 539 1869 facturi3
564 1829 790 1873 conspicere,
822 1829 983 1874 inquam,
1014 1830 1200 1875 principes
1226 1837 1385 1875 pacatos,
1415 1830 1552 1864 clerum
1574 1831 1610 1864 in
1633 1831 1914 1877 transquillitate
1936 1833 2013 1864 Deo
2035 1832 2268 1874 servientem,

392 1895 566 1940 populum
595 1908 675 1928 cum
704 1908 790 1941 paee
821 1897 1016 1938 viventem,
1039 1909 1349 1942 unumquemque,
1373 1905 1411 1931 ut
1438 1899 1623 1944 Scriptura
1653 1898 1827 1944 loquitur,
1851 1898 1918 1931 sub
1939 1899 2012 1932 vite
2041 1911 2105 1932 sua
2133 1906 2168 1932 et
2199 1899 2268 1933 sub

392 1963 460 1996 ficu
484 1975 547 1996 sua
566 1964 597 2004 [3
613 1964 718 2008 Reg,
736 1974 784 2005 1v,
800 1965 866 2005 25],
890 1964 921 1996 si
943 1976 1008 2009 pro
1026 1964 1121 1997 odiis
1143 1971 1178 1998 et
1194 1965 1396 1998 inimicitiis
1418 1966 1602 1999 caritatem
1620 1973 1656 1999 et
1676 1966 1921 2008 concordiam,
1944 1979 2009 2012 pro
2031 1967 2166 2000 invidia
2186 1979 2268 2012 gra-

391 2031 489 2072 tiam,
520 2043 584 2075 pro
616 2030 787 2064 omnibus
820 2031 1024 2065 sceleribus
1046 2044 1198 2077 'omnem
1237 2033 1422 2075 virtutem,
1462 2046 1528 2078 pro
1562 2046 1701 2067 summa
1733 2041 1896 2079 egestate
1927 2046 2029 2079 opes,
2061 2034 2206 2068 divitias
2234 2041 2269 2068 et

391 2098 551 2131 omnium
573 2097 753 2131 bonorum
781 2099 934 2143 copiam,
958 2100 1034 2132 Deo
1056 2099 1234 2145 largiente
1257 2107 1292 2133 et
1316 2100 1407 2145 ipsis
1429 2101 1699 2146 adjuvantibus,
1723 2101 1924 2134 catholicus
1952 2101 2111 2147 populus
2142 2106 2269 2143 a[s]se-

391 2172 575 2210 queretur.
613 2166 744 2210 Sicque
779 2172 952 2211 poterunt
981 2167 1065 2199 addi
1097 2167 1166 2200 alie
1202 2168 1460 2210 exortationes,
1497 2175 1605 2214 prout
1638 2168 1775 2202 bonum
1805 2168 2003 2210 videbitur,
2037 2168 2266 2202 obsecrando

391 2244 454 2265 eos
471 2245 536 2278 per
556 2233 696 2266 viscera
718 2233 973 2266 misericordie
993 2234 1082 2267 Jesu
1104 2233 1254 2276 Christi,
1277 2235 1338 2280 qui
1355 2236 1556 2280 pretiosum
1574 2236 1790 2281 sanguinem
1807 2247 1911 2269 suum
1929 2236 2024 2268 fudit
2039 2242 2078 2269 ut
2097 2235 2265 2270 homines

392 2300 645 2333 reconciliaret
666 2301 756 2342 Deo,
779 2312 844 2345 per
865 2300 1019 2334 salutem
1041 2301 1240 2334 animarum
1263 2309 1297 2335 et
1317 2314 1474 2335 amorem
1498 2315 1604 2348 quem
1638 2310 1673 2336 et
1700 2303 1743 2336 ad
1761 2315 1800 2336 se
1818 2310 1852 2336 et
1872 2303 1917 2335 ad
1942 2303 2116 2348 populum
2139 2303 2264 2336 subdi-

391 2374 463 2399 tum
486 2374 521 2400 et
541 2367 738 2401 Christiani
764 2368 923 2401 nominis
946 2368 1196 2401 exaltationem
1220 2381 1350 2414 gerere
1373 2370 1520 2412 debent,
1543 2377 1582 2403 ut
1603 2383 1744 2403 summo
1766 2371 1895 2404 affectu
1918 2371 2143 2416 summisque
2164 2370 2264 2404 labo-

392 2434 493 2467 ribus
515 2435 551 2467 in
573 2447 648 2467 eam
673 2447 748 2467 rem
777 2447 923 2479 operam
955 2435 1040 2468 dare
1068 2436 1183 2469 velint
1203 2436 1336 2478 taliter,
1359 2437 1454 2470 utin
1476 2438 1534 2470 die
1559 2437 1691 2482 judicii
1727 2438 1883 2471 reddere
1914 2438 2058 2483 possint
2087 2438 2261 2471 rationem

392 2514 511 2538 coram
533 2503 622 2543 Deo,
646 2508 681 2535 et
701 2503 800 2534 omni
820 2502 927 2535 laude
949 2509 1054 2547 atque
1077 2504 1174 2536 omni
1191 2503 1288 2536 bono
1310 2516 1429 2537 coram
1448 2506 1523 2537 Deo
1546 2511 1581 2537 et
1596 2504 1808 2538 hominibus
1823 2505 1925 2550 digni
1946 2505 2160 2538 habeantur.

481 2569 654 2602 Finaliter
671 2570 923 2614 regracientur
939 2570 1040 2615 regie
1062 2571 1239 2615 majestati
1257 2571 1301 2604 de
1322 2583 1451 2617 magna
1472 2571 1745 2617 begnivolentia
1767 2579 1801 2606 et
1823 2579 1974 2618 paterno
1995 2572 2137 2614 affeetu,
2156 2584 2269 2617 quem,

391 2636 434 2668 ad
455 2635 545 2668 hanc
576 2636 754 2669 civitatem
784 2643 819 2670 et
838 2636 1059 2670 habitatores
1089 2639 1168 2683 ejus
1197 2650 1343 2683 semper
1367 2639 1496 2684 gessit,
1524 2646 1632 2684 prout
1661 2640 1697 2672 in
1726 2640 1850 2673 multis
1878 2640 2020 2684 magnis
2053 2639 2196 2672 auxiliis
2227 2646 2262 2673 et

392 2702 627 2735 succursibus
656 2703 774 2736 eidem
800 2704 935 2737 civitati
962 2716 1205 2749 sepenumero
1234 2707 1399 2750 prestitis
1427 2718 1492 2751 per
1514 2707 1681 2739 effectum
1703 2707 1876 2748 ostendit,
1909 2713 1944 2739 et
1973 2706 2089 2739 adhuc
2118 2718 2263 2751 semper

392 2769 495 2801 offert
520 2781 558 2802 se
589 2770 632 2802 ad
653 2769 718 2802 hec
740 2777 914 2814 paratum,
943 2772 1038 2804 sicut
1067 2772 1174 2805 nobis
1206 2773 1358 2806 relatum
1386 2780 1453 2815 est,
1482 2773 1643 2819 benigne
1671 2786 1943 2819 recognoscens
1971 2773 2203 2806 dilectionem
2226 2780 2264 2806 et

391 2835 597 2868 fidelitatem
629 2849 732 2880 quam
757 2837 822 2870 hec
843 2838 969 2871 civitas
997 2839 1040 2871 ad
1066 2841 1288 2884 majestatem
1311 2842 1389 2885 ejus
1415 2840 1541 2874 habuit
1561 2848 1595 2874 et
1616 2841 1735 2875 habet.
1760 2841 2044 2886 Supplicentque
2066 2840 2136 2885 ipsi
2157 2840 2259 2885 regie

393 2903 567 2946 majestati
598 2904 767 2947 quatinus
798 2905 949 2938 eandem
972 2906 1152 2940 civitatem
1175 2914 1210 2940 et
1230 2919 1358 2941 omnes
1380 2908 1604 2942 habitatores
1626 2910 1706 2954 ejus
1728 2916 1796 2942 tam
1820 2909 1863 2942 de
1886 2908 2131 2941 Universitate
2153 2918 2257 2952 quam
