2502 3418
389 321 461 342 XXH
1170 319 1462 341 INTRODUCTIO.

384 397 461 432 Jan.
483 394 721 438 12‚Febr.7⁴‚
741 394 854 430 solum
873 394 1079 430 nominatur
1102 408 1116 426 «
1133 393 1225 429 sedis
1238 398 1351 441 apost.
1370 394 1660 441 prothonotarius
1679 409 1695 426 »
1715 405 1775 430 seu
1798 395 1984 430 «notarius
2004 411 2035 431 ».
2056 397 2245 443 Nunquam

386 466 589 514 designatur
616 466 880 517 «monachus»
903 465 957 500 vel
985 479 999 497 «
1016 465 1120 500 frater
1138 480 1170 509 »,
1190 476 1396 511 quanquam
1415 465 1452 499 in
1473 464 1800 512 Supplicationibus
1818 466 1903 501 talia
1922 478 1992 502 non
2015 467 2244 503 omittuntur.

385 538 627 584 Peremptoria
649 541 699 572 est
722 536 817 572 bulla
837 548 908 583 qua
926 535 1105 583 Eugenius
1126 537 1173 572 IV
1193 536 1226 571 ei
1251 547 1309 571 an.
1339 538 1444 580 1439,
1470 535 1574 571 Febr.
1604 539 1662 579 27,
1687 536 1930 584 episcopatum
1950 537 2246 586 Andegavensem

385 603 579 649 provid‚et²‚
604 615 685 639 cum
703 604 739 638 in
761 602 936 638 similibus
954 601 1216 650 provisionibus
1234 602 1417 637 character
1431 613 1606 649 personae
1628 602 1685 638 cui
1704 603 1911 650 providetur
1929 605 2081 651 exprimi
2102 605 2243 641 debeat.

386 675 453 711 Sed
473 675 510 710 in
537 675 599 710 illa
618 674 826 710 Guillelmus
846 673 959 709 solum
976 673 1250 708 archidiaconus
1273 673 1569 720 Transligerensis
1591 673 1628 708 in
1649 674 1737 709 eccl.
1759 674 2006 722 Andegavensi
2031 676 2244 723 appellatur,

386 758 455 782 uon
476 746 675 782 monachus
697 745 750 780 vel
765 745 948 792 religiosus
962 744 1016 779 vel
1030 743 1126 791 prior
1140 743 1292 790 alicujus
1313 744 1517 779 monasterii
1538 747 1572 779 et
1590 744 1744 780 Ordinis.

482 816 666 858 Quomodo
686 816 765 851 talis
786 827 884 851 error
903 815 939 850 in
961 814 1147 850 historiam
1169 814 1390 850 introductus
1412 815 1468 858 sit,
1493 814 1597 850 facile
1618 815 1818 851 resolvitur.
1843 817 1931 851 Cum
1949 817 2160 853 Guillelmus
2172 819 2245 866 jam

383 887 574 923 cardinalis
594 890 697 931 esset,
718 886 831 922 factus
851 889 903 921 est
921 885 1040 933 magni
1060 884 1301 920 cellerariatus
1323 886 1358 920 S.
1377 885 1517 921 Martini
1539 886 1583 921 de
1604 886 1745 933 Campis
1767 888 2124 933 commendatarius³‚
2149 893 2184 924 et
2203 889 2247 925 ab

384 970 442 994 an.
464 962 551 994 1471
578 958 736 1005 ejusdem
752 957 849 1004 prior
867 954 1226 999 commendatarius⁴‚
1246 956 1337 991 sicut
1352 956 1457 992 etiam
1478 956 1623 992 affertur
1637 958 1735 1004 prior
1753 959 2078 995 commendatarius
2094 960 2247 996 Grandi-

384 1030 527 1073 montis,
545 1029 767 1065 Bellimontis
780 1028 816 1063 in
833 1027 946 1075 Algia,
969 1026 1077 1062 abhas
1093 1026 1415 1062 commendatarius
1428 1027 1556 1063 Montis
1572 1028 1607 1063 S.
1626 1028 1810 1064 Michaelis
1831 1030 1911 1077 (jam
1926 1029 1971 1066 ab
1984 1042 2041 1066 an.
2060 1032 2244 1080 1444-45)‚

383 1101 418 1136 S.
434 1100 611 1145 Audoeni,
623 1098 886 1142 Gemeticensis‚
906 1097 1233 1145 Montisburgensis,
1251 1101 1290 1133 ut
1305 1101 1482 1134 taceamus
1497 1098 1540 1134 de
1558 1099 1821 1147 episcopatibus
1838 1113 1928 1148 quos
1943 1102 1980 1137 in
1997 1103 2247 1139 commendam

385 1175 565 1219 receperat
584 1174 618 1206 et
638 1171 680 1206 de
706 1169 837 1218 quibus
855 1169 891 1204 in
917 1169 989 1204 fine
1009 1169 1209 1215 loquemur.
1230 1168 1431 1213 maeonius,
1458 1155 1765 1217 quemadmodum
1787 1172 1823 1206 in
1850 1173 2020 1208 sexcentis
2040 1173 2117 1209 aliis
2142 1174 2244 1219 locis,

383 1242 478 1289 quod
490 1241 617 1277 eruditi
631 1241 760 1285 sciunt,
781 1241 831 1276 sic
854 1240 973 1275 hocin
1002 1239 1079 1275 loco
1106 1240 1249 1286 quando
1264 1240 1493 1276 Guillelmum
1509 1242 1628 1277 vocari
1653 1242 1813 1289 priorem
1834 1244 1870 1279 S.
1888 1244 2030 1280 Martini
2050 1245 2088 1280 in
2104 1246 2247 1293 Campis

383 1312 479 1354 vidit,
506 1324 631 1360 parum
660 1311 919 1355 animadvertit⁷
947 1314 980 1346 et
1005 1310 1163 1357 priorem
1191 1310 1431 1355 claustralem,
1461 1323 1531 1347 non
1557 1313 1915 1359 commendatarium,
1942 1315 2091 1362 proinde
2121 1328 2247 1353 mona·-

383 1384 491 1419 chum
509 1384 544 1418 S.
568 1383 709 1418 Martini
738 1382 845 1417 fuisse
861 1381 1092 1417 Guillelmum
1118 1381 1304 1417 conclusit.
1330 1383 1529 1429 Sequentes
1546 1382 1639 1419 bona
1661 1384 1730 1420 fide
1746 1385 2012 1432 exscripserunt
2034 1388 2245 1424 sententiam

383 1454 614 1501 antesignani.

479 1527 557 1561 Non
577 1524 722 1560 unicum
745 1524 842 1558 hunc
870 1534 1024 1558 errorem
1052 1534 1157 1570 super
1187 1523 1375 1559 Guillelmo
1398 1523 1630 1560 admiserunt.
1657 1526 1793 1562 Natalia
1819 1527 1895 1574 ipsa
1924 1528 2000 1575 ejus
2031 1529 2245 1577 quandoque

383 1596 474 1632 male
489 1596 661 1643 assignata
677 1598 771 1630 sunt.
791 1594 912 1629 Aviam
932 1594 1093 1641 ejusdem
1122 1594 1350 1629 Catherinam
1378 1594 1486 1630 fuisse
1508 1607 1662 1632 sororem
1680 1598 1773 1645 regis
1798 1598 1912 1634 Caroli
1928 1600 1959 1635 V
1978 1599 2247 1637 affirmaverunt

384 1669 615 1709 ΡΟΜΜΕΒΑΥΕ,
633 1668 732 1702 Roux
747 1678 792 1701 DE
808 1678 851 1700 LA
867 1667 991 1708 Roma,
1010 1667 1186 1709 Amoms,
1208 1666 1342 1700 BALME.
1364 1666 1432 1701 Sed
1446 1666 1607 1702 minime.
1622 1669 1726 1703 Pater
1741 1668 1920 1705 Guillelmi
1934 1670 2001 1706 fuit
2016 1671 2199 1708 ,lohannes
2214 1674 2244 1708 11

381 1739 423 1773 de
442 1737 679 1780 Estoutevilla,
699 1740 811 1772 mater
831 1735 1014 1783 Margarita
1030 1735 1073 1771 de
1090 1737 1275 1779 Han-court,
1294 1736 1371 1783 ipsa
1392 1737 1465 1772 lilia
1481 1738 1654 1773 Johannis
1668 1741 1715 1775 VI
1736 1740 1780 1775 de
1798 1742 1973 1777 Harcourt
1986 1745 2022 1777 et
2035 1743 2246 1780 Catherinae

382 1809 424 1844 de
439 1809 627 1851 Borbonio‚
648 1808 780 1843 sororis
795 1807 981 1843 Johannae
998 1807 1041 1842 de
1059 1806 1249 1851 Borbonio,
1265 1819 1356 1854 quac
1375 1807 1442 1843 fuit
1459 1820 1560 1851 uxor,
1579 1821 1650 1845 non
1668 1822 1768 1846 soror
1786 1812 1978 1849 Caroliv⁵.
1998 1815 2030 1848 Is
2046 1814 2154 1850 etiam
2171 1827 2243 1852 non

383 1880 506 1915 habuit
522 1891 681 1915 sororem
697 1878 840 1915 nomine
861 1877 1122 1914 Catlierinam⁶.
1145 1878 1335 1914 Catherina
1354 1883 1388 1914 et
1403 1879 1567 1915 Johanna
1582 1881 1625 1916 de
1642 1882 1818 1918 Borbonio
1838 1883 1931 1919 filiae
1952 1884 2096 1921 fuerunt
2115 1887 2208 1922 Petri
2230 1889 2242 1922 1

381 1951 481 1986 ducis
502 1950 668 1986 Borbonii
690 1954 723 1985 et
738 1949 911 1985 isabellae
927 1949 969 1984 de
989 1949 1143 1992 Valesio,
1163 1960 1253 1995 quae
1274 1949 1339 1984 suit
1358 1949 1435 1997 ipsa
1454 1950 1527 1986 filia
1546 1955 1632 1987 natu
1654 1952 1772 1988 minor
1792 1954 1908 1990 Caroli
1925 1955 2067 2000 Valesii,
2091 1961 2126 1993 et
2145 1969 2246 1994 soror

387 2022 540 2068 Philippi
559 2023 606 2057 VI
628 2021 722 2068 regis
743 2018 948 2055 Franciac7.

478 2093 587 2134 Quem
617 2103 750 2126 annum
779 2103 884 2138 agens
916 2090 1128 2126 Guillelmus
1157 2091 1201 2125 de
1232 2092 1459 2128 Estoutevilla
1484 2093 1673 2130 defunctus
1697 2096 1776 2131 est?
1802 2098 2076 2145 Octogenarium
2106 2099 2241 2144 dicunt,

380 2174 437 2198 an.
460 2165 565 2206 1483,
587 2164 665 2198 Jan.
688 2165 747 2206 22,
773 2166 968 2205 mortuum⁷
988 2165 1025 2196 ut
1050 2173 1091 2197 ex
1111 2173 1290 2197 marmore
1314 2165 1541 2200 monumenti
1567 2166 1602 2201 S.
1621 2167 1807 2214 Augustini
1838 2170 1970 2204 Romae
1994 2171 2091 2218 apud
2106 2171 2243 2219 Ughelli

381 2233 556 2269 afferturss.
574 2235 618 2268 At
639 2233 893 2269 dubitationem
917 2232 1070 2280 suggerit
1090 2233 1315 2280 incognitum
1332 2234 1502 2270 hactenus
1521 2236 1777 2273 documentum
1793 2250 1835 2274 ex
1852 2240 1962 2276 Arch.
1985 2242 2064 2278 Vat.
2083 2245 2244 2289 protrac-

473 2356 495 2379 1.
512 2355 587 2385 ΙΙ)1(1.,
603 2360 631 2379 n⁰
647 2356 703 2383 347,
716 2355 760 2379 fol.
773 2355 824 2385 91¹³,
841 2356 896 2379 201.

471 2400 494 2424 2.
511 2400 551 2424 Sic
563 2400 589 2423 in
604 2401 668 2431 Reg.
679 2400 749 2429 Vat.,
761 2405 789 2423 n⁰
803 2400 857 2430 365,
869 2400 912 2423 fol.
926 2400 980 2430 222,
994 2407 1061 2432 papa
1073 2408 1131 2424 cum
1143 2400 1284 2432 alloquitur
1297 2410 1303 2425 z
1318 2412 1331 2423 «
1344 2401 1452 2425 Domum
1465 2402 1497 2427 ad
1514 2405 1539 2427 te
1553 2404 1761 2429 archidiaconum
1776 2406 1967 2438 Transligeren.
1979 2408 2006 2432 in
2023 2409 2112 2434 eadem
2125 2410 2240 2442 ecclesia,

380 2444 508 2469 notarium
523 2446 647 2473 nostrum,
664 2444 822 2469 licentiatum
840 2444 865 2468 in
881 2444 948 2468 decr.
969 2446 994 2468 ct
1008 2444 1034 2468 in
1053 2444 1252 2469 subdiaconatus
1267 2445 1355 2469 ordine
1376 2447 1543 2471 constitutum
1619 2456 1635 2473 a
1650 2449 1791 2474 carissimis
1806 2451 1832 2474 in
1850 2452 1952 2476 Christo
1965 2453 2029 2478 filiis
2044 2454 2138 2479 nostris
2153 2455 2243 2481 Carolo

379 2490 543 2519 Francorum,
562 2491 647 2521 utpote
662 2489 705 2520 qui
716 2489 747 2513 ob
759 2489 885 2520 integram
901 2496 962 2520 erga
977 2497 1035 2512 eum
1050 2488 1128 2512 fidem
1141 2489 1172 2512 dc
1183 2491 1229 2513 tuo
1243 2489 1355 2514 dominio
1368 2490 1459 2522 pulsus
1472 2499 1537 2523 eras,
1552 2494 1577 2517 et
1592 2494 1690 2518 Renato
1706 2494 1792 2519 Sicilie
1809 2496 1913 2527 rcgibus
1928 2497 2084 2530 illustribus,
2101 2507 2130 2524 ac
2141 2500 2241 2525 dilectis

380 2533 442 2557 tiliis
456 2533 584 2557 nobilibus
599 2533 661 2557 viris
675 2533 783 2557 ducibus
799 2535 824 2557 et
838 2533 897 2557 aliis
912 2533 1071 2565 principibus
1086 2533 1192 2558 Francic
1207 2533 1307 2563 domus,
1323 2534 1417 2566 quibus
1434 2537 1656 2568 consanguinitate
1675 2540 1700 2562 ct
1719 2540 1906 2565 necessitudine
1919 2541 2045 2573 jungeris,
2066 2551 2143 2576 super
2157 2545 2242 2577 provi-

379 2578 448 2602 sione
462 2578 493 2601 dc
505 2585 612 2609 persona
625 2580 671 2602 tua
684 2578 765 2609 prime
778 2578 881 2601 ecclesie
895 2577 1036 2602 cathedrali
1051 2577 1081 2601 dc
1096 2585 1173 2609 regno
1190 2578 1297 2602 Francie
1308 2579 1407 2603 vacanti
1422 2580 1546 2611 facienda,
1561 2590 1727 2614 sepenumero
1742 2584 1837 2608 litteris
1849 2586 1955 2617 pulsati,
1971 2587 2141 2613 direxerimus
2155 2590 2241 2615 oculos

380 2624 463 2646 nostre
478 2622 570 2646 mentis
629 2622 688 2646 Dat.
703 2622 832 2646 Florentio
846 2629 887 2646 an.
904 2622 1031 2646 Incarnat.
1046 2622 1118 2646 Dom.
1134 2622 1227 2646 milles.
1245 2623 1426 2655 quadringcnt.
1440 2625 1525 2649 trices.
1539 2628 1634 2657 octavoy
1648 2627 1675 2659 iij
1694 2628 1747 2652 kal.
1768 2629 1846 2654 Mart.
1867 2633 1936 2662 pont.
1953 2632 2035 2656 nostri
2053 2640 2095 2659 an.
2115 2635 2203 2659 octavo
2218 2645 2240 2660 ›³-

473 2666 496 2690 3.
509 2667 653 2696 MARRIER,
670 2674 695 2698 p.
712 2666 767 2690 254.

472 2711 495 2735 4.
513 2710 549 2734 Ut
560 2710 630 2742 prior
645 2710 875 2734 commendatarius
890 2711 915 2734 S.
931 2710 1039 2735 Martini
1052 2711 1129 2735 ctiam
1142 2711 1168 2735 in
1181 2711 1346 2736 Parlamento
1361 2712 1489 2744 litigabat.
1506 2715 1566 2741 Vid.
1583 2723 1607 2739 v.
1622 2724 1661 2747 gr.
1672 2717 1749 2741 Arch.
1762 2720 1826 2747 nat.,
1840 2719 1886 2742 X¹-
1898 2719 1966 2750 1486,
1980 2720 2025 2746 tol.
2040 2721 2107 2754 30212,
2120 2722 2188 2749 3llb.

471 2755 494 2778 5.
511 2754 572 2779 Vid.
585 2754 615 2778 P.
624 2754 768 2785 ANSELME,
781 2755 850 2779 Hist.
865 2756 984 2786 qeneal„
998 2755 1072 2784 vm,
1088 2755 1131 2785 90;
1144 2755 1177 2785 V,
1196 2756 1239 2780 132
1256 2764 1304 2788 sq.;
1319 2757 1340 2787 1,
1358 2757 1410 2781 110.

471 2798 584 2829 6.1bid.,
600 2799 620 2828 1,
638 2799 690 2823 106.

471 2843 494 2867 7.
508 2842 584 2872 Ibid.,
599 2844 620 2873 1,
636 2843 682 2867 299
697 2850 746 2875 sq.‚
761 2843 812 2866 102.

473 2888 497 2912 8.
513 2898 526 2909 «
543 2887 613 2911 Obiit
627 2894 693 2912 anno
705 2886 806 2911 Domini
819 2887 847 2911 M
858 2887 937 2911 CCCC
946 2888 1090 2917 LXXXIII.
1106 2894 1137 2912 xx
1153 2888 1210 2913 Kal.
1222 2889 1283 2913 Feb.
1300 2892 1350 2915 act.
1367 2898 1428 2915 suae
1444 2898 1484 2916 an,
1500 2899 1578 2918 Lxxx
1594 2903 1616 2918 »-
1630 2894 1715 2919 Italia
1729 2903 1823 2926 sacra,
1838 2897 1853 2921 2
1870 2897 1922 2927 cd„
1938 2898 1958 2929 Ι,
1972 2899 2019 2924 col.
2036 2900 2075 2930 76,
2088 2902 2140 2926 not.
2155 2901 2179 2931 2,
2195 2901 2239 2926 ubi
