2502 3418
304 296 401 333 1437]
648 311 695 332 AB
729 311 834 333 Anno
869 310 1159 333 mcccnxxxxlv
1193 310 1324 338 USQUE
1360 310 1407 331 An
1442 309 1581 331 ANNUM
1616 309 1822 331 MCCCCLII.
2108 299 2171 331 597

302 395 410 416 causa
431 384 619 428 eujusdam
642 384 794 418 scolaris
816 391 910 417 mota
931 391 1057 417 contra
1079 383 1257 429 quendam
1281 383 1420 428 laycum
1442 383 1478 415 in
1500 383 1598 415 curia
1626 383 1914 423 conservatorisg
1938 383 1999 427 qui
2026 383 2171 427 quidem

302 449 425 495 laycus
446 450 650 484 declinabat
670 452 805 484 curiam
827 458 1007 496 tamquam
1030 463 1103 483 non
1125 450 1323 483 subditum.
1343 451 1387 482 Et
1407 450 1493 482 licet
1509 461 1620 494 super
1634 449 1703 482 hoc
1725 449 1882 481 fuissent
1905 450 1995 481 facte
2023 456 2055 482 ct
2077 456 2172 481 mote

301 516 426 561 plures
453 517 707 551 discensiones
737 525 806 551 tam
827 518 865 550 in
886 517 1113 550 Parlamento
1148 529 1254 562 quam
1287 517 1324 549 in
1353 516 1550 550 Castelleto
1579 528 1621 548 ex
1648 522 1749 560 parte
1778 515 1864 548 dicti
1895 515 1999 560 layci,
2024 522 2058 548 et
2080 516 2171 548 facte

300 583 458 617 fuissent
478 584 602 629 plures
622 585 895 630 propositiones
912 591 981 617 tam
998 596 1117 617 coram
1136 584 1284 616 domino
1305 582 1624 616 connestabulario
1640 582 1698 615 hie
1716 582 1877 627 presenti
1900 594 2003 626 quam
2024 582 2171 616 domino

299 650 530 693 cancellario,
557 658 676 684 tamen
698 651 923 696 pacificatum
954 651 1021 684 fuit
1050 651 1240 696 negotium
1261 663 1304 683 ex
1338 657 1438 695 parte
1464 650 1550 682 dicti
1582 649 1719 682 domini
1750 648 1969 689 cancellarii⁷
2001 649 2172 682 videlicet

300 717 398 762 quod
419 718 538 751 dietus
554 717 677 763 laycus
698 718 941 763 responderet
961 730 1081 750 coram
1103 724 1374 758 conservatore,
1397 723 1430 749 et
1458 716 1600 750 veniret
1621 716 1740 749 dictus
1761 715 1876 748 laicus
1907 715 1950 747 ad
1973 716 2169 760 petendum

298 784 515 817 beneficium
537 784 781 818 absolutionis
801 784 910 829 hujus
931 784 1019 818 litis.

390 882 535 907 comment.
553 884 601 907 sac.
618 883 696 911 med.,
711 883 744 911 ll,
757 891 782 914 p.
800 884 824 907 9.
839 896 866 900 -
883 883 960 912 Bu„
973 883 1002 911 V,
1021 883 1076 906 1¹40.

301 1050 446 1087 2502.
472 1058 584 1085 Gradus
613 1058 835 1085 baccalareatus
858 1059 887 1085 in
909 1059 1061 1094 medicina,
1087 1058 1326 1094 quemadmodum
1347 1058 1375 1084 in
1400 1058 1469 1084 aliis
1490 1058 1692 1093 facultatibus,
1720 1057 1757 1083 ab
1788 1057 1977 1083 Universitate
2002 1060 2032 1082 at
2059 1055 2170 1090 gradus

385 1108 606 1143 recognoscitur.

1532 1144 1603 1173 7437,
1620 1143 1711 1175 Aprilis
1726 1144 1749 1171 6,
1766 1143 1880 1168 Parisiis.

385 1232 451 1264 Die
473 1239 572 1265 sexta
594 1232 732 1265 mensis
754 1232 891 1277 Aprilis
918 1239 1140 1277 congregata
1162 1232 1407 1265 Universitate
1434 1244 1499 1277 per
1525 1232 1711 1264 dominum
1741 1231 1936 1263 rectorem¹
1966 1229 2171 1263 solenniter

295 1298 332 1330 in
354 1299 484 1331 Sancto
506 1299 713 1332 Mathurino
736 1311 847 1344 super
877 1299 986 1332 certis
1009 1299 1172 1332 articulis
1189 1298 1424 1344 tangentibus
1448 1298 1729 1332 Universitatem
1753 1304 1788 1330 et
1810 1297 1954 1330 tandem
1976 1297 2011 1329 in
2041 1296 2168 1329 ultimo

294 1365 448 1398 articulo
470 1366 531 1411 qui
558 1366 626 1399 fuit
650 1378 761 1411 super
782 1366 1126 1411 supplicationibus,
1150 1373 1232 1405 ete„
1256 1366 1480 1411 supplicavi²
1509 1378 1551 1398 ex
1578 1372 1679 1410 parte
1712 1365 1892 1398 facultatis
1927 1364 2051 1397 matris
2090 1375 2169 1396 mee

296 1439 475 1477 quatenus
501 1433 612 1466 vellet
633 1433 817 1466 declarare
842 1433 994 1478 gradum
1025 1433 1284 1466 baeealariatus
1314 1433 1350 1465 in
1370 1433 1550 1465 medicina
1584 1444 1666 1466 esse
1688 1432 1839 1477 gradum
1863 1431 2169 1476 quemadmodum

296 1506 331 1532 et
350 1500 387 1532 in
408 1499 490 1533 aliis
511 1500 775 1533 facultatibus³.
798 1501 877 1543 Que
899 1500 1116 1545 supplicatio
1138 1500 1205 1533 fuit
1220 1512 1396 1533 concessa
1413 1512 1478 1545 per
1494 1512 1621 1533 omnes
1642 1500 1843 1540 facultates,
1868 1506 1905 1531 ut
1935 1505 2076 1531 constat
2105 1510 2171 1542 per

295 1566 435 1600 litteras
457 1573 622 1612 patentes
644 1567 822 1612 sigillatas
844 1567 968 1612 sigillo
990 1567 1085 1600 dicte
1103 1567 1373 1600 Universitatis.

388 1664 534 1688 comment.
549 1666 599 1689 sac.
614 1665 739 1695 med-711,
755 1674 781 1697 p.
798 1665 838 1688 10.
852 1679 882 1682 —
896 1666 972 1693 BUL.,
986 1666 1015 1695 V,
1028 1665 1084 1689 441.

387 1747 414 1772 1.
427 1749 571 1772 Rohertum
585 1750 701 1773 Ciboule.
716 1764 747 1767 —
767 1749 791 1774 2.
807 1749 935 1781 Loquitur
953 1750 1067 1772 decanus
1085 1750 1134 1773 sac.
1151 1749 1219 1773 med.
1240 1749 1398 1773 Guillelmus
1415 1749 1446 1772 de
1464 1749 1601 1779 Longolio,
1619 1763 1645 1766 —
1662 1748 1684 1773 3.
1706 1749 1765 1772 ,lam
1786 1757 1828 1772 nn.
1850 1749 1918 1777 1416,
1941 1748 2002 1771 Maii
2020 1750 2044 1776 9,
2065 1747 2166 1771 Natalis

295 1793 383 1824 Regis,
397 1802 467 1824 mag.
483 1793 508 1816 in
525 1797 575 1817 art.
592 1797 617 1817 et
630 1794 730 1817 buccal.
747 1794 773 1817 in
788 1794 918 1817 medicina
933 1793 959 1816 in
975 1794 1154 1817 Universitate
1170 1794 1263 1822 Paris„
1280 1794 1403 1822 asseruit,
1421 1794 1490 1825 quod
1508 1802 1518 1816 α
1531 1794 1562 1816 de
1577 1794 1767 1817 consuetudine
1779 1797 1803 1816 et
1814 1793 1946 1816 communi
1959 1792 2128 1816 observantia
2140 1792 2167 1815 in

293 1838 367 1860 curin
382 1839 456 1862 Rom.
472 1842 497 1861 et.
511 1838 537 1861 in
553 1839 623 1862 dicta
638 1839 783 1862 Universit.
795 1839 880 1864 Paris.
892 1839 994 1862 notorie
1009 1839 1151 1862 observata
1164 1838 1362 1862 bnehalariatus
1374 1838 1400 1861 in
1416 1838 1546 1861 medicina
1560 1839 1659 1869 gradus
1675 1839 1859 1869 reputabatur,
1871 1847 1900 1861 nc
1912 1838 2024 1861 similem
2041 1846 2168 1869 preroga-

292 1882 375 1905 tivum
398 1883 596 1914 expectantibus
618 1886 646 1906 ut
665 1883 863 1906 bachalariatus
886 1883 911 1906 in
934 1883 1045 1906 decretis
1066 1883 1092 1906 in
1113 1883 1182 1906 dicta
1208 1883 1386 1907 Universitate
1406 1886 1528 1914 receptus
1554 1883 1731 1906 conserebat»
1755 1883 1840 1912 (Arch.
1865 1887 1918 1906 nat.
1942 1883 2036 1911 Paris„
2063 1884 2109 1906 Χίῖι
2126 1885 2167 1915 61,

292 1927 337 1950 sol.
354 1928 418 1957 296).

293 2060 437 2097 2503.
460 2070 564 2095 Rector
584 2069 783 2095 Universitatis
800 2069 896 2095 Paris.
913 2078 975 2094 cum
991 2069 1124 2105 pluribus
1145 2069 1344 2095 Universitatis
1361 2070 1521 2104 comparuit
1540 2069 1568 2094 in
1586 2068 1718 2104 Capilulo
1735 2069 1841 2101 Paris„
1866 2069 2015 2104 requirens
2031 2077 2045 2094 ‹<
2063 2072 2093 2094 ut
2110 2069 2165 2094 vel-

381 2117 439 2143 lent
448 2118 605 2154 procedere
621 2118 776 2153 diligenter
794 2118 834 2143 ad
851 2118 1062 2154 expediendum
1085 2127 1160 2153 mag.
1182 2119 1297 2144 Petrum
1318 2118 1458 2152 IVIaugier,
1480 2118 1689 2154 prisionarittm
1706 2118 1841 2154 Capituli.
1863 2118 1914 2143 Cui
1929 2127 2096 2153 responsum
2111 2122 2163 2150 est,

382 2167 458 2202 quod
473 2167 581 2193 domini
595 2167 709 2202 faciant
722 2171 749 2193 et
764 2167 875 2201 facient
889 2176 976 2203 super
991 2167 1043 2193 lzoc
1060 2171 1148 2193 totam
1163 2167 1345 2202 diligentiam
1360 2167 1401 2193 eis
1412 2167 1581 2203 possibilem
1596 2177 1622 2193 ».

384 2290 463 2314 Arch.
478 2294 531 2314 nat.
546 2291 640 2320 Paris.,
656 2292 695 2315 LL
711 2292 766 2321 114,
784 2292 829 2315 sol.
846 2292 900 2315 142.
1542 2257 1614 2286 1437,
1632 2258 1689 2282 Mau
1707 2257 1743 2285 77,
1760 2257 1875 2282 Parisiis.

292 2466 438 2503 2504.
461 2475 697 2502 Ambassiatores
713 2476 752 2502 ad
765 2476 888 2502 rotulam
903 2477 1059 2503 secundum
1073 2476 1248 2513 portandam
1265 2477 1393 2512 Euge-nio
1408 2478 1558 2513 IVpapae
1573 2476 1610 2502 ab
1631 2476 1820 2502 Universitate
1834 2476 2008 2510 eliguntur-¹.

1556 2565 1629 2593 1437,
1645 2565 1718 2590 dunio
1726 2564 1742 2593 2.
1760 2564 1874 2589 Parisiis.

379 2651 486 2684 Anno
509 2652 654 2684 Domini
676 2652 871 2685 millesimo
893 2654 1008 2686 ΙΙΙΙ61110
1028 2654 1212 2693 XXXVII,
1235 2653 1272 2685 in
1295 2654 1449 2686 rectoria
1481 2665 1573 2697 mag.
1598 2652 1745 2685 Hoberti
1772 2651 1923 2696 Cybole,
1956 2651 2062 2684 electi
2087 2651 2164 2684 fue-

292 2724 377 2750 runt
396 2717 679 2751 ambassiatores
700 2719 744 2751 de
766 2719 927 2764 qualibet
947 2720 1115 2752 facultate
1137 2727 1171 2752 et
1192 2720 1350 2752 natione.
1375 2721 1417 2752 Et
1437 2719 1503 2752 fuit
1521 2719 1659 2751 electus
1680 2731 1774 2763 mag.
1797 2718 1968 2750 Nicolaus
1990 2718 2165 2751 Consrant

292 2796 357 2829 pro
379 2784 548 2818 facultate
570 2785 774 2830 theologie3
798 2798 863 2830 pro
884 2787 950 2819 sac.
975 2787 1205 2819 decretorum
1221 2799 1314 2831 mag.
1339 2786 1544 2827 [Eustacius
1566 2785 1782 2826 Mareade]³;
1807 2797 1871 2829 pro
1893 2785 1958 2817 sac.
1985 2785 2164 2817 medicine

292 2862 361 2896 ego
383 2851 427 2885 G.
451 2852 495 2884 de
522 2852 701 2897 Longolio
719 2853 898 2894 decanus3
930 2866 995 2898 pro
1017 2854 1162 2886 natione
1191 2854 1340 2886 Franeie
1362 2865 1455 2898 mag.
1479 2852 1644 2885 Andreas
1664 2852 1764 2892 Pele3
1796 2864 1860 2896 pro
1891 2858 1962 2884 nat.
1994 2853 2164 2884 Norman.
