2502 3418
406 298 446 328 42
976 303 1294 326 aniiTuminiuiu
1332 303 1519 323 uuivmzs.
1557 302 1686 323 l‘AtttS.
2165 286 2264 323 [1399

405 381 581 421 censium,
613 387 790 425 quatenus
826 380 999 424 prefatum
1036 378 1219 410 dominum
1254 377 1451 410 Johannem
1489 376 1533 408 de
1568 375 1662 407 (licto
1698 374 1854 419 collegio
1890 373 2034 406 realiter
2068 373 2261 418 expellant,

404 447 587 492 nichilque
609 446 810 480 scolaribus
831 446 990 478 debitum
1013 445 1129 477 eidem
1151 445 1368 477 ministrent.

496 559 565 582 Bibl.
578 561 631 581 nat.
648 557 742 586 Paris„
759 566 808 580 ms.
822 557 868 580 lat.
884 565 963 580 nouv.
979 565 1036 587 aeq.
1053 557 1123 584 2263,
1137 556 1182 579 sol.
1196 556 1234 585 89,
1256 555 1305 583 891²,
1327 556 1365 578 90.
1389 555 1458 577 Haec
1480 558 1617 585 praeterea
1638 553 1807 576 inveniuntur
1823 552 1894 583 typis
1911 555 2016 575 exui-atu
2034 552 2058 575 in
2075 552 2143 575 Bibl.
2159 553 2261 581 Arsen„

403 612 452 627 ms.
468 604 522 632 777,
535 612 561 634 p.
579 603 623 625 18ss
640 612 680 634 sq.
697 616 727 620 —-
743 602 809 625 lbid.
825 601 903 624 etiam
923 601 1052 624 ordinatio
1068 601 1099 623 de
1115 600 1280 629 reparatione
1295 599 1427 627 introitus,
1445 599 1553 623 Galilea
1569 598 1662 625 vocati,
1677 597 1785 628 majoris
1799 597 1923 620 ecclesiae
1939 596 2056 621 Cluniae.
2073 599 2098 620 et
2118 597 2149 619 de
2165 596 2264 620 subve-

402 648 496 671 niendo
511 647 622 678 collegio
637 647 721 670 Puris.

494 744 519 769 1.
537 744 625 768 Adhuc
640 744 785 767 Johannem
801 744 831 766 de
845 744 954 766 Cosano.

405 889 543 925 1759.
568 897 702 923 Facultas
717 897 883 930 medicinae,
902 896 1010 922 decano
1020 897 1079 921 lac.
1096 895 1282 931 Sacquespe'e,
1302 895 1437 921 lectiones
1452 894 1721 930 disputationesque
1733 898 1799 930 post
1814 893 2010 930 Epiphaniam
2025 893 2130 929 differt,
2145 897 2263 930 propter

488 947 696 972 mortalitatem.

1598 980 1674 1009 7399,
1689 979 1803 1006 Moremb.
1818 980 1844 1009 8,
1858 979 1975 1005 Parisiis.

486 1071 592 1103 Anno
614 1069 757 1102 Domini
778 1070 827 1101 M⁰
839 1069 944 1102 CCC⁰
961 1068 1199 1113 nonagesimo
1217 1079 1312 1100 nono
1331 1067 1388 1100 die
1410 1067 1547 1100 sabbati
1569 1079 1639 1112 que
1660 1067 1727 1099 suit
1746 1073 1869 1100 octava
1886 1067 2024 1100 mensis
2045 1066 2261 1100 Novembris

399 1144 481 1182 post
502 1137 645 1169 missam
666 1136 844 1169 facultatis
919 1147 987 1180 ego
1004 1135 1160 1168 Jacobus
1178 1135 1406 1179 Sacquespee
1424 1134 1597 1179 magister
1614 1145 1747 1179 regens
1768 1134 1804 1166 in
1822 1133 1945 1166 eadem
1963 1133 2129 1167 facultate
2147 1134 2259 1167 Paris.

396 1204 447 1236 fui
478 1204 615 1236 electus
646 1203 683 1235 in
711 1203 928 1235 decanum...
959 1203 1036 1235 Fuit
1069 1202 1307 1234 deliberatum
1336 1201 1432 1246 quod
1465 1201 1578 1246 prima
1607 1201 1665 1233 die
1695 1200 1837 1245 legibili
1867 1201 2030 1246 magistri
2058 1201 2262 1246 inciperent

396 1271 572 1303 lectiones
594 1281 679 1302 suas
700 1269 901 1302 ordinarias
923 1276 958 1301 et
978 1269 1107 1302 fierent
1126 1268 1185 1301 illa
1207 1268 1406 1301 ebdomada
1429 1268 1702 1313 disputaciones
1728 1267 1911 1300 ordinarie
1937 1279 2015 1300 cum
2039 1267 2258 1311 Quolibefis,

396 1344 430 1370 et
450 1337 492 1369 ab
514 1337 574 1369 illa
598 1337 656 1369 die
678 1343 825 1381 propter
846 1336 1129 1376 mortalitatem¹7
1154 1348 1222 1380 que
1244 1342 1328 1368 tunc
1350 1334 1496 1380 vigebat
1516 1335 1689 1376 Parisiis,
1707 1341 1895 1367 cessarent
1915 1347 1932 1367 a
1953 1334 2090 1368 lectura
2110 1346 2176 1368 nec
2197 1334 2260 1368 fie-

394 1411 475 1436 rent
496 1403 768 1448 disputaciones
790 1414 905 1447 usque
928 1409 1010 1447 post
1029 1403 1160 1435 festum
1184 1402 1406 1447 Epyphanie.
1435 1403 1477 1434 Et
1501 1402 1568 1435 suit
1594 1409 1677 1435 tunc
1704 1401 1943 1434 deliberatum
1966 1402 2063 1447 quod
2088 1401 2259 1435 absentes

394 1477 540 1515 propter
562 1470 690 1502 dictam
714 1469 978 1510 mortalitatem,
1001 1469 1058 1502 vel
1080 1469 1162 1514 quia
1188 1469 1351 1513 occupati
1378 1469 1414 1501 in
1436 1469 1629 1502 servicium
1657 1468 1848 1513 regalium,
1874 1469 1935 1513 qui
1963 1469 2136 1513 preterito
2164 1480 2258 1502 anno

395 1543 578 1578 rexerunt⁷
602 1543 771 1581 regentes
793 1542 1058 1581 reputarentur.
1083 1537 1124 1568 Et
1145 1536 1196 1568 sic
1219 1535 1441 1581 supplicacio
1462 1536 1550 1569 sacta
1573 1548 1638 1581 pro
1660 1542 1760 1581 parte
1781 1535 1945 1580 magistri
1966 1535 2107 1568 Alherti
2127 1536 2258 1569 Divitis

393 1603 567 1644 absentis,
586 1610 670 1635 tunc
692 1603 856 1647 occupati
877 1603 913 1635 in
935 1603 1128 1635 servicium
1151 1602 1288 1635 domini
1309 1602 1413 1635 ducis
1434 1602 1743 1643 Aurelianensis²⁷
1765 1602 1832 1635 suit
1851 1614 2038 1635 concessa.

484 1714 628 1738 Comment.
644 1716 691 1737 sae.
710 1714 811 1742 medic„
829 1715 848 1743 Ι,
865 1723 891 1746 p.
907 1715 943 1737 48.

483 1812 507 1836 1.
526 1813 636 1843 Propter
651 1812 808 1843 epideminm
825 1812 900 1835 multi
916 1812 1030 1835 Parisios
1046 1812 1216 1843 reliquerant.
1239 1813 1278 1835 Cf.
1302 1814 1431 1841 Auctar„
1450 1813 1468 1842 l,
1487 1814 1541 1842 804,
1556 1813 1595 1836 lili.
1618 1827 1648 1831 —
1670 1812 1695 1837 2.
1716 1814 1751 1836 De
1778 1813 1895 1844 pecuniis
1916 1813 1949 1836 ab
1966 1822 1978 1836 «
1994 1813 2084 1845 Aubny
2098 1813 2122 1837 le
2137 1813 2217 1837 Riobe
2233 1821 2256 1841 a,

391 1857 491 1879 medico
507 1856 580 1879 ducis
597 1856 802 1885 Aurelianensis,
818 1857 931 1888 acceptis
948 1857 1015 1880 inter
1031 1865 1072 1880 nn.
1086 1857 1227 1885 1399-1404,
1243 1857 1297 1880 vid.
1312 1865 1346 1880 DE
1360 1858 1495 1885 mummia,
1509 1858 1583 1882 Ducs
1596 1858 1629 1882 de
1638 1859 1815 1888 Bourqoyne,
1830 1859 2012 1890 Preuves,111,
2026 1867 2052 1890 p.
2067 1859 2121 1887 112,
2133 1858 2186 1887 212,
2199 1858 2256 1882 228.

395 2031 535 2069 1760.
559 2042 611 2067 Die
627 2041 712 2067 lunae
728 2041 756 2066 in
773 2041 869 2075 vigilia
888 2042 958 2075 festi
973 2041 1156 2077 Epiphaniae
1171 2043 1261 2076 Donn,
1281 2043 1381 2077 quinta
1397 2043 1501 2068 mensis
1517 2043 1659 2077 Ianuarii,
1678 2044 1849 2080 interempta
1865 2048 1908 2070 est
1925 2043 2100 2080 supplicatio
2119 2047 2251 2080 exparte

476 2090 592 2116 rectoris
613 2090 809 2116 Universitatis
823 2092 905 2124 facta
920 2099 971 2126 pro
992 2099 1064 2125 mag.
1083 2092 1166 2116 Petro
1182 2091 1294 2125 Plaoul,
1313 2095 1343 2117 ut
1358 2091 1419 2127 ipse
1433 2096 1530 2128 posset
1546 2094 1674 2126 conferre
1691 2093 1858 2127 beneficium
1874 2097 2038 2119 vacaturum
2056 2093 2084 2119 in
2102 2096 2183 2119 turno
2198 2101 2250 2118 suo

474 2148 526 2175 per·
538 2143 750 2175 procuratorem
768 2140 795 2164 in
809 2139 951 2165 absentia.

1587 2178 1663 2207 1400,
1680 2179 1798 2204 danum-ii
1808 2179 1834 2208 5,
1851 2178 1964 2204 Parisiis.

481 2232 557 2255 Arch.
574 2235 627 2255 nat.
644 2232 736 2261 Paris„
750 2232 788 2255 LL
803 2232 869 2261 109n,
884 2241 910 2263 p.
924 2233 962 2255 37.

390 2390 529 2427 1761.
551 2399 694 2425 lohannes
721 2400 832 2433 Gerson,
861 2399 1051 2425 cancellarius
1076 2400 1181 2435 Paris„
1205 2400 1398 2426 cancellariae
1423 2403 1588 2428 renuntiare
1611 2403 1674 2437 vult,
1697 2407 1723 2429 et
1743 2404 1919 2429 Dominicum
1940 2405 2033 2438 Parvi,
2055 2412 2129 2438 mag.
2147 2403 2243 2438 theol„

471 2449 651 2474 substituere.

1605 2490 1681 2518 1400,
1698 2490 1785 2515 Martii
1798 2490 1829 2519 11,
1845 2490 1959 2515 Pari-3178.

472 2571 677 2616 Supplicato
703 2584 745 2604 ex
784 2579 882 2616 parte
921 2572 1099 2605 facultatis
1128 2573 1312 2619 theologie
1345 2582 1380 2607 et
1407 2576 1570 2609 nacionis
1600 2577 1800 2618 Gallicane,
1830 2577 1927 2621 quod
1958 2589 2038 2609 cum
2070 2576 2251 2621 magister

379 2638 561 2671 Johannes
584 2638 627 2670 de
653 2638 846 2671 Gersonno
873 2639 1111 2672 cancellarius
1137 2640 1292 2674 ecclesie
1319 2643 1537 2675 Parisiensis
1564 2644 1655 2676 nolit
1677 2644 1758 2688 plus
1785 2656 1954 2676 exercere
1982 2643 2139 2676 officium
2160 2655 2243 2675 can-

380 2704 598 2744 cellariatus7
613 2705 677 2737 sed
694 2705 773 2737 loeo
791 2705 906 2749 ipsius
928 2705 1108 2750 supplicat
1125 2707 1337 2752 magistrum
1356 2709 1584 2742 Dominicum
1603 2711 1705 2743 Parvi
1721 2711 1857 2743 assumi
1870 2711 1893 2752 ¹,
1910 2710 2080 2755 quatinus
2102 2709 2246 2742 domini*

379 2771 566 2812 [canonici]
598 2772 751 2803 eundem
783 2772 992 2816 magistrum
1027 2773 1253 2806 Dominicum
1285 2775 1421 2808 vellent
1448 2788 1571 2809 creare
1597 2777 1633 2809 in
1659 2778 1870 2810 canonicum
1902 2789 2054 2810 unacum
2091 2776 2238 2809 domino

379 2839 552 2883 episcopo
579 2838 789 2878 parisiensi,
815 2838 958 2882 sibique
979 2840 1145 2872 conferre
1173 2841 1463 2875 cancellariatum
1487 2844 1702 2888 predictum,
1725 2844 1781 2877 vel
1804 2845 1888 2877 (lare
1910 2844 2091 2876 licentiam
2119 2843 2235 2876 eidem

501 2898 523 2918 fi.
2239 2894 2243 2901 “
