2502 3418
261 298 374 337 1403]χ
603 312 648 333 ΑΒ
683 312 786 333 ΑΝΝΟ
822 311 1108 333 Mccci.xxXX1v
1139 312 1270 339 USQUE
1306 313 1353 333 Ao
1388 313 1523 333 ‚xNNUM
1560 313 1765 335 mccchii.
2073 308 2112 339 77

347 389 419 421 Mag.
437 387 549 413 Nicolao
561 387 702 415 Canache,
719 386 813 419 presb.
829 386 1014 412 Ambianens.
1032 386 1118 414 dioc..
1136 394 1210 419 mag.
1229 386 1260 411 in
1273 388 1326 411 art.
1345 388 1372 412 et
1389 387 1475 412 theol.
1494 388 1619 420 actuque
1637 389 1747 420 regenti
1764 389 1885 414 Parisins
1900 390 1929 414 in
1945 390 2044 415 eadem
2061 391 2112 416 sac.

259 437 361 466 theol„
377 436 412 462 de
427 436 600 462 canonicatu
616 435 788 462 Belvacensi.

346 486 417 518 Mag.
434 485 596 510 Guillermo
609 485 691 513 Cave,
709 484 800 517 presb.
825 484 957 516 religioso
972 491 1100 517 expresse
1122 484 1247 517 professo
1269 486 1393 509 monast.
1413 484 1437 509 S.
1463 484 1600 523 Stepliani
1625 485 1659 510 (10
1681 485 1809 511 Cadomo
1825 486 1857 511 O.
1876 486 1901 511 S.
1921 487 1949 511 B.
1969 487 2110 519 Bajocens.

256 535 342 564 dioc..
359 541 436 566 mag.
454 534 485 559 in
500 534 588 559 theol.

851 578 865 592 «
886 568 1019 602 Magistri
1038 568 1069 594 in
1088 568 1237 602 theologia
1255 575 1314 595 non
1333 571 1482 602 regentes.
1505 580 1517 592 »

345 637 417 670 Mag.
436 637 544 663 Herveo
560 636 677 664 Sulven.
694 636 787 669 presb.
804 644 866 661 can.
884 636 1023 668 prebend.
1038 636 1105 661 ecel.
1121 636 1337 669 Corisopitens..
1355 644 1431 669 mag.
1450 636 1479 661 in
1493 638 1546 661 art.
1564 638 1591 662 ct
1606 637 1692 662 theol.

345 687 417 719 Mag.
436 686 519 711 Petro
534 685 654 713 Fleurie.
671 685 764 718 presb.
783 685 944 710 Ebroicens.
962 685 1047 714 dioc..
1066 693 1142 717 mag.
1159 685 1190 710 in
1205 687 1258 710 art.
1274 687 1301 710 et
1318 685 1404 710 theol.

344 735 417 768 Mag.
435 734 561 760 Johanni
576 734 712 763 Moraine.
729 734 823 767 presb.
840 735 972 760 Remens.
987 734 1073 763 dioe.‚
1091 742 1167 766 mag.
1185 734 1215 758 in
1231 735 1285 759 art.
1302 735 1330 759 et
1346 734 1375 759 in
1389 734 1477 759 theol.

344 784 417 816 Mag.
436 784 541 809 Poncio
555 783 591 809 de
604 783 752 812 Ulmonte,
769 784 902 808 Remens.
919 782 1005 811 dioc..
1020 790 1098 815 mag.
1113 783 1143 808 in
1158 784 1212 808 art.
1227 784 1255 808 et
1268 783 1298 807 in
1314 783 1402 808 theol.

344 833 417 858 Mau.
435 833 518 859 Petro
533 832 644 858 Mazerii
659 832 727 857 alias
742 832 767 857 le
782 832 893 865 Mauge,
910 832 976 858 cler.
995 832 1167 865 Rotliomag.
1185 831 1271 860 dioc..
1288 840 1364 864 mag.
1384 832 1412 857 in
1426 833 1479 857 art.
1495 833 1523 857 et
1538 832 1568 857 in
1583 833 1671 858 theol.

344 882 416 914 Mag.
433 881 555 914 Georgio
567 881 603 907 de
617 882 708 914 Rayn,
722 881 816 914 presb.
833 880 1028 914 Aquilegiens.
1042 881 1127 909 dioc..
1145 888 1222 913 mag..
1237 881 1268 905 in
1283 882 1335 905 art.
1354 882 1379 906 et
1397 881 1485 906 theol.

343 931 416 964 Mag.
431 930 544 956 Nicolao
557 930 592 956 de
607 931 746 959 Tornaco,
760 930 866 963 presb,
882 930 913 955 in
927 938 948 955 s.
966 930 1056 956 theol.
1071 929 1222 962 professori
1235 929 1302 955 Ord.
1322 930 1445 955 fratrum
1462 930 1576 955 llcrem.
1595 930 1620 955 S.
1640 931 1712 963 Aug.
1730 932 1890 956 conventus
1902 931 2072 957 Tornacens.

919 1025 931 1037 «
953 1014 1064 1041 Bedeui
1083 1014 1238 1041 facultatis
1256 1014 1413 1048 theologie.
1436 1024 1450 1038 n
1866 979 1921 1014 [39]

342 1082 469 1108 Johanni
484 1082 625 1115 Mancyon
640 1081 675 1107 de
688 1081 810 1107 Parisius
822 1081 957 1111 oriundo,
974 1081 1127 1115 principali
1142 1081 1254 1107 bedello
1267 1082 1318 1107 sac.
1335 1081 1423 1107 theol.
1436 1081 1633 1107 Universitatis
1650 1082 1810 1108 Parisiensis
1823 1090 1854 1108 ac
1870 1082 1983 1108 notario
1998 1083 2114 1116 publico

252 1131 418 1164 apostolico.

341 1181 468 1206 Johanni
483 1180 642 1209 Vachereti,
658 1179 783 1205 Eduens.
801 1179 886 1208 dioc..
901 1179 967 1205 cler.
983 1180 1140 1213 conjugato
1156 1179 1383 1213 subbedelloque
1398 1180 1567 1206 venerabilis
1583 1180 1634 1205 sac.
1652 1181 1740 1206 theol.
1755 1181 1785 1206 in
1802 1181 1989 1207 Universitate
2004 1182 2089 1207 Paris.

345 1260 371 1284 1.
387 1260 422 1283 De
436 1260 559 1291 pluribus
580 1259 750 1291 sequentibus
763 1259 828 1290 jam.
842 1259 867 1282 in
884 1262 903 1283 t.
921 1260 956 1282 Ill
975 1260 1015 1282 vel
1030 1267 1112 1290 supra
1127 1263 1214 1282 actum
1230 1262 1276 1282 est.
1293 1273 1324 1276 —
1338 1259 1362 1283 2.
1379 1259 1414 1282 De
1429 1259 1488 1290 ipso
1504 1260 1521 1282 l.
1535 1268 1556 1283 c.
1573 1263 1597 1282 et
1614 1260 1639 1282 in
1655 1261 1799 1286 Auctario.
1814 1261 1833 1283 Ι.
1850 1261 2014 1284 Universitas
2031 1261 2113 1284 Paris.

252 1313 310 1328 eum
325 1308 386 1335 post
405 1313 447 1328 an.
464 1305 524 1327 1408
538 1304 642 1327 cuidam
657 1304 779 1335 episcopo
795 1304 922 1334 (Metensi,
941 1304 1090 1335 opinamur)
1111 1304 1314 1333 recommendat,
1331 1307 1359 1326 ut
1375 1304 1406 1332 ei,
1423 1313 1436 1325 <t
1452 1313 1546 1335 parum
1562 1308 1682 1335 promoto
1699 1313 1719 1333 ›>,
1739 1305 1894 1328 beneficium
1910 1307 2034 1334 conferat,
2054 1314 2114 1328 nam

253 1357 262 1372 ι
280 1352 320 1372 est
333 1352 421 1372 tantus
438 1349 558 1378 clericus,
574 1349 671 1371 divinis
686 1352 711 1372 et
725 1349 847 1372 humanis
865 1349 981 1371 scientiis
1000 1349 1120 1379 apprime
1135 1348 1263 1375 eruditus,
1278 1348 1337 1371 fidei
1355 1349 1446 1371 doctor
1458 1349 1567 1380 grandis
1583 1349 1669 1377 etatis.
1683 1349 1756 1380 cujus
1775 1350 1910 1373 laboribus
1926 1353 1951 1373 et
1966 1350 2069 1373 auxiliis
2088 1350 2114 1373 in

251 1394 338 1417 causis
354 1393 413 1417 fidei
429 1397 454 1417 et
468 1394 651 1425 prosecutione
667 1393 771 1416 unionis
786 1402 807 1416 s.
822 1393 913 1416 matris
929 1393 1037 1416 ecclesie
1052 1393 1163 1416 maxime
1178 1393 1218 1416 usi
1237 1401 1327 1416 sumus
1344 1402 1354 1415 n
1371 1394 1459 1423 (ΑΙ-01],
1477 1397 1530 1417 nat.
1546 1394 1641 1422 Paris.,
1655 1395 1679 1417 M
1694 1395 1744 1421 65¹⁸,
1763 1399 1790 1417 n⁰
1805 1395 1853 1425 34).
1870 1395 1964 1418 Faetus
1977 1398 2017 1418 est
2031 1395 2114 1418 archi-

250 1438 375 1461 diaconus
398 1439 514 1467 Metens.,
532 1442 557 1461 et
571 1437 736 1462 Universitas
752 1438 837 1461 Paris.
852 1438 946 1469 (April.
963 1439 1001 1467 22)
1015 1438 1047 1461 ud
1062 1448 1074 1459 (ι
1088 1438 1242 1469 magnificos
1256 1438 1327 1461 viros
1344 1441 1368 1461 rt
1383 1441 1502 1469 potentes
1517 1447 1528 1460 »
1543 1438 1764 1469 supplicationem
1783 1439 1885 1464 direxit.
1905 1443 1932 1462 ut
1951 1439 2114 1462 Dominicum

250 1483 406 1514 adjuvarent
426 1486 517 1506 contra
539 1491 608 1514 mag.
629 1483 734 1506 Petrum
750 1483 780 1506 de
803 1483 829 1506 S.
850 1483 975 1511 Nazareo,
995 1483 1039 1514 qui
1062 1482 1189 1505 Dominici
1206 1483 1231 1505 in
1248 1483 1361 1514 quadam
1379 1491 1481 1505 summa
1497 1492 1512 1506 a
1526 1483 1604 1514 longo
1626 1486 1743 1514 tempore
1763 1484 1865 1506 debitor
1886 1484 2006 1507 exstabat
2029 1484 2112 1513 (ibid..

250 1532 278 1550 n0
291 1529 339 1557 88).
354 1542 383 1545 —
393 1528 418 1552 3,
435 1529 481 1550 An.
495 1528 564 1557 1407.
577 1528 648 1552 Jun..
663 1529 695 1551 fr.
709 1527 887 1550 Theodericus
900 1527 1050 1558 Wayerlant
1063 1530 1091 1550 ut
1106 1527 1190 1558 major
1201 1527 1321 1550 minister
1336 1527 1398 1550 Ord.
1417 1528 1442 1550 S.
1455 1527 1549 1550 Trinit.
1563 1527 1673 1550 obierat.
1683 1528 1779 1550 Deinde
1794 1538 1806 1549 «
1823 1532 1982 1551 correctores
1999 1528 2113 1559 Capituli

249 1573 384 1603 generales
397 1572 515 1603 »aliique
526 1572 697 1595 notabiliores
710 1572 824 1595 ministri
836 1572 985 1595 Mesnillum
1001 1572 1148 1595 Fouchardi
1164 1572 1189 1594 in
1206 1572 1340 1595 custodem
1357 1572 1506 1603 generalem
1518 1572 1580 1595 Ord.
1591 1573 1734 1603 elegerunt,
1745 1573 1826 1595 donec
1838 1573 1869 1595 de
1881 1573 1978 1604 majore
1994 1573 2113 1596 ministro

248 1617 384 1648 religionis
406 1617 542 1648 provisum
565 1618 639 1640 soret.
659 1617 792 1640 Johannes
817 1617 896 1639 XXIII
916 1625 1007 1640 revera
1037 1617 1169 1648 Stephano
1192 1617 1446 1640 administrationem
1467 1617 1574 1640 Ordinis
1598 1618 1716 1646 contulit,
1740 1626 1859 1649 annoque
1883 1618 1942 1640 1413
1963 1618 2113 1648 Capitulum

249 1662 371 1693 generale
384 1662 451 1685 hanc
464 1661 630 1685 collationem
647 1661 815 1692 approbavit,
829 1665 854 1685 et
866 1662 1038 1692 Stephanum,
1053 1661 1202 1684 ministrum
1219 1662 1245 1685 S.
1262 1662 1404 1684 Mathurini
1422 1662 1517 1687 Paris..
1534 1665 1562 1684 ut
1575 1662 1700 1693 majorem
1714 1662 1865 1685 ministrum
1881 1662 1998 1693 agnovit.
2012 1662 2114 1686 Nihilo-

249 1706 335 1729 minus
350 1710 442 1737 postea
463 1707 553 1737 plures
574 1706 689 1729 ministri
711 1709 801 1729 contra
821 1715 879 1729 eum
899 1706 972 1729 litem
988 1706 1154 1729 intentabant
1169 1706 1311 1737 aliumque,
1333 1706 1390 1729 scil.
1409 1707 1515 1729 Petrum
1538 1707 1682 1735 Chandote,
1702 1707 1818 1738 priorem
1834 1708 1865 1730 de
1881 1707 2070 1738 Cervosrigido,
2088 1707 2112 1730 in

248 1751 398 1774 ministrum
423 1751 550 1782 majorem
570 1751 712 1782 eligebant.
737 1751 932 1774 parlamentum
952 1751 1039 1774 omnia
1062 1751 1275 1774 adversariorum
1305 1751 1452 1774 annullavit
1476 1752 1541 1779 1017,
1566 1751 1627 1774 Maii
1650 1752 1678 1774 19
1700 1752 1787 1781 (Arch.
1810 1755 1862 1775 nat.
1886 1752 1980 1777 Paris..
2008 1753 2049 1774 ΧΗ·
2073 1753 2112 1780 62,

249 1796 293 1819 fol.
317 1796 361 1819 105
386 1804 454 1827 sqq.,
471 1795 514 1818 ubi
538 1795 643 1818 nomina
664 1795 845 1818 ministrorum
860 1795 984 1826 particul.
1008 1795 1172 1825 afferuntur).
1190 1796 1224 1818 De
1240 1796 1289 1818 liae
1304 1795 1348 1818 lite
1365 1796 1417 1819 vid.
1434 1796 1508 1819 Gall.
1522 1797 1629 1825 christ„
1648 1797 1713 1824 VIII,
1731 1805 1757 1827 p.
1775 1797 1834 1819 1738
1852 1805 1890 1827 sq.
1906 1811 1932 1814 —
1948 1797 1973 1821 4.
1989 1797 2036 1820 An.
2053 1797 2112 1819 ‘1423

250 1840 299 1863 fuit
311 1843 397 1863 rector
412 1848 469 1871 par.
486 1840 549 1863 eccl.
567 1841 592 1863 S.
609 1840 727 1863 Andreae
742 1840 773 1862 de
790 1840 908 1863 Arcubus
925 1840 1009 1863 Paris.
1026 1840 1128 1871 (Suppl.
1146 1841 1220 1863 Mart.
1238 1841 1266 1869 V,
1281 1845 1309 1862 ῐιο
1325 1840 1379 1864 161.
1399 1840 1442 1864 fol.
1460 1841 1537 1870 Qlob).
1554 1855 1581 1858 -
1598 1840 1621 1866 5.
1637 1841 1694 1864 Vid.
1708 1843 1826 1865 Auctar.
1844 1842 1862 1870 I7
1880 1842 1967 1864 Index.
1982 1855 2010 1857 ——
2024 1841 2047 1865 6.
2062 1842 2111 1863 Seu

251 1893 262 1907 a
277 1885 386 1907 Patboin
399 1893 420 1912 »,
438 1893 448 1907 α
461 1884 599 1907 Pathovini
617 1892 638 1908 ›).
649 1898 678 1902 —-
693 1883 716 1909 7.
734 1885 752 1907 Ε
767 1893 848 1915 supra
862 1885 952 1907 relatis
968 1888 992 1907 et
1008 1885 1137 1916 adjunctis
1154 1885 1205 1907 nisi
1217 1885 1272 1916 jam
1286 1893 1377 1916 supra,
1393 1885 1524 1916 etiamque
1539 1885 1565 1908 in
1582 1889 1599 1908 t.
1618 1886 1661 1914 111,
1679 1886 1753 1908 illum
1771 1886 1876 1908 minime
1890 1886 1995 1909 Ordinis
2010 1886 2112 1908 Mendi-

250 1929 367 1952 cuntium
383 1929 464 1952 fuisse
479 1929 691 1960 probaverimus,
707 1929 812 1952 omnino
828 1929 957 1952 dubitatio
973 1930 1119 1961 ejiceretur.
1137 1929 1194 1953 Vid.
1212 1929 1280 1952 infra
1297 1935 1324 1952 11⁴·
1340 1930 1409 1953 1849.

253 2084 394 2120 1794.
417 2102 432 2118 4(
450 2093 584 2128 Sequitur
597 2093 727 2127 facultas
743 2093 929 2118 decretorum.
947 2103 960 2118 »

337 2180 505 2209 Richardo⁴‚
524 2181 629 2205 humili
645 2181 741 2206 abbati
757 2181 924 2206 monasterii
938 2180 964 2206 S.
982 2181 1122 2206 Johannis
1137 2180 1167 2205 in
1183 2180 1296 2213 Valleya
1310 2182 1343 2205 ().
1360 2181 1386 2205 S.
1401 2182 1475 2211 Aug.
1493 2181 1662 2206 Carnotens.

336 2229 446 2258 Pon-0²,
463 2229 558 2255 abbati
574 2230 681 2255 humili
697 2230 864 2255 monasterii
880 2230 984 2255 Montis
1000 2229 1025 2255 S.
1041 2229 1185 2255 Michaelis
1201 2230 1229 2254 in
1245 2229 1374 2262 periculo
1389 2230 1476 2254 maris
1491 2232 1524 2254 ().
1543 2231 1568 2254 S.
1588 2230 1616 2254 13.
1635 2230 1802 2255 Abrincens.
1817 2230 1890 2254 dioc.

335 2279 408 2312 Mag.
428 2279 536 2304 Herveo
552 2279 701 2308 Roussolli.
717 2279 810 2311 presb.
829 2279 1027 2304 Aurelianens.
1051 2278 1137 2304 dioc..
1163 2280 1230 2304 actu
1255 2279 1364 2311 regenti
1383 2279 1504 2304 l'arisius
1524 2279 1552 2303 in
1576 2280 1626 2303 sar.
1644 2279 1719 2304 decr.
1737 2286 1752 2303 a
1768 2278 1868 2310 viginti
1884 2279 1966 2303 annis
1979 2280 2005 2303 ct
2023 2279 2107 2307 ultra,

247 2328 308 2354 bac.
325 2328 356 2353 in
372 2328 426 2360 leg.
442 2335 474 2353 ac
488 2327 627 2353 officiario
641 2328 726 2353 Paris.

334 2376 461 2402 Johanni
477 2376 512 2402 de
525 2377 665 2410 Crepone,
680 2376 895 2402 Constanciens.
912 2377 998 2405 dioc..
1015 2377 1091 2402 decr.
1106 2377 1216 2402 doctori
1231 2378 1259 2402 et
1274 2377 1318 2401 lic.
1336 2377 1366 2401 in
1382 2377 1448 2408 leg..
1465 2378 1530 2401 actu
1547 2376 1658 2407 regenti
1681 2376 1801 2401 l‘arisius
1819 2376 1847 2401 in
1865 2377 1916 2401 sac.
1933 2376 2021 2404 decr..
2039 2385 2108 2402 can-

245 2426 301 2452 tori
314 2426 381 2451 eccl.
397 2425 564 2451 Abrincens.

334 2475 426 2500 Yvoni
442 2474 476 2500 de
492 2475 665 2507 Kaerengar,
683 2475 788 2508 presb..
805 2475 916 2500 doctori
931 2474 1020 2503 decr..
1034 2476 1100 2500 actu
1117 2475 1227 2507 regenti
1245 2474 1274 2499 in
1290 2475 1341 2499 sac.
1359 2474 1435 2500 decr.
1454 2474 1584 2499 l’arisius.

334 2523 477 2549 aichardo
491 2523 527 2549 de
542 2524 641 2552 Fonte.
658 2524 751 2556 presb.
770 2523 895 2557 Sagicns.
910 2524 996 2552 dioc..
1011 2524 1095 2557 cujus
1108 2523 1222 2549 ecclesia
1238 2523 1408 2549 cathedralis
1421 2523 1560 2555 regularis
1576 2524 1626 2551 est,
1641 2522 1750 2547 doctori
1765 2522 1841 2547 decr.

335 2571 482 2605 Symoni3,
500 2573 606 2598 humili
621 2573 718 2598 abbati
735 2572 760 2598 S.
779 2573 853 2599 Petri
868 2573 903 2598 de
919 2573 1072 2598 Gcmeticis
1087 2573 1119 2598 O.
1137 2573 1162 2598 S.
1180 2573 1208 2597 B.
1228 2573 1451 2603 ltothomagens.
1469 2572 1542 2597 dioc.

333 2622 470 2647 Mauricio
482 2621 517 2647 de
530 2622 739 2654 Kaergourant,
756 2622 848 2655 presb.
864 2621 1067 2655 Corisopitens.
1084 2622 1170 2649 dioc..
1185 2629 1262 2653 mag.
1278 2621 1308 2646 in
1321 2623 1375 2646 art.
1390 2622 1418 2646 ct
1432 2621 1508 2646 decr.
1522 2620 1642 2649 doctori,
1657 2621 1723 2645 actu
1739 2620 1849 2652 regenti
1866 2620 1996 2650 Parisios.
2009 2623 2108 2647 curato

245 2671 377 2703 parroch.
396 2671 463 2696 eccl.
480 2670 516 2696 de
532 2671 763 2704 Beuzec-Capval
778 2671 853 2696 dicte
869 2671 1072 2704 Corisopitcns.
1090 2670 1163 2695 dioc.

333 2719 457 2745 Roberto
473 2719 595 2752 Neptis&
618 2720 724 2752 presb..
749 2727 812 2745 can.
839 2720 965 2752 regulari
989 2727 1118 2753 expresse
1142 2720 1215 2752 pros.
1238 2721 1361 2744 monast.
1387 2720 1412 2743 S.
1436 2719 1523 2743 Laudi
1548 2718 1583 2743 (le
1606 2718 1631 2743 S.
1656 2717 1762 2747 Laudo,
1784 2718 1997 2744 Constanciens
2021 2720 2106 2747 dioc..

246 2768 278 2794 Ο.
297 2768 323 2794 S.
339 2768 425 2802 Aug..
440 2769 516 2794 decr.
531 2769 652 2798 doctori,
669 2770 736 2794 actu
751 2769 863 2801 regenti
878 2769 909 2794 in
924 2769 1033 2802 prefata
1050 2769 1101 2794 sac.
1116 2769 1146 2793 in
1163 2768 1355 2794 sextodecimo
1371 2776 1457 2793 anno.

333 2818 424 2843 Fratri
440 2817 564 2843 Roberto
579 2818 615 2843 de
628 2817 841 2851 Baubigneyoff,
858 2818 954 2843 abbati
970 2819 1094 2843 monast.
1113 2818 1139 2843 S.
1158 2817 1296 2850 Stephani
1311 2817 1346 2843 (10
1363 2817 1482 2842 Divione
1498 2817 1530 2841 t).
1550 2817 1575 2841 S.
1596 2816 1669 2848 Aug.
1686 2816 1858 2849 Lingonens.
1879 2817 1953 2842 dioc.
1973 2819 2000 2843 et
2018 2818 2108 2847 dccix,

244 2866 355 2892 doctori
370 2868 497 2900 actuque
512 2867 636 2892 Parisius
651 2867 682 2892 in
696 2866 823 2900 predicta
839 2867 891 2893 sac.
910 2875 989 2894 nunc
1005 2867 1126 2900 regenti.
