2502 3418
402 326 464 358 442
729 333 732 336 ’
977 334 1297 357 cnam-uranium
1332 334 1522 356 UNIVERS.
1559 334 1687 356 mnis.
2167 320 2269 358 [1425

401 466 544 502 2253.
569 475 617 500 Lis
632 484 727 500 coram
745 475 912 511 praeposito
929 475 1024 500 Paris.
1049 478 1076 500 et
1091 483 1185 499 coram
1206 473 1389 510 par-lamento
1406 474 1480 499 inter
1499 473 1647 507 chirurgos
1664 476 1691 498 et
1712 472 1927 498 barbitonsores
1943 472 2049 506 Paris„
2068 472 2117 507 qui
2134 476 2268 508 praeten-

487 524 594 550 debant
609 533 647 559 se,
667 524 795 559 quamvis
811 533 865 550 non
879 524 1065 560 approbatos,
1084 527 1174 549 artem
1191 523 1382 557 chirurgicum
1396 522 1425 548 in
1441 521 1614 558 quibusdam
1630 521 1747 547 casibus
1764 530 1897 547 exercere
1909 530 2005 557 posse.

1565 624 1637 654 7425,
1651 623 1811 656 Septembris
1828 625 1851 654 7,
1867 624 1981 650 Parisiis.

488 729 577 762 Cum
600 728 644 762 lis
669 734 762 761 mota
789 727 920 760 fuisset
945 739 1064 760 coram
1091 727 1278 772 preposito
1304 733 1430 759 nostro
1457 726 1655 759 Parisiensi
1681 726 1776 758 inter
1803 732 2075 771 procuratorem
2101 733 2263 760 nostrum

399 796 435 828 in
462 795 660 829 Castelleto
690 795 887 827 Parisiensi
916 801 949 827 et
980 794 1176 838 magistros
1206 793 1399 826 Hemicum
1430 793 1474 825 de
1502 792 1642 831 Trecis,
1667 792 1867 826 Johannem
1895 793 1939 826 de
1967 793 2264 834 Suhtusfurnum,

397 863 609 908 cyrurgicos
626 863 768 907 juratos
790 868 950 902 nostros,
974 861 1011 893 in
1032 861 1128 893 dicto
1151 860 1365 902 castelleto,
1387 859 1588 893 Johaunem
1617 859 1798 893 Gillebert
1819 860 2043 905 prepositum
2067 861 2267 894 communi-

397 931 479 963 tatis
496 936 530 963 et
551 929 744 962 confratrie
765 928 1039 973 cyrurgicorum
1057 929 1260 972 juratorum
1284 927 1498 968 parisiens„
1514 927 1738 959 Bernardum
1762 927 1806 960 de
1828 927 2013 973 Pleignes,
2035 928 2147 961 Adam
2171 930 2265 962 Mar-

396 998 473 1038 tini,
497 996 709 1030 Michaelem
732 997 779 1028 Le
797 995 961 1029 Charron
984 1001 1017 1027 et
1038 994 1239 1028 Johannem
1262 994 1445 1035 Courtier,
1469 994 1664 1039 magistros
1685 993 1898 1028 licenciatos
1924 1001 1958 1028 et
1982 995 2202 1040 approbatos
2228 996 2264 1029 in

395 1075 469 1101 arte
495 1075 530 1100 et
555 1067 706 1100 scientia
732 1066 921 1111 cyrurgica
946 1066 1122 1106 Parisius,
1153 1066 1325 1110 majorem
1357 1071 1390 1097 et
1419 1065 1599 1098 saniorem
1629 1071 1765 1110 partem
1793 1065 2064 1111 magistrorum,
2095 1066 2265 1100 licencia-

394 1142 510 1168 torum
534 1141 568 1167 et
584 1133 865 1179 approbatorum
884 1133 920 1165 in
938 1133 1045 1165 dictis
1062 1139 1137 1165 arte
1155 1139 1189 1165 et
1205 1132 1357 1165 scientia
1375 1132 1536 1165 Parisius
1553 1132 1728 1165 facientes
1744 1138 1779 1165 et
1795 1139 2103 1177 representantes,
2121 1140 2263 1168 actores

393 1215 435 1235 ex
453 1214 521 1235 una
539 1208 655 1246 parte,
675 1207 710 1234 et
726 1200 1020 1233 communitatem
1038 1199 1334 1233 barbitonsorum
1352 1199 1631 1241 Parisiensium,
1648 1199 1819 1232 videlicet
1835 1199 2003 1245 Egidium
2022 1200 2066 1233 de
2091 1201 2260 1243 Fresnes,

394 1269 603 1314 magistrum
626 1267 825 1301 Johannem
851 1268 1008 1308 Trouee,
1031 1266 1199 1300 Colinum
1223 1267 1271 1299 Le
1298 1266 1461 1304 Barbier,
1488 1266 1687 1300 Johannem
1715 1268 1763 1299 Le
1789 1267 1916 1308 Maire,
1943 1267 2186 1301 Guillermum
2213 1269 2261 1302 Le

394 1338 541 1377 Breton,
569 1335 769 1368 Johannem
797 1333 1027 1379 Briquebart,
1050 1335 1206 1378 juratos,
1235 1333 1418 1366 Matheum
1442 1333 1485 1366 de
1518 1334 1700 1375 Lavenue,
1728 1333 1970 1367 Guillermum
1997 1334 2042 1367 de
2073 1335 2259 1369 Prouven-

392 1410 507 1443 court,
540 1403 731 1447 Symonem
759 1401 880 1442 Bazin,
911 1402 1110 1434 Drouetum
1142 1400 1186 1433 de
1215 1400 1389 1441 Jardinis,
1426 1401 1618 1445 Symonem
1652 1402 1700 1433 Le
1728 1400 1872 1442 Prince,
1902 1400 2075 1434 Thomam
2106 1401 2259 1444 Aubert,

394 1469 620 1503 Florencium
653 1467 820 1509 Archier,
850 1469 995 1500 Petrum
1027 1467 1070 1500 de
1096 1467 1300 1512 Tremblay,
1330 1467 1530 1501 Johannem
1560 1467 1603 1500 de
1631 1467 1801 1509 Boullon,
1830 1467 2036 1513 Philippum
2065 1470 2114 1502 Le
2141 1469 2260 1510 Clerc,

389 1537 588 1570 Johannem
615 1535 820 1576 VVistessin,
845 1534 1048 1569 Johannem
1082 1535 1234 1577 Quarre,
1261 1534 1505 1568 Guillermum
1531 1535 1704 1580 Coquart,
1732 1534 1947 1568 Michaelem
1975 1535 2147 1578 Galerue,
2169 1526 2262 1569 'Ber-

392 1604 558 1637 trandum
582 1602 756 1643 Bernard,
783 1601 983 1635 Johannem
1009 1603 1057 1634 Le
1083 1601 1247 1642 Barbier,
1273 1601 1475 1634 Johannem
1502 1602 1647 1643 Laisne,
1673 1601 1856 1635 Andream
1883 1602 2033 1644 Godart,
2059 1602 2259 1636 Johannem

393 1671 574 1711 Baudour,
607 1671 750 1702 Petrum
782 1669 962 1710 Chartier,
993 1668 1193 1701 Johannem
1223 1670 1347 1709 Veret,
1378 1668 1592 1702 Michaelem
1623 1670 1785 1710 Moreau,
1823 1669 2064 1702 Guillermum
2096 1670 2259 1712 Lensant‚

392 1738 559 1772 Colinum
582 1738 694 1777 Hane,
715 1735 889 1770 Gilletum
913 1736 958 1768 de
979 1735 1178 1777 Novavilla,
1194 1735 1395 1769 Johannem
1414 1736 1580 1778 Bernier,
1596 1736 1828 1769 Franciscurn
1845 1736 2003 1778 Berault,
2020 1737 2259 1770 Godefridum

392 1805 627 1845 Gastcbreze,
655 1803 855 1837 Johannem
880 1803 1014 1844 Girart,
1040 1802 1215 1836 Jacobum
1242 1804 1290 1836 Le
1315 1805 1416 1845 Pers,
1446 1803 1620 1837 Jacobum
1646 1803 1901 1845 Preudomme,
1930 1803 2185 1838 Ysenbardum
2212 1805 2261 1838 Le

393 1874 523 1914 Conte,
546 1870 772 1916 Radulphuin
796 1870 972 1911 Poitevin,
995 1869 1195 1903 Johannem
1219 1870 1354 1912 Baube,
1377 1870 1531 1904 Alanum
1554 1863 1746 1916 Poquelin,
1767 1872 1958 1916 Jaquetum
1974 1871 2110 1912 Varlet,
2128 1871 2262 1905 Johan-

394 1952 475 1972 nem
497 1940 649 1979 Cannet,
665 1937 864 1971 Johannem
887 1937 931 1970 de
953 1937 1080 1982 Ligne,
1104 1937 1344 1970 Bertrandum
1367 1938 1411 1971 de
1433 1938 1650 1971 Montmerel
1667 1944 1702 1971 et
1717 1938 1886 1972 Colinum
1908 1939 2120 1981 Treuveser,
2142 1938 2262 1972 barbi-

394 2013 563 2039 tonsores
585 2005 744 2038 Parisius
766 2010 1045 2045 commorantes,
1069 2005 1239 2048 majorem
1263 2011 1297 2037 et
1323 2005 1504 2038 saniorem
1530 2011 1666 2050 partem
1694 2004 1989 2038 barbitonsorum
2016 2005 2111 2038 dicte
2137 2012 2261 2039 nostre

394 2073 478 2107 ville
500 2072 717 2106 parisiensis
738 2071 914 2104 facientes
935 2077 971 2104 et
995 2078 1305 2116 representantes,
1329 2072 1557 2113 defensores,
1583 2084 1625 2105 ex
1648 2071 1771 2106 altera.
1801 2072 1952 2105 Ratione
1977 2079 2156 2106 certarum
2179 2085 2262 2118 pro-

395 2140 662 2180 clamationum,
692 2138 978 2184 publicationum
1005 2144 1040 2171 et
1064 2125 1321 2171 inhibitionum
1350 2139 1562 2172 auctoritate
1582 2139 1725 2183 justitie
1755 2145 1790 2171 et
1815 2139 1857 2172 ad
1889 2146 2093 2184 requestam
2120 2140 2262 2186 predic-

396 2215 511 2241 torum
534 2213 694 2240 actorum
716 2208 773 2249 (ne
794 2205 927 2250 aliquis
948 2205 985 2237 in
1007 2205 1101 2238 dicta
1123 2212 1245 2238 nostra
1266 2205 1350 2238 villa
1372 2213 1407 2239 et
1427 2205 1602 2239 banleuca
1625 2206 1822 2239 Parisiensi
1845 2218 1883 2239 se
1905 2206 1950 2239 de
1970 2206 2062 2239 facto
2084 2213 2119 2240 et
2139 2219 2261 2252 opera-

395 2277 493 2309 tione
521 2273 689 2319 cyrurgie
723 2273 794 2305 nisi
825 2284 890 2317 per
923 2272 1132 2317 magistros,
1159 2273 1303 2317 juratos
1342 2279 1378 2306 et
1409 2273 1616 2306 licentiatos
1652 2273 1857 2319 cirurgicos
1888 2273 1984 2307 dicte
2019 2281 2146 2307 nostre
2177 2274 2261 2308 ville

395 2341 612 2375 Parisiensis
633 2340 856 2373 examinatus
878 2346 913 2372 et
933 2338 1055 2372 debite
1077 2339 1312 2384 approbatus,
1335 2352 1373 2372 ac
1389 2341 1598 2385 juramento
1620 2352 1685 2386 per
1705 2352 1786 2373 euin
1810 2340 1906 2373 dicto
1928 2341 2116 2386 preposito
2137 2348 2261 2375 nostro

396 2421 495 2442 more
513 2408 630 2446 ,solito
659 2407 811 2452 prestito
840 2413 875 2439 et
903 2418 967 2451 per
994 2406 1150 2439 eundem
1179 2407 1403 2451 prepositum
1435 2407 1479 2440 ad
1515 2407 1763 2440 testimonium
1794 2407 1972 2440 dictorum
2005 2408 2259 2453 magistrorum

391 2478 591 2521 juratorum
615 2474 888 2519 cyrurgicorum
911 2480 1081 2518 receptus
1104 2480 1139 2506 et
1154 2473 1337 2506 admissus
1354 2474 1460 2515 foret,
1479 2486 1519 2507 se
1536 2474 1806 2518 intromitteret)
1821 2475 2007 2517 saetarum,
2023 2487 2113 2520 quas
2133 2474 2261 2517 bonas,

395 2543 546 2583 validas,
568 2540 802 2574 rationabiles
823 2552 861 2573 ac
882 2540 1037 2573 humane
1059 2547 1222 2573 creature
1245 2547 1280 2573 et
1300 2541 1352 2574 rei
1370 2540 1515 2586 publice
1532 2541 1721 2586 perutiles,
1741 2541 1973 2586 oppositione
1991 2541 2168 2575 dictorum
2186 2541 2262 2575 bar-

395 2609 620 2642 bitonsorum
643 2619 715 2640 non
737 2607 916 2648 obstante,
938 2607 1047 2639 iidem
1066 2614 1206 2640 actores
1228 2607 1404 2640 declarari
1426 2608 1695 2652 requisiissent.

487 2675 579 2708 Dicti
599 2686 684 2707 vero
707 2674 922 2707 defensores
944 2674 1126 2719 predictas
1148 2674 1464 2719 proclamationes,
1488 2674 1755 2720 publicationes
1773 2682 1808 2709 et
1823 2675 2062 2709 inhibitiones
2081 2676 2263 2709 indebitas

399 2749 433 2775 ct
453 2754 525 2774 non
548 2740 779 2774 rationabiles
800 2753 838 2773 ac
860 2740 897 2773 in
919 2741 1160 2785 prejudicium
1184 2741 1235 2774 rei
1258 2741 1403 2786 publice
1425 2748 1460 2774 et
1484 2741 1595 2774 totius
1616 2741 1703 2775 boni
1725 2743 1928 2776 communis
1948 2743 2058 2775 factas
2082 2743 2198 2776 fuisse
2223 2755 2263 2776 ac

399 2809 542 2841 easdem
565 2814 603 2840 ut
624 2807 711 2840 tales
734 2807 895 2840 revocari
913 2814 948 2840 et
963 2807 1156 2849 adnullari,
1175 2814 1210 2841 et
1230 2808 1297 2841 hoc
1319 2809 1485 2841 faciendo
1507 2815 1624 2842 certas
1645 2816 1761 2842 cartas
1783 2821 1847 2842 seu
1869 2809 2007 2842 litteras
2029 2821 2094 2854 per
2116 2810 2260 2843 modum

400 2875 577 2907 sententie
599 2881 633 2906 ct
653 2874 925 2907 constitutionis
947 2874 1169 2919 principales
1190 2887 1255 2920 per
1275 2876 1485 2908 defunctum
1504 2876 1699 2909 recolende
1717 2877 1890 2909 memorie
1907 2876 2079 2909 Karolum
2098 2877 2261 2921 quintum

521 2933 559 2955 50.
