2502 3418
463 340 527 372 282
1043 350 1360 371 CHARTULARIL'M
1397 349 1586 371 curvans.
1623 349 1752 370 PARtS.
2226 335 2325 371 [1414

463 425 573 451 deratio
589 426 743 459 permovit,
759 428 793 451 ut
807 426 953 451 doctrinas
969 426 1058 451 varias
1072 427 1100 451 et
1115 425 1279 458 peregrinas
1292 433 1360 458 ymo
1376 425 1567 458 pestiferas...
1585 424 1778 451 exterminare
1794 426 1822 450 et
1837 424 1953 457 penitus
1967 423 2078 449 abicere
2093 423 2323 450 studeremus....

463 475 615 508 Propterea
631 483 700 501 cum
715 475 751 501 ad
768 477 897 501 nostram
914 475 1049 501 notitiam
1064 475 1228 501 certissimis
1242 474 1390 500 devenerit
1404 474 1589 500 documentis
1604 474 1684 507 quod
1698 474 1775 499 inter
1789 475 1898 499 ceteros
1910 480 2021 499 errores
2038 472 2067 498 in
2087 472 2176 498 nostri
2192 472 2326 506 predictis

463 524 576 550 civitate
585 526 614 550 et
623 524 727 551 diocesi
738 525 894 550 seminatos
904 524 1064 558 propositio
1076 524 1207 557 magistri
1220 524 1362 550 Johannis
1374 524 1453 549 Parvi
1464 523 1586 549 l‘arisius
1595 523 1790 556 dogmatizata
1803 524 1830 548 et
1843 521 1960 555 publice
1968 521 2128 547 venditioni
2138 522 2265 555 exposita
2269 541 2324 551 .....

463 582 553 607 quam
567 574 654 600 etiam
670 574 899 607 propositionem
914 574 974 607 ipse
988 581 1154 607 proponens
1168 573 1295 606 appellat
1309 573 1537 607 Justisicalionem
1552 572 1654 598 domini
1667 572 1742 598 ducis
1758 571 1927 606 Buryundie,
1945 571 2050 597 nititur
2063 570 2226 597 secundum
2241 571 2325 604 prin-

461 623 583 656 cipalem
598 623 792 650 intentionem
808 623 1000 656 proponentis
1011 622 1172 656 justificare
1185 624 1214 648 et
1228 622 1382 648 defendere
1398 621 1569 647 assertiones
1584 621 1736 654 plurimas,
1753 628 1812 654 que
1827 622 1926 646 tamen
1942 627 1993 653 per
2007 627 2123 646 sacrum
2140 619 2207 646 fidei
2222 620 2325 646 Consi-

461 673 535 698 lium
551 674 662 706 reperte
679 674 749 698 sunt
761 680 880 699 erronee
895 673 926 697 111
941 672 998 698 fide
1013 673 1041 698 et
1056 671 1140 697 honis
1155 671 1330 697 moribus....
1351 679 1356 697 :
1374 678 1426 697 nos
1440 672 1557 697 evocato
1572 670 1680 696 vicibus
1699 669 1827 703 repetitis
1841 669 2050 703 magistrorum
2063 671 2092 695 et
2108 669 2325 695 licentiatorum

461 722 491 747 in
514 722 658 755 theologia
680 722 801 748 Parisius
820 721 1008 748 existentium
1031 722 1059 747 et
1078 720 1205 746 aliorum
1224 720 1387 754 peritorum
1411 719 1602 746 saluberrimo
1626 718 1897 752 sapientissimoque
1918 718 2037 744 consilio
2060 718 2113 744 diu
2134 718 2326 752 multumque

459 771 695 800 deliberantium,
712 771 818 796 Christi
834 770 955 796 nomine
970 770 1112 799 invocato,
1129 769 1165 795 ad
1180 770 1242 803 eJus
1257 769 1386 798 laudem,
1406 768 1530 801 gloriam
1548 770 1576 794 et
1591 769 1734 794 honorem
1749 767 1786 794 ad
1802 767 1869 793 fidei
1883 767 2089 794 exaltationem
2104 767 2284 794 decrevimus
2297 769 2327 794 et

459 820 644 846 decernimus
659 828 709 854 per
724 822 878 853 presentes,
891 819 970 852 quod
985 819 1130 845 antedicta
1143 818 1302 852 propositio
1315 818 1445 851 magistri
1460 817 1602 844 Johannis
1618 817 1697 843 Parvi
1711 817 1741 843 in
1752 825 1780 843 se
1794 818 1823 843 et
1835 816 1894 843 suis
1908 817 2113 843 assertionibus
2126 816 2327 850 principaliter

460 869 580 895 intentis
593 871 621 895 et
637 869 666 894 in
684 877 715 895 ea
736 869 879 894 contentis
896 876 928 894 ac
943 869 973 894 in
991 875 1123 901 processu
1140 868 1226 893 latius
1240 867 1390 893 declaratis
1406 869 1448 893 cst
1462 867 1603 893 abolenda
1618 868 1707 900 atque
1722 866 1910 900 dampnanda
1925 867 2068 900 tanquam
2083 873 2203 892 erronea
2220 866 2252 892 in
2269 866 2327 892 fide

459 920 487 944 ct
502 919 585 944 bonis
597 918 727 944 moribus
742 926 773 944 ac
787 917 989 951 multiplieiter
1005 904 1179 946 scandalosa.
1198 918 1227 942 et
1241 924 1305 942 eam
1321 916 1359 942 sic
1373 916 1525 942 abolemus
1540 917 1568 942 et
1582 916 1790 949 dampnamus,
1804 923 1836 941 ac
1853 915 2041 942 cremendam
2056 915 2214 942 solenniter
2228 915 2327 942 decer—

460 968 567 997 nimus,
584 967 764 1000 cremarique
780 966 956 1000 precipimus
971 968 999 992 et
1017 965 1185 999 jubemus2‚
1206 967 1360 991 monentes
1379 972 1482 991 omnes
1503 965 1634 991 subditos
1653 966 1813 991 nostros....
1834 964 1888 990 sub
1908 964 2324 998 penaexcommunicationis.

459 1025 550 1050 quam
565 1017 595 1042 in
613 1017 688 1050 ipsos
708 1017 738 1041 in
754 1016 808 1041 hiis
830 1015 941 1049 scriptis
963 1015 1093 1044 serimus,
1111 1015 1165 1040 nisi
1185 1014 1305 1041 fecerint
1325 1014 1405 1048 quod
1425 1014 1613 1044 mandamus,
1636 1015 1671 1040 ut
1685 1014 1740 1047 ipsi
1756 1014 1831 1039 infra
1854 1021 1901 1040 sex
1921 1013 1981 1040 dies
1985 1033 2039 1044 .....
2056 1013 2077 1040 si
2097 1021 2171 1047 quos
2185 1013 2327 1040 haberent

458 1074 545 1099 penes
559 1073 587 1091 se
602 1066 758 1098 quaternos
774 1064 943 1098 hujusmodi
959 1064 1188 1098 propositionem
1203 1064 1235 1089 in
1250 1072 1278 1090 se
1292 1064 1485 1093 continentes.
1501 1063 1584 1089 nobis
1597 1064 1720 1089 afferant
1734 1071 1784 1089 seu
1797 1063 1893 1089 afferri
1907 1063 2059 1089 saciant....
2077 1064 2106 1089 et
2122 1062 2327 1089 interdicentes

458 1115 596 1140 omnihus
613 1116 642 1140 et
660 1114 781 1147 singulis
793 1113 964 1147 supradictis
979 1113 1033 1139 sub
1047 1113 1155 1139 eisdem
1168 1113 1259 1146 penis,
1276 1121 1313 1139 ne
1327 1113 1462 1147 deinceps
1476 1112 1635 1146 quisquam
1650 1113 1782 1145 ipsorum
1799 1112 1906 1139 audeat
1920 1112 2081 1146 predictam
2096 1111 2326 1145 propositionem

457 1172 588 1191 asserere.
605 1163 761 1196 predicare,
785 1162 943 1196 publicare,
959 1162 1114 1189 defendere
1129 1170 1178 1188 seu
1193 1162 1390 1195 dogmatizare
1408 1162 1525 1196 publice
1544 1162 1588 1188 vel
1607 1162 1728 1188 occulte.
1750 1161 1836 1195 Quod
1855 1161 1877 1188 si
1897 1161 1963 1195 quis
1981 1161 2125 1187 audiverit
2146 1161 2191 1187 vel
2214 1160 2327 1188 sciverit

456 1213 585 1246 aliquem
599 1213 629 1238 ln
645 1213 698 1238 hac
712 1213 794 1246 parte
809 1211 996 1245 culpabilem,
1013 1211 1096 1238 nobis
1111 1212 1187 1238 infra
1201 1213 1267 1238 octo
1281 1211 1351 1241 dies,
1365 1211 1409 1238 vel
1424 1211 1595 1238 cancellario
1610 1210 1769 1241 Parisionsi,
1783 1211 1958 1237 denuntiare
1972 1209 2134 1238 teneam-³.

547 1324 586 1355 ln
608 1335 761 1368 quorum
779 1323 939 1355 omnium
957 1329 992 1355 et
1012 1322 1240 1367 singulorum
1259 1322 1506 1355 testimonium
1524 1329 1559 1355 et
1574 1322 1680 1355 fidem
1698 1322 1959 1368 premissorum
1977 1327 2167 1367 presentes
2187 1321 2325 1355 litteras

458 1391 493 1422 111
511 1390 600 1423 1111110
617 1389 795 1435 publicam
813 1390 961 1422 formam
980 1402 1044 1435 per
1060 1390 1220 1422 notarios
1237 1396 1383 1422 nostros
1400 1389 1627 1435 subscriptos
1645 1389 1762 1435 redigi
1782 1389 1947 1430 fecimus,
1966 1388 2172 1434 sigillisque
2189 1387 2325 1422 nostris

458 1469 610 1490 unacum
633 1457 750 1502 signis
772 1463 804 1489 et
827 1456 1160 1502 subscriptionibus
1177 1457 1354 1490 dictorum
1373 1457 1593 1490 notariorum
1613 1463 1821 1490 nostrorum
1838 1455 2126 1501 subscriptorum
2143 1455 2324 1501 jussimus

457 1524 680 1569 appensione
703 1524 847 1556 muniri.
872 1525 998 1556 Datum
1021 1531 1053 1556 et
1082 1530 1197 1556 actum
1228 1524 1264 1556 in
1294 1524 1373 1557 aula
1402 1524 1600 1569 episcopali
1632 1523 1829 1557 Parisiensi
1859 1517 1952 1556 anno
1983 1523 2146 1568 ejusdem
2179 1522 2324 1555 Domini

458 1591 651 1624 millesimo
673 1591 1033 1636 quadringentesimo
1055 1591 1195 1624 decimo
1224 1591 1329 1624 tertio
1360 1591 1560 1624 secundum
1593 1603 1728 1624 morem
1756 1598 1789 1624 et
1816 1590 2116 1624 consuetudinem
2139 1589 2324 1624 Gallicane

457 1658 623 1699 ecclesie,
642 1658 840 1691 indictione
862 1658 1025 1703 septima,
1045 1658 1115 1699 [die
1132 1658 1302 1691 vicesima
1319 1659 1422 1692 tertia
1443 1659 1581 1692 mensis
1603 1658 1789 1691 Februarii
1800 1659 1836 1699 Ἴ,
1855 1657 2084 1703 pontificatus
2105 1656 2324 1690 sanctissimi

458 1726 494 1757 111
516 1725 661 1758 Christo
684 1725 793 1770 patris
820 1732 852 1758 et
879 1725 1015 1758 domini
1042 1726 1170 1767 nostri,
1193 1726 1331 1758 domini
1350 1725 1525 1759 Johannis
1546 1726 1666 1759 divina
1688 1725 1914 1771 providentia
1934 1737 2024 1770 pape
2044 1723 2208 1758 vicesimi
2228 1723 2324 1758 tertii

457 1805 550 1825 anno
568 1799 707 1837 quarto,
727 1792 959 1837 presentibus
975 1793 1019 1825 ad
1039 1792 1105 1826 hec
1123 1793 1334 1826 reverendis
1351 1793 1387 1826 111
1404 1793 1549 1827 Christo
1567 1793 1729 1838 patribus
1746 1800 1781 1826 et
1796 1792 1967 1833 dominis,
1985 1792 2143 1825 dominis
2164 1791 2320 1825 Henrico

458 1860 691 1900 Nannetensi,
705 1860 880 1892 Gausrido
897 1860 1143 1892 Xanctonensi
1162 1867 1194 1893 et
1210 1860 1373 1893 Johanne
1390 1860 1625 1894 Cabilonensi
1643 1860 1838 1906 episcopis,
1853 1859 2020 1904 Philippo
2035 1858 2153 1892 Sancti
2166 1858 2323 1892 Dionisii

458 1927 493 1958 in
530 1926 676 1958 Francia
709 1933 744 1958 et
775 1927 880 1958 Petro
913 1927 1030 1959 Sancti
1068 1927 1244 1959 Maxencii
1274 1927 1478 1969 abbatibus,
1508 1939 1547 1960 ac
1574 1926 1846 1961 venerabilibus
1876 1933 1911 1959 et
1936 1925 2198 1971 cii-conspectis
2233 1924 2323 1959 viris

458 1993 614 2025 dominis
636 1999 667 2025 et
691 1993 874 2037 magistris
894 1992 1057 2026 Johanne
1086 1994 1129 2026 de
1150 1994 1324 2039 Tenmlis,
1347 1994 1439 2027 alme
1469 1994 1592 2027 matris
1615 1993 1869 2027 Universitatis
1899 1993 2116 2026 Parisiensis
2143 1998 2284 2026 rectore
2296 1992 2320 2034 ⁵,

457 2059 570 2092 nobili
592 2060 668 2092 viro
688 2059 821 2094 Jacobo
844 2060 887 2092 de
909 2060 1093 2093 Borbonio
1116 2073 1216 2094 sacre
1243 2061 1378 2106 capelle
1405 2061 1505 2107 regie
1531 2061 1748 2094 Parisiensis
1778 2060 2014 2101 thesaurario,
2038 2059 2248 2105 Raymundo
2277 2059 2323 2092 de

458 2127 605 2159 Perucia
635 2126 887 2159 archidiacono
920 2128 1138 2169 Turonensi,
1171 2128 1334 2161 Johanne
1367 2129 1411 2161 de
1439 2129 1633 2162 Gersonno
1663 2128 1878 2162 cancellario
1907 2127 2060 2161 ecclesie
2091 2126 2321 2169 Parisiensis,

457 2195 562 2227 Petro
584 2194 627 2226 de
655 2194 840 2239 Dierreyo,
871 2194 1013 2227 Matheo
1042 2195 1196 2236 Roeder,
1219 2196 1402 2229 Jourdano
1433 2196 1579 2238 Morini,
1601 2195 1764 2229 Johanne
1793 2196 1837 2228 de
1868 2194 2158 2236 Dulcimesnillo,
2181 2195 2322 2228 Herveo

457 2261 501 2294 (10
532 2261 731 2302 Villanova,
764 2261 951 2306 Radulpho
982 2262 1026 2294 de
1061 2263 1179 2303 Porta,
1210 2262 1374 2296 Johanne
1407 2263 1451 2296 de
1481 2263 1715 2304 Castellione,
1743 2262 1906 2296 Johanne
1937 2261 2127 2307 d'Achery,
2158 2260 2321 2295 Johanne

457 2328 588 2361 Mathie
606 2335 637 2360 et
655 2328 818 2361 Gerardo
840 2328 1006 2370 Macheti,
1025 2329 1061 2361 in
1079 2342 1177 2362 sacra
1199 2331 1329 2375 pagina
1350 2330 1635 2376 professoribus,
1654 2343 1805 2363 unacum
1828 2329 1995 2375 pluribus
2011 2329 2092 2362 aliis
2113 2329 2150 2361 111
2166 2328 2322 2362 diversis

456 2395 618 2427 scientiis
635 2395 858 2437 doctoribus,
878 2396 1073 2441 magistris,
1092 2396 1286 2430 licentiatis
1303 2404 1335 2430 et
1358 2397 1545 2430 bacalariis
1562 2410 1601 2430 ae
1617 2398 1698 2430 aliis
1719 2398 1755 2430 in
1772 2397 2002 2430 multitudine
2019 2396 2165 2441 copiosa
2186 2395 2320 2428 ibidem

456 2462 700 2507 congregatis,
724 2462 879 2495 testibus
900 2463 942 2495 ad
966 2463 1142 2507 premissa
1162 2465 1298 2497 vocatis
1320 2464 1527 2509 specialiter
1547 2472 1582 2498 et
1602 2465 1751 2510 rogatis

545 2530 585 2561 Et
607 2542 675 2574 ego
697 2529 921 2562 Guillcrmus
938 2531 986 2562 Le
1004 2530 1114 2571 Mieu,
1133 2531 1287 2564 clericus
1304 2533 1520 2565 Trecorens.
1539 2532 1648 2573 dioc.,
1668 2532 1840 2577 magister
1855 2531 1891 2563 in
1908 2530 2046 2563 artibus
2066 2537 2102 2562 et
2121 2529 2321 2563 bacalarius

455 2596 491 2628 111
513 2596 680 2638 decretis,
703 2596 871 2641 publicus
892 2597 1089 2642 apostolica
1111 2605 1142 2630 et
1170 2599 1348 2643 imperiali
1375 2599 1650 2632 auetoritatibus
1671 2599 1834 2631 notarius
1856 2604 1891 2630 et
1917 2597 2043 2642 prefati
2065 2596 2203 2629 domini
2223 2596 2321 2629 Pari-

456 2663 590 2695 siensis
612 2663 774 2708 episcopi
795 2670 901 2708 atque
922 2664 1038 2709 ipsius
1060 2665 1159 2697 curie
1181 2665 1311 2707 scriba,
1334 2671 1398 2700 etc.

543 2731 583 2762 Et
606 2742 674 2775 ego
696 2731 823 2763 Daniel
845 2730 979 2772 Mothe,
1002 2731 1184 2776 presbiter
1204 2734 1383 2766 Leonens.
1407 2733 1516 2774 dioc.,
1539 2733 1707 2778 publicus
1729 2732 1924 2778 apostolica
1946 2738 1981 2764 et
2001 2730 2178 2776 imperiali
2198 2736 2320 2763 aucto-

455 2796 556 2829 ritate
579 2797 740 2830 notarius
762 2804 795 2830 et
817 2798 916 2830 curie
938 2798 1156 2832 parisiensis
1172 2801 1315 2844 juratus
1336 2800 1538 2845 prefatique
1559 2800 1697 2833 domini
1718 2799 1947 2844 inquisitoris
1968 2797 2098 2838 scriba,
2120 2803 2185 2831 etc.

545 2912 621 2935 Arch.
638 2916 690 2936 nat.
711 2913 805 2943 Pan-is„
828 2914 872 2936 ΧΗ)
887 2915 957 2943 8603,
975 2915 1018 2938 sol.
1035 2915 1069 2938 3¹³.
1087 2915 1197 2938 Additur
1213 2916 1237 2938 in
1254 2916 1305 2939 fine
1322 2924 1327 2938 ·.
1346 2925 1357 2939 «
1374 2916 1409 2940 Et
1423 2923 1441 2940 α
1457 2921 1532 2946 teryo
1547 2924 1556 2940 :
1574 2917 1641 2939 lecta
1653 2919 1677 2939 et
1691 2916 1717 2939 in
1738 2915 1897 2939 parlamenti
1920 2914 1993 2937 curia
2017 2913 2153 2945 publicata
2169 2916 2264 2945 quarta
2277 2912 2321 2936 die

575 2958 614 2980 36.
