2502 3418
260 336 355 371 1411]
604 348 649 369 ΑΒ
684 347 789 369 ANNO
824 346 1115 368 mcchxxxxw
1149 347 1281 374 USQUE
1317 347 1365 369 1111
1400 348 1539 369 ,xxxvii
1575 349 1781 370 necocml.
2064 339 2126 371 201

259 422 446 454 mittimus.
471 420 723 465 Supplicamus
743 420 864 464 itaque
889 426 1010 452 vestre
1031 426 1180 464 paterne
1202 420 1382 453 sanctitati
1404 421 1546 453 devotis
1566 421 1709 462 animis,
1736 422 1787 454 uti
1808 422 1900 453 circa
1921 421 1987 454 hec
2009 422 2126 454 onmia

259 488 507 521 animadversa
525 498 606 519 esse
623 487 807 531 dignetur,
827 498 894 518 nos
910 485 1081 518 videlicet
1100 486 1137 518 in
1158 487 1286 519 merite
1309 486 1560 519 retributionis
1582 487 1845 519 attestationem
1869 487 2067 520 liberaliter
2084 488 2127 520 de

259 555 315 587 sui
337 554 449 598 gratia
471 553 729 593 contentando,
759 560 797 585 ut
825 553 892 585 etsi
923 553 1107 585 ferventes
1130 559 1233 585 antea
1264 554 1441 586 fuerimus
1469 553 1505 585 in
1536 553 1789 586 subveniendo
1818 554 1985 586 ecclesie.
2013 553 2128 586 adhuc

259 621 374 665 magis
392 627 426 652 et
447 620 562 665 magis
584 619 700 652 eidem
723 626 830 664 atque
851 619 969 664 ipsius
989 618 1151 663 pontifici
1173 631 1315 651 summo
1337 620 1532 652 reddamur
1554 619 1740 664 propensi.

347 687 531 727 Ceterum,
554 686 764 719 beatissime
787 692 898 730 pater,
917 685 1134 725 audivimus,
1160 698 1277 730 nuper
1298 686 1393 718 bone
1414 686 1679 718 recordationis
1703 686 1887 718 dominum
1910 686 2127 718 cardinalem

258 753 302 786 de
319 753 487 798 Thureyo
505 764 654 785 emenso
675 752 783 797 hujus
806 752 988 784 mundane
1005 753 1076 785 vite
1094 752 1170 784 salo
1192 753 1305 797 patrie
1328 760 1470 797 portum
1488 753 1633 785 volente
1656 754 1731 785 Deo
1749 752 1949 796 attigisse⁶.
1968 753 2130 797 Quapro-

259 826 337 865 pter
354 831 469 852 novus
487 826 604 852 terror
620 819 760 852 animos
782 825 928 851 nostros
945 819 1148 859 concussit;
1172 819 1410 852 formidamus
1427 819 1536 860 enim,
1555 831 1600 851 ne
1622 819 1674 851 illi
1697 818 1969 851 sceleratissimi
1987 819 2130 851 scisma-

260 887 320 919 tici
341 899 380 919 ac
402 886 556 919 ecclesie
578 885 703 918 hostes
724 885 966 926 infestissimi,
986 885 1047 930 qui
1069 897 1186 918 arcem
1204 886 1492 918 Avinionensem
1515 892 1739 930 occuparunt
1759 892 1794 918 et
1814 892 2002 930 occupant,
2026 886 2132 918 inde'

260 953 463 986 exultantes
483 953 662 985 civitatem
686 959 721 985 et
741 952 930 984 ecclesiam
954 951 1054 984 illius
1082 952 1196 997 patrie
1224 952 1395 985 invadant
1425 952 1645 985 insolentius
1675 959 1781 997 atque
1807 953 1926 985 acrius
1951 952 2132 985 lacessere

260 1019 481 1052 molliantur.
504 1019 746 1062 Quamobrem
772 1019 889 1052 visum
912 1026 966 1051 est
989 1018 1095 1051 nobis
1121 1031 1204 1052 esse
1230 1020 1606 1064 expedientissimum,
1630 1019 1976 1052 reverendissimum
1996 1026 2130 1064 patrem

259 1087 444 1119 dominum
466 1086 779 1131 archiepiscopum
802 1085 1101 1118 Nerbonensem⁸
1117 1077 1219 1118 'illius
1242 1086 1444 1130 reipublice
1473 1086 1761 1131 gubernaculum
1783 1093 1904 1119 vestre
1933 1086 2132 1118 sanctitatis

259 1153 502 1198 dispositione
524 1165 717 1198 capessere
739 1159 773 1185 et
800 1153 898 1186 vices
922 1159 1062 1186 vestras
1091 1153 1128 1184 in
1149 1152 1214 1185 hac
1242 1159 1341 1197 parte
1367 1165 1509 1198 gerere.
1536 1154 1730 1198 Speramus
1752 1153 1846 1185 enim
1874 1153 1990 1198 ipsius
2013 1153 2132 1198 provi-

260 1220 412 1253 dissimo
434 1220 589 1253 consilio
615 1232 688 1252 rem
713 1219 868 1252 ecclesie
890 1219 988 1252 illius
1015 1220 1237 1264 prosperari.
1269 1221 1411 1252 Interea
1432 1232 1518 1252 vero
1547 1220 1861 1264 interpellabinms
1886 1220 1981 1264 apud
2009 1232 2130 1264 regem

260 1287 445 1320 dominum
469 1293 633 1319 nostrum
656 1293 690 1319 et
711 1286 897 1331 principes
921 1286 1085 1327 Francie,
1107 1293 1146 1318 ut
1167 1286 1237 1318 sibi
1260 1287 1295 1318 in
1317 1286 1383 1319 hac
1405 1293 1504 1331 parte
1532 1294 1778 1319 succurratur.
1801 1287 1961 1319 Assidue
1983 1287 2134 1331 insuper

260 1365 488 1398 quecumque
509 1353 639 1386 honori
662 1353 817 1385 ecclesie
839 1353 963 1385 matris
980 1353 1187 1385 videbimus
1208 1353 1399 1398 prodesse,
1423 1354 1507 1386 totis
1528 1353 1719 1386 conatibus
1744 1365 1842 1385 more
1865 1360 1990 1385 nostro
2012 1353 2133 1385 elabo-

260 1420 432 1453 rabimus.
456 1420 622 1464 Denique
644 1419 751 1452 nobis
772 1419 987 1452 humillimis
1009 1419 1094 1452 filiis
1117 1426 1239 1452 vestre
1263 1420 1465 1452 sanctitatis
1491 1421 1568 1465 ipsa
1591 1420 1752 1465 quelibet
1779 1420 1941 1452 mandata
1964 1420 2135 1465 dignetur

259 1488 447 1532 imponere
476 1487 593 1519 eidem
622 1486 751 1519 sedulo
774 1486 1094 1531 obtemperaturis,
1118 1499 1223 1531 quam
1247 1486 1422 1519 inhabitet
1446 1487 1603 1532 Spiritus
1631 1488 1783 1520 Sanctus
1813 1500 1877 1531 pro
1907 1499 1971 1519 sue
2000 1499 2134 1532 sponse

260 1554 358 1586 felici
381 1553 660 1598 gubernatione.
685 1555 826 1593 Datum,
846 1560 913 1586 etc.

349 1667 384 1698 2.
411 1666 505 1707 Mag.
534 1664 742 1705 Guillelme,
773 1665 910 1697 faciatis
932 1665 1071 1697 litteras
1100 1665 1357 1697 Universitatis
1379 1665 1591 1709 dirigendas
1614 1665 1761 1697 domino
1793 1673 1918 1698 nostro
1950 1678 2038 1710 pape
2069 1672 2134 1698 tam

262 1743 372 1776 super
395 1732 616 1764 revocatoria
643 1731 742 1763 bulle
765 1731 1062 1772 Mendicantium,
1083 1744 1188 1776 quam
1211 1743 1323 1776 super
1347 1731 1622 1776 provisionibus
1646 1732 1900 1765 Universitatis
1922 1732 2040 1776 quoad
2062 1744 2141 1777 pre—

261 1799 444 1843 rogativas
461 1798 697 1830 conformiter
713 1798 757 1830 ad
776 1798 936 1831 ultimate
954 1798 1086 1843 scripta
1104 1798 1174 1830 sibi
1192 1810 1257 1843 per
1271 1799 1523 1842 equitatorem.

351 1867 439 1898 Item
460 1865 598 1897 faciatis
625 1865 797 1909 quasdam
826 1865 914 1897 alias
943 1865 1082 1897 litteras
1111 1877 1175 1909 pro
1198 1865 1343 1897 nunciis
1370 1865 1642 1907 Universitatis,
1665 1866 1763 1910 quod
1785 1878 2050 1910 prosequemur
2072 1866 2138 1899 ista

261 1933 355 1977 apud
377 1932 563 1965 dominum
588 1938 752 1965 nostrum
776 1939 810 1964 et.
830 1932 1034 1964 cardinales
1057 1932 1289 1964 Hostiensem
1318 1939 1352 1964 et
1380 1932 1423 1964 de
1446 1932 1628 1965 Chalanco
1650 1933 1924 1965 commissarios
1951 1933 2141 1966 Universi-

262 2000 356 2032 tatis
380 2000 536 2044 Insuper
557 2011 822 2044 prosequemur
848 1998 1031 2031 abbaciam
1056 1999 1174 2031 Sancti
1201 1998 1422 2031 Theodorici
1453 2011 1566 2044 prope
1597 1999 1718 2031 Remis
1746 2012 1811 2044 pro
1833 2000 2007 2043 magistro
2033 2001 2138 2033 Petro

262 2067 306 2099 de
328 2068 470 2111 Roseyo
493 2066 721 2099 decretorum
745 2066 908 2107 doctore,
935 2073 1014 2098 actu
1037 2073 1188 2110 regente
1218 2066 1254 2098 in
1283 2066 1408 2098 eadem
1438 2066 1617 2104 facultate,
1647 2078 1711 2111 pro
1733 2079 1804 2111 quo
1833 2066 1961 2099 scribit
1987 2067 2139 2099 Univer—

263 2134 350 2166 sitas
367 2133 515 2166 domino
533 2140 658 2165 nostro
677 2134 801 2177 1131109Ἴ
821 2139 887 2166 etc.
910 2133 1008 2165 Ultra
1025 2133 1061 2164 in
1083 2132 1215 2165 litteris
1236 2139 1403 2177 ponatur,
1423 2133 1606 2177 quomodo
1626 2133 1856 2168 Universitas
1874 2146 1946 2166 non
1967 2134 2034 2166 suit
2054 2146 2138 2166 con-

262 2207 358 2232 tenta
380 2200 423 2232 de
446 2200 590 2232 nunciis
611 2200 760 2241 nostriS,
785 2212 826 2232 00
849 2200 946 2244 quod
969 2212 1053 2231 suas
1074 2200 1337 2232 instructiones
1359 2207 1442 2232 sunt
1466 2201 1701 2244 transgressi,
1726 2212 1791 2232 nec
1817 2201 1963 2233 fuerunt
1988 2201 2079 2245 grati
2102 2201 2136 2232 in

264 2267 520 2307 Universitate,
539 2267 610 2299 nisi
632 2267 814 2299 dumtaxat
835 2267 871 2298 111
893 2266 986 2298 bene
1008 2266 1108 2298 actis.
1133 2267 1301 2299 Pretcrca
1322 2273 1502 2311 tangatur,
1525 2267 1622 2311 quod
1644 2267 1806 2299 cedulam
1831 2274 2045 2312 punctorum
2069 2280 2138 2312 que

265 2350 328 2382 pro
351 2350 446 2370 nunc
469 2338 625 2382 petimus
653 2338 894 2370 contentivam
918 2338 953 2370 111
976 2338 1108 2370 litteris
1138 2338 1215 2370 suis
1237 2338 1484 2374 interclusam,
1508 2339 1786 2371 transmittimus
1809 2345 1876 2370 tam
1905 2350 2015 2382 super
2036 2351 2139 2371 revo—

263 2405 395 2437 catoria
421 2417 524 2449 quam
549 2405 838 2449 provisionibus,
866 2412 899 2437 et
925 2404 984 2437 fiat
1005 2405 1141 2437 mentio
1171 2405 1269 2449 quod
1300 2417 1363 2450 per
1392 2406 1628 2450 equitatorem
1653 2406 1791 2450 regium
1816 2405 1885 2437 sibi
1907 2406 2135 2450 scripsimus.

354 2503 470 2525 Minuta
486 2502 569 2525 chart.
587 2502 612 2524 in
628 2502 705 2525 Arch.
723 2506 775 2525 nat.
794 2503 888 2531 Paris„
904 2503 926 2525 M
942 2504 993 2531 65¹²,
1012 2503 1043 2525 11ῑὸ
1059 2503 1085 2525 21
1099 2506 1125 2525 et
1136 2503 1173 2526 22.
1191 2503 1218 2525 In
1233 2507 1261 2525 n0
1274 2503 1302 2525 22⁷.
1315 2506 1400 2525 exstat
1415 2503 1493 2525 etiam
1509 2502 1622 2526 'minuta
1639 2502 1766 2533 epistolae
1789 2502 1822 2524 ad
1838 2502 1953 2527 nuntios.
1966 2502 2061 2533 quibus
2075 2503 2140 2525 Uni-

261 2547 373 2569 versitas
390 2547 483 2569 scribit
498 2555 525 2569 se
542 2547 646 2569 misisse
662 2547 695 2569 ad
711 2555 807 2577 papam
824 2547 964 2578 epistolam
981 2555 991 2570 ‹(
1008 2547 1210 2578 Expectavimus
1228 2556 1249 2570 ».
1267 2547 1371 2570 Nuntiis
1386 2547 1515 2569 incumbit
1532 2547 1602 2577 apud
1619 2555 1716 2577 papam
1733 2550 1757 2569 et
1771 2547 1918 2569 cardinales
1935 2547 2023 2569 onmia
2040 2550 2137 2578 puncta

263 2591 397 2622 prosequi,
414 2591 492 2614 etiam
506 2591 640 2614 abhatiam
656 2591 693 2622 [S.
713 2591 888 2623 Theodorici}
905 2592 1036 2619 Quantum
1054 2593 1086 2614 ad
1106 2592 1232 2622 temporis
1250 2595 1337 2614 notam
1352 2592 1404 2615 vid.
1422 2596 1474 2614 not.
1492 2594 1515 2614 ϋ.

360 2684 384 2709 1.
400 2685 497 2715 Nempe
511 2684 560 2707 sub
575 2684 714 2707 Benedicto
726 2685 793 2707 Xlll.
805 2699 835 2702 —
848 2684 873 2709 2.
885 2686 903 2708 l.
918 2693 940 2708 e.
958 2694 969 2707 «
984 2690 1011 2707 νῦ
1024 2686 1077 2708 kal.
1093 2685 1165 2707 Junii
1181 2694 1203 2715 ›>,
1216 2694 1266 2716 quo
1283 2685 1386 2708 rotulus
1404 2685 1550 2707 3.]011311110
1562 2685 1640 2707 xxm
1658 2684 1778 2715 signatus
1793 2688 1840 2707 est.
1858 2685 1912 2707 vid.
1928 2685 2037 2714 1101890,
2050 2688 2102 2707 not.
2116 2686 2137 2707 7.

264 2743 294 2747 —-
306 2729 330 2753 3.
347 2729 453 2756 Quinto.
470 2742 500 2746 —
514 2729 539 2753 4.
557 2729 697 2759 Sequentia
714 2737 796 2760 usquc
813 2738 823 2751 (1
840 2730 1015 2752 contentando
1031 2738 1041 2752 11
1063 2733 1167 2752 exstant
1190 2730 1215 2752 in
1238 2734 1266 2751 n⁰
1289 2731 1326 2752 22.
1344 2743 1370 2746 —
1387 2729 1411 2753 5.
1430 2730 1464 2752 Ι)0
1488 2730 1536 2751 hoc
1556 2729 1581 2751 in
1602 2731 1730 2755 Auctar.,
1746 2729 1778 2757 ll,
1795 2737 1821 2759 p.
1843 2730 1882 2757 88,
1906 2729 1944 2755 1⁷1,
1966 2733 1991 2751 et
2010 2730 2049 2759 92,
2066 2730 2089 2758 [1,
2106 2730 2138 2752 ad

265 2782 306 2797 an.
324 2775 394 2805 1410,
411 2773 512 2800 Octob.v
530 2774 605 2799 NOV..
623 2773 719 2803 agitur.
743 2787 773 2791 —
788 2773 811 2797 6.
830 2774 867 2796 Ita
889 2774 1032 2805 corrigitur
1051 2783 1133 2802 error,
1159 2774 1184 2796 111
1207 2782 1284 2805 (1110111
1307 2777 1427 2796 auctores
1451 2774 1586 2804 hucusque
1610 2777 1735 2804 quantum
1759 2773 1791 2795 ad
1814 2781 1910 2795 annum
1934 2773 2026 2796 mortis
2051 2774 2138 2796 cardi-

266 2818 333 2841 nalis
349 2818 418 2841 Petri
435 2818 465 2840 de
479 2818 610 2848 Thureyo,
624 2818 664 2840 tit.
680 2819 706 2840 S.
724 2818 870 2848 Susannac,
886 2818 1044 2842 inciderunt.
1061 2819 1218 2841 Coxrfflmu
1232 2818 1334 2849 scribit,
1353 2822 1474 2841 constare
1491 2827 1503 2840 0
1520 2818 1613 2841 litteris
1630 2817 1762 2840 Benedicti
1782 2818 1839 2840 Xlll
1856 2826 1896 2841 un.
1915 2819 1984 2848 1¹117,
2002 2818 2084 2848 April.
2101 2819 2138 2845 16,

267 2863 297 2886 de
309 2863 430 2894 Thurcyo
446 2866 507 2886 tunc
523 2863 608 2885 adhuc
625 2862 731 2885 vixisse.
748 2863 837 2893 lpsum
854 2867 1000 2894 sequuntur
1016 2864 1132 2888 BALtzE.
1150 2864 1201 2887 Vil.
1218 2870 1284 2893 pap.
1299 2865 1395 2892 Auem,
1412 2864 1430 2891 I,
1447 2872 1473 2893 p.
1495 2863 1566 2890 1:351&
1584 2863 1747 2889 Cum-,ustum
1764 2863 1936 2892 Repertoz're,
1953 2866 2012 2890 etc.y
2026 2871 2052 2893 p.
2070 2864 2137 2886 183⁸.

266 2909 312 2930 Ast
327 2908 418 2930 Petrus
436 2907 466 2930 de
482 2908 603 2938 Thureyo
617 2907 671 2938 jam
692 2907 718 2929 in
738 2907 789 2930 fine
811 2907 872 2930 anni
894 2908 954 2930 1‘110
974 2908 1112 2930 defunctus
1131 2911 1179 2931 cst.
1196 2908 1387 2938 Argumentum
1404 2907 1612 2938 peremptorium
1634 2907 1744 2937 praebet
1763 2907 1876 2938 epistola
1898 2907 2026 2930 Johannis
2048 2908 2137 2931 XXIll.

391 2955 455 2971 ΜΕῊ
475 2953 570 2976 Chart.
595 2952 672 2976 Unic.
692 2952 786 2976 Paris.
805 2952 846 2974 lv.
1986 2952 2015 2974 26
