2502 3418
278 352 374 389 1419]
434 362 437 364 “
621 365 667 386 ΑΒ
704 365 808 386 ΑΝΝο
845 364 1131 386 MCCCLxxxxw
1167 363 1298 391 USQUE
1332 364 1380 384 An
1414 364 1551 385 ANNUM
1586 365 1790 386 mccccml.
2075 357 2139 389 359

368 438 392 463 1.
408 439 443 462 Ut
457 438 567 462 Carolus
583 439 625 468 Vl,
641 447 683 462 an.
699 439 768 467 1420,
785 438 868 469 April.
887 438 916 461 18
931 441 956 461 et
971 438 1009 465 25,
1026 437 1127 465 scribit,
1140 437 1215 468 juxta
1230 437 1417 460 Universitatis
1434 438 1567 469 querelam
1584 438 1723 469 supposita
1737 439 1924 462 Universitatis
1941 448 1955 461 a
1970 440 2072 463 duobus
2088 440 2140 463 cir-

273 483 338 506 citer
353 483 437 511 annis,
455 483 472 506 i.
493 491 514 512 e.
536 491 550 505 u
568 483 638 512 1418,
655 492 669 506 a
685 483 860 514 quartennriis
877 482 1128 513 constringebantur
1146 482 1178 504 ad
1199 485 1316 513 guetum,
1332 485 1381 505 etc.
1397 482 1449 505 Rex
1467 490 1508 505 an.
1530 482 1600 511 1418,
1619 482 1720 510 Octob.v
1736 491 1783 513 pcr
1803 483 1905 506 litteras
1927 487 2044 514 patentes
2063 486 2139 513 (nunc

274 528 396 557 amissas)
412 530 473 550 tunc
489 527 525 550 eis
546 528 577 550 de
596 527 645 550 hoc
666 527 836 558 privilegium
852 527 923 550 dedit
942 530 968 550 et
987 526 1074 549 omnia
1094 526 1237 557 privilegia
1259 527 1320 549 data
1340 526 1506 549 confirmavit
1529 526 1591 553 (vid.
1615 531 1643 549 n⁰
1659 527 1738 556 21:35).
1761 527 1930 558 Praepositus
1952 528 2035 551 Paris.
2056 528 2140 551 noluit

272 572 409 603 publicare
425 575 449 595 et
463 572 636 603 comprobare
653 572 712 595 illas
727 572 830 595 litteras
846 571 934 602 regias
953 578 995 594 un.
1012 571 1081 602 1418,
1098 574 1127 594 ut
1142 570 1283 593 ediscimus
1297 578 1310 593 e
1325 570 1420 593 litteris
1434 579 1476 594 un.
1493 571 1562 600 1420,
1579 571 1662 601 April.
1680 572 1708 593 18
1726 574 1751 594 et
1766 572 1804 594 25.
1820 585 1850 588 —-
1863 571 1887 596 2.
1903 572 1922 594 1.
1939 580 1961 595 e.
1978 572 2046 603 quod
2068 580 2140 595 arre-

273 619 342 639 stum
357 616 516 647 parlamenti
536 616 567 639 de
585 616 763 639 subtractione
783 615 932 639 collationis
950 615 1137 638 beneficiorum
1154 614 1240 638 Martii
1258 615 1288 637 1ss
1308 618 1453 645 revocetur,
1474 618 1499 638 et
1517 615 1695 638 revocatoriae
1718 615 1821 638 litterae
1844 616 1914 646 regis
1930 616 2061 646 Septemb,
2076 617 2090 638 9
2113 617 2138 639 in

272 661 438 692 pnrlamento
452 660 628 691 publicentur.
644 661 697 684 Hoc
713 660 810 691 partim
829 661 926 683 sactum
941 662 981 682 est
996 659 1083 682 Martii
1099 660 1127 682 31
1144 662 1169 682 et
1183 659 1267 690 April.
1284 659 1295 682 1
1313 668 1355 683 an.
1372 659 1442 682 1419.
1456 659 1514 682 Vid.
1531 659 1609 688 infra,
1623 662 1648 682 et
1665 668 1746 690 supra
1762 664 1790 682 n⁰
1804 660 1874 683 2109.
1887 673 1917 677 —
1931 660 1955 684 3.
1973 660 2029 683 Vid.
2047 664 2100 683 not.
2115 661 2137 685 1,

274 836 418 872 2122.
442 844 578 870 Facultas
595 844 755 870 medicinae
771 844 842 869 duos
859 844 1012 878 magistros
1025 852 1079 879 per
1091 847 1307 879 procuratorem
1323 843 1475 879 disputare
1488 845 1639 880 per-millii.

1477 936 1548 965 7419,
1565 936 1684 962 danuarii
1695 937 1720 965 3,
1736 936 1850 962 Parisiis.

357 1025 462 1056 Anno
484 1024 647 1068 predicto
670 1024 727 1056 die
758 1025 792 1056 2³
817 1024 976 1056 Januarii
1006 1024 1073 1056 fuit
1102 1023 1251 1056 facultas
1281 1023 1459 1056 medicine
1487 1030 1600 1056 mater
1627 1036 1703 1056 mea
1732 1025 1768 1056 in
1797 1025 1926 1057 Sancto
1956 1025 2136 1057 Maturino

269 1097 486 1135 congregata
515 1097 598 1135 post
627 1091 770 1123 missam
798 1090 976 1123 facultatis
1073 1091 1115 1123 ad
1148 1090 1433 1135 dispensandum
1457 1091 1500 1123 de
1522 1090 1831 1135 disputationibus
1852 1103 1931 1124 cum
1954 1092 2137 1136 magistris

267 1157 400 1190 Jacobo
419 1158 646 1201 Sacquespee
664 1163 699 1189 et
720 1157 879 1190 Roberto
897 1157 941 1189 de
964 1157 1094 1190 Sancto
1116 1157 1362 1190 Ger1nano¹...
1387 1157 1549 1190 Facultas
1570 1157 1793 1202 dispensavit
1868 1158 1964 1202 quod
1988 1165 2138 1202 possent

268 1224 452 1268 disputare
474 1235 539 1268 per
560 1230 830 1268 procuratorem
852 1230 912 1256 aut
933 1223 1182 1256 substitutum.

360 1321 505 1344 Comment.
522 1323 570 1345 suc.
587 1321 665 1350 med„
682 1321 700 1349 I,
712 1330 739 1352 p.
756 1322 810 1344 230.

359 1405 383 1429 1.
400 1405 467 1433 Quia
484 1413 494 1428 «
509 1408 584 1428 erant
599 1405 625 1428 in
641 1405 755 1428 exercitu
772 1405 844 1436 regio
859 1405 885 1428 in
900 1405 1037 1428 Pontisara
1051 1405 1090 1428 vel
1107 1405 1132 1427 in
1149 1404 1212 1427 villa
1226 1405 1380 1428 Belvacensi
1394 1413 1405 1427 ›>
1420 1405 1504 1435 (ibid.‚
1518 1414 1544 1436 p.
1561 1406 1625 1435 230).

266 1576 554 1612 2123.Ga1·0lns
577 1586 617 1619 VI,
637 1594 766 1611 annuens
784 1585 991 1621 supplicationi
1003 1586 1167 1621 praepositi
1180 1590 1367 1611 mercatorum
1382 1590 1408 1611 et
1423 1586 1523 1611 civium
1539 1587 1646 1620 Paris„
1663 1586 1779 1612 ordinat
1796 1586 1872 1622 quod
1889 1587 2064 1612 solummodo
2079 1588 2134 1613 veri

352 1634 499 1660 scholares
521 1634 646 1660 Parisiis
672 1639 877 1660 commorantes
901 1634 997 1669 ibique
1016 1634 1163 1660 studentes
1182 1639 1266 1669 gueto
1289 1635 1479 1670 custodiaque
1492 1640 1642 1670 portarum
1665 1639 1723 1661 tam
1741 1635 1852 1661 diurnis
1877 1645 1961 1671 quam
1987 1637 2132 1662 nocturnis

325 1680 327 1682 ’
354 1684 478 1719 exempti
491 1684 558 1710 sint.
577 1683 680 1710 Donne
693 1683 708 1710 a
728 1684 863 1710 Bcauvais
878 1684 903 1710 le
917 1689 944 1709 ve
957 1685 1026 1717 jour
1042 1684 1078 1710 de
1093 1684 1209 1710 Janvier
1227 1685 1284 1710 l’an
1299 1685 1335 1711 de
1357 1692 1439 1718 grace
1459 1685 1511 1710 mil
1527 1685 1617 1710 CCCC
1632 1686 1660 1711 et
1680 1685 1727 1710 dix
1746 1686 1821 1715 huit,
1838 1687 1866 1711 et
1880 1686 1915 1711 de
1933 1687 2029 1711 nostre
2044 1684 2132 1718 regne

353 1733 379 1758 le
394 1733 500 1758 xxxixc.
518 1742 531 1756 «
547 1733 588 1758 De
602 1734 628 1758 la
643 1733 735 1766 partie
752 1743 775 1758 n.

461 1774 464 1776 ’
1460 1769 1529 1797 1419,
1546 1770 1663 1795 damaris
1676 1770 1700 1798 5,
1716 1770 1846 1796 Bellovaci.

358 1817 481 1841 Ordon‘n.
498 1818 544 1840 des
558 1817 624 1845 rois,
642 1817 670 1845 X,
685 1818 738 1840 504.

263 1934 406 1971 2124.
430 1943 584 1969 Licentiati
605 1948 661 1969 tres
684 1944 712 1969 in
734 1944 886 1977 medicina,
908 1943 1033 1969 Micltacl
1047 1944 1082 1969 de
1098 1944 1278 1977 Msarclcesiis,
1298 1946 1428 1970 Costinus
1445 1945 1568 1970 Mileuert
1590 1949 1617 1970 el
1631 1945 1775 1970 Jolmnnes
1790 1945 1883 1970 Boetii
1900 1944 1935 1970 de
1955 1945 2056 1975 Dacia,
2080 1946 2128 1980 qui

350 1996 414 2017 tunc
429 1992 528 2018 illicite
538 1993 752 2028 practicabant,
768 2002 782 2018 «
795 1993 928 2018 summati
940 2002 955 2019 »
968 1996 1066 2027 fucere
1078 1993 1224 2029 principia
1240 2003 1294 2019 suu
1302 1994 1390 2029 juxta
1404 1995 1525 2028 formam
1537 1995 1650 2027 statuti,
1667 1993 1840 2029 respondent
1853 2003 1883 2019 se
1898 2003 1951 2019 non
1967 1994 2127 2027 incepturos

350 2045 505 2076 antequam
520 2045 647 2077 tempora
664 2041 783 2067 meliora
798 2044 882 2076 fiant.

1475 2079 1544 2108 7479,
1561 2079 1679 2105 danuam?
1689 2080 1711 2109 7,
1727 2079 1842 2106 Parisiis.

354 2125 499 2149 Comment.
514 2126 562 2149 fac.
579 2126 658 2155 med.,
676 2126 695 2155 Ι,
711 2135 738 2157 p.
755 2126 809 2149 231.

259 2243 628 2279 2125.Cancella1·i1cs
646 2253 785 2278 franciae
808 2254 836 2278 in
854 2262 968 2279 camera
984 2254 1161 2289 parlamenti
1179 2263 1274 2279 coram
1295 2253 1442 2290 deputatis
1464 2254 1662 2280 Unirersitalis
1677 2254 1802 2289 aliisque
1818 2254 1942 2289 eacponit,
1967 2263 2055 2288 quaro
2075 2263 2126 2279 rex

349 2302 504 2335 Rotomago
517 2310 682 2328 succurrere
696 2311 750 2328 non
763 2303 898 2338 poluerit.

1461 2339 1528 2369 7479,
1544 2339 1660 2365 damaris
1674 2339 1709 2368 17,
1727 2339 1839 2364 Parisiis.

349 2425 464 2457 Mardi
497 2425 582 2469 xvij⁰
607 2426 693 2469 jour
724 2425 768 2458 de
803 2438 842 2458 ce
881 2426 973 2459 mois
1003 2426 1102 2469 [scil.
1130 2427 1325 2469 ιῘαηιιανίί]
1355 2427 1476 2459 furent
1511 2426 1712 2459 assemblez
1744 2438 1788 2459 en
1818 2426 1849 2459 la
1879 2426 2048 2458 chambre
2079 2426 2123 2459 de

259 2491 460 2536 parlement
484 2491 538 2524 les
567 2492 760 2536 presidens
791 2499 824 2525 et
856 2493 1087 2526 conseilliers
1108 2494 1180 2526 des
1212 2494 1300 2526 trois
1329 2493 1518 2526 ehambres
1547 2493 1590 2525 dc
1620 2493 1832 2538 parlement,
1862 2493 1894 2525 le
1925 2500 2067 2525 recteur
2090 2500 2124 2525 et

258 2558 411 2603 deputes
429 2559 471 2591 de
490 2558 738 2598 l'Universite‚
756 2559 789 2591 le
807 2567 955 2604 prevost
972 2560 1036 2593 des
1054 2560 1255 2602 marchans,
1275 2560 1468 2593 eschevins
1486 2567 1519 2592 et
1541 2560 1725 2605 plusieurs
1741 2559 1941 2604 bourgeois
1958 2560 2122 2592 notables

257 2625 301 2658 de
322 2625 354 2657 la
370 2625 455 2658 ville
477 2625 521 2658 de
543 2626 643 2658 Paris
664 2626 865 2658 assemblez
888 2639 950 2671 par
966 2627 1226 2660 l’ordonnance
1249 2627 1292 2660 de
1314 2627 1577 2671 monseigneur
1597 2627 1630 2659 le
1652 2626 1871 2668 chancelicr,
1895 2627 1955 2671 qui
1982 2627 2124 2659 survint

256 2704 302 2724 ou
325 2692 464 2724 conseil
485 2699 571 2724 tenu
589 2704 633 2724 en
654 2692 764 2725 ladite
780 2692 963 2734 chambre,
983 2701 1016 2726 et
1036 2706 1121 2726 avec
1142 2694 1203 2738 luy
1219 2694 1252 2726 16
1270 2694 1341 2726 sire
1360 2694 1544 2738 d'Autr0y‚
1564 2693 1596 2725 le
1614 2693 1819 2725 chancelier
1835 2693 1879 2725 de
1900 2694 2121 2738 Bourgogne

257 2765 291 2791 et
318 2758 465 2791 maistre
496 2759 619 2791 Pierre
649 2759 820 2791 Cauchon
848 2771 1006 2805 envoyez
1037 2763 1054 2793 ἐι
1084 2761 1184 2793 Paris
1214 2760 1258 2793 de
1289 2772 1351 2805 par
1378 2760 1411 2792 le
1434 2772 1497 2805 roy
1523 2767 1557 2792 et
1583 2760 1616 2792 le
1639 2759 1707 2792 duc
1733 2759 1776 2792 de
1804 2761 2037 2804 Bourgogne⁷
2061 2760 2121 2805 qui

256 2825 509 2858 retournoient
529 2825 573 2857 de
596 2827 759 2858 Beauvcs
782 2838 844 2870 par
865 2826 955 2859 aller
975 2829 993 2859 ἐι
1014 2827 1184 2871 Laigny¹.
1210 2829 1251 2859 Et
1272 2827 1350 2859 eulz
1371 2827 1464 2859 ainsi
1490 2825 1705 2867 assemblez,
1731 2825 1763 2858 le
1784 2826 1991 2859 chaneelier
2012 2827 2121 2859 recita

257 2903 301 2924 en
323 2892 427 2924 effect
448 2899 550 2924 entre
572 2892 756 2936 plusieurs
778 2892 924 2933 choses.
943 2900 1123 2926 comment
1144 2894 1176 2926 la
1198 2900 1300 2926 court
1322 2893 1366 2925 de
1388 2892 1600 2937 parlement,
1619 2893 1867 2933 l'Universite,
1884 2893 1938 2925 les
1960 2901 2118 2938 prevost.
