2502 3418
435 283 479 315 88
1018 295 1334 317 ann'ruLAniUM
1362 296 1552 317 UNIVERS.
1590 296 1718 318 rmus.
2199 285 2297 321 [1403

523 368 650 393 Johanni
665 368 731 397 Piri,
750 369 845 401 presb.
863 377 939 402 mag.
957 370 988 395 in
1005 371 1071 399 art..
1089 370 1140 403 qui
1156 378 1207 403 per
1223 370 1356 404 quinque
1370 378 1462 396 annos
1477 371 1616 397 continue
1634 371 1663 396 in
1682 379 1702 397 s.
1720 371 1826 404 pagina
1841 371 1964 397 Parisius
1982 372 2095 398 studuit
2110 373 2138 398 et
2159 372 2298 399 continue

434 417 542 446 studet,
559 417 594 442 de
610 424 673 443 can.
689 418 756 443 eccl.
773 418 957 444 Turonensis.

525 466 608 491 Petro
622 466 658 492 de
674 466 787 495 Landis,
802 474 877 499 mag.
894 467 925 492 in
937 468 991 492 art.
1009 467 1220 493 Cenomanens.
1236 468 1310 493 dioc.

524 515 632 540 llerveo
648 515 766 547 Urgoez,
784 515 851 541 cler.
867 515 1006 541 Leonens.
1024 516 1110 545 dioc..
1126 524 1203 549 mag.
1218 516 1249 542 in
1261 518 1315 542 art.
1333 518 1361 542 et
1375 517 1439 542 scol.
1456 517 1486 541 in
1501 517 1578 542 decr.
1597 517 1729 542 Parisius.

523 563 650 589 Johanni
665 564 784 596 Urgoez,
801 564 867 590 cler.
884 564 1021 590 Leonens.
1037 565 1124 594 dioc.‚
1142 573 1218 598 mag.
1236 566 1267 590 in
1282 567 1335 590 art.
1353 573 1384 591 ac
1400 565 1476 591 stud.
1494 565 1524 590 in
1540 566 1628 591 theol.

523 612 650 638 Johanni
667 613 805 641 Parentis.
822 613 950 639 subdiac.
968 614 1129 639 Belvacens.
1146 614 1220 639 dioc.

523 661 614 687 Yvoni
630 661 761 691 Rolandi‚
773 662 839 687 cler.
853 662 1031 688 Macloviens.
1046 663 1132 692 dioc.‚
1145 670 1221 696 mag.
1235 663 1266 688 in
1280 664 1335 688 art⁴
1350 663 1435 689 Paris.
1448 664 1477 689 et
1492 663 1553 688 bac.
1571 663 1600 688 iu
1616 663 1671 696 leg.
1687 663 1856 697 Andegavis,
1869 664 1904 690 de
1919 664 2010 690 nobili
2022 673 2127 698 genere
2138 667 2296 699 procreato.

523 710 649 736 Johanni
665 710 768 739 Corne,
785 718 847 736 can.
865 711 1004 744 prebend.
1021 712 1088 737 eccl.
1106 711 1321 744 Corisopitens.,
1337 720 1414 745 mag.
1431 712 1461 737 in
1475 713 1527 737 art.
1546 713 1574 737 et
1590 712 1649 738 bac.
1666 712 1772 745 injure
1785 720 1848 738 can.

524 759 647 785 Oliverio
665 759 701 785 de
721 759 868 789 Karhalos,
893 759 1020 786 subdiac.
1038 760 1217 786 Macloviens.
1239 760 1325 789 dioc.,
1343 768 1420 793 mag.
1442 761 1472 786 in
1489 762 1555 790 art.‚
1573 761 1649 786 stud.
1668 761 1790 787 Pal-isius
1812 761 1842 787 in
1858 762 1934 788 decr.
1948 764 1977 788 et
1998 762 2050 796 qui
2070 763 2101 788 in
2120 763 2206 789 tertio
2220 771 2299 790 anno

435 807 592 846 auditionis
604 815 654 833 sue
669 808 699 833 in
715 807 822 833 eisdem
838 808 941 834 extitit.

525 856 686 882 Guillermo
701 856 741 882 du
757 857 890 889 Plesseys.
907 857 973 882 cler.
989 857 1200 883 Cenomanens.
1218 857 1304 886 dioc.,
1319 865 1397 890 mag.
1414 858 1445 883 in
1460 860 1514 885 art.

523 905 583 931 Ade
602 905 638 930 de
658 905 774 934 Sahurs,
797 905 890 938 presb.
912 906 1123 932 Cenomanens.
1145 906 1231 936 dioc,
1248 914 1325 939 mag.
1343 907 1373 932 in
1388 908 1442 932 art.
1460 907 1496 932 ab
1516 907 1654 933 undecim
1676 908 1761 933 annis
1780 909 1808 934 et
1830 908 1907 934 ultra
1921 909 2110 943 studentique
2125 910 2248 936 Parisius
2267 910 2299 936 in

435 954 487 980 fac.
516 954 616 983 theol,
642 956 742 979 curato
766 954 898 987 parroch.
924 955 991 981 eccl.
1017 955 1111 981 Sancti
1135 955 1211 981 Beati
1233 955 1268 981 de
1293 955 1425 989 Spedona
1451 956 1620 983 Carnotcns.
1648 956 1735 985 dioc..
1758 958 1787 982 et
1808 965 1871 983 can.
1895 957 2034 991 prebend.
2058 959 2125 985 eccl.
2151 959 2300 992 collegiate

436 1002 462 1028 S.
480 1002 585 1028 Macuti
598 1003 633 1029 de
648 1003 734 1028 Barro
750 1010 836 1036 super
851 1003 955 1028 Albam
968 1003 1143 1037 Lingonens.
1160 1004 1233 1030 dioc.

524 1051 637 1077 Matheo
652 1051 687 1077 de
704 1052 801 1081 Bosco,
823 1051 949 1078 subdiac.
968 1052 1179 1079 Cenomanens.
1196 1053 1281 1082 dioc„
1299 1061 1374 1086 mag.
1394 1054 1424 1079 in
1440 1055 1494 1079 art.
1512 1054 1563 1087 qui
1585 1054 1614 1079 in
1631 1055 1683 1080 sac.
1704 1055 1791 1081 theol.
1810 1063 1861 1088 per
1876 1055 2010 1089 quinque
2029 1064 2121 1083 annos
2136 1057 2250 1083 studuit
2270 1058 2300 1084 et

435 1099 532 1125 adhuc
545 1100 651 1126 studet.

524 1148 651 1174 Johanni
666 1148 701 1174 de
716 1149 804 1178 Colle,
821 1149 888 1175 cler.
903 1149 1115 1176 Cenomanens.
1130 1150 1216 1179 dioc..
1234 1159 1310 1184 mag.
1328 1151 1358 1176 iu
1372 1153 1425 1176 art.
1442 1151 1473 1177 in
1489 1160 1509 1178 s.
1528 1152 1633 1185 pagina
1649 1152 1725 1178 stud.

524 1197 684 1223 Guillermo
705 1196 873 1227 Roucelliffl,
891 1198 1018 1225 subdiac.
1036 1199 1246 1225 Cenomanens.
1263 1200 1349 1228 dioc..
1366 1208 1443 1233 mag.
1462 1201 1493 1226 in
1508 1202 1561 1228 art.
1577 1201 1629 1234 qui
1643 1201 1679 1227 de
1699 1203 1765 1234 post
1779 1210 1826 1228 sex
1846 1210 1937 1228 annos
1952 1203 1982 1228 in
1998 1211 2019 1228 s.
2037 1204 2142 1237 pagina
2160 1203 2300 1231 continue

436 1245 548 1271 studuit
563 1247 591 1272 et
606 1246 702 1272 adhuc
717 1246 752 1272 de
767 1247 893 1279 presenti
908 1247 1015 1277 studet,
1032 1249 1133 1274 curato
1146 1248 1213 1274 eccl.
1229 1249 1361 1282 parroch.
1381 1249 1407 1275 S.
1427 1249 1537 1282 vigoris
1551 1250 1586 1276 (le
1598 1250 1707 1283 Nigello
1723 1251 1849 1284 predicte
1864 1251 1938 1279 dioc.

519 1294 657 1320 Aull'redo
673 1295 766 1325 Saisiz‚
783 1296 876 1328 presb.
893 1296 1095 1329 Corisopitens.
1113 1296 1199 1326 dioc..
1213 1305 1289 1330 mag.
1305 1298 1335 1323 in
1350 1300 1403 1323 art.
1421 1300 1450 1324 et
1463 1298 1508 1324 lic.
1524 1299 1553 1324 in
1570 1300 1628 1326 utr.
1643 1300 1719 1333 jure.

520 1343 647 1369 Johanni
662 1344 764 1374 Buorz,
782 1352 859 1377 mag.
874 1344 905 1370 in
919 1346 973 1370 art.
988 1346 1017 1371 et
1029 1345 1074 1371 lic.
1089 1345 1120 1371 in
1133 1345 1222 1375 decr..
1239 1346 1332 1379 presb.
1349 1347 1488 1373 Leonens.
1505 1347 1578 1374 dioc.

521 1392 647 1418 Johanni
661 1393 789 1422 Evenon,
804 1393 911 1426 presb..
928 1401 1005 1426 mag.
1020 1394 1051 1419 in
1067 1396 1133 1424 art„
1150 1395 1255 1420 vicario
1267 1397 1410 1428 perpetuo
1423 1396 1574 1422 vicariatus
1588 1397 1618 1422 B.
1634 1397 1709 1423 Petri
1722 1397 1752 1423 iu
1767 1398 1835 1424 eccl.
1854 1398 2003 1425 Leonensi.

520 1441 681 1467 Guillermo
696 1441 732 1467 de
745 1442 946 1475 Kaergroezez,
959 1450 1036 1475 mag.
1055 1443 1085 1468 in
1101 1445 1154 1468 art.
1170 1445 1198 1469 et
1211 1444 1256 1469 lic.
1274 1444 1382 1477 injure
1397 1452 1460 1470 can.

520 1490 647 1516 Johanni
662 1490 767 1519 Militis,
782 1491 847 1516 cler.
864 1491 1027 1518 Trecorens.
1045 1491 1132 1521 dioc„
1149 1492 1179 1517 in
1195 1494 1249 1518 art.
1264 1500 1341 1526 mag.
1357 1495 1385 1519 et
1399 1494 1430 1519 in
1445 1494 1499 1527 leg.
1516 1494 1561 1520 lic.

520 1539 680 1565 Bertrando
694 1539 730 1565 de
741 1539 931 1568 Rosmadeuc.
948 1547 1025 1573 mag.
1042 1540 1073 1566 in
1089 1543 1143 1566 art.
1161 1543 1188 1567 et
1204 1541 1248 1567 lic.
1266 1542 1296 1567 in
1310 1542 1365 1576 leg.
1382 1550 1422 1568 ac.
1440 1543 1502 1569 bac.
1518 1543 1548 1569 in
1560 1544 1627 1577 jure
1642 1551 1706 1571 can.

521 1587 676 1621 Radulpho
692 1588 754 1617 Edi,
771 1588 838 1614 cler.
854 1589 992 1614 Leonens.
1010 1589 1097 1618 dioc..
1114 1597 1191 1623 mag.
1209 1590 1240 1615 in
1255 1592 1309 1616 art.

520 1636 648 1662 Johanni
664 1637 760 1666 Floch,
779 1637 916 1664 Leonens.
934 1637 1007 1664 dioc.
1024 1638 1131 1671 presb,
1146 1646 1223 1672 mag.
1239 1639 1270 1664 in
1285 1641 1339 1666 art.

523 1685 611 1710 Alano
629 1685 765 1718 quuelli,
782 1686 849 1712 cler.
867 1686 1039 1712 Nannetens.
1057 1687 1138 1720 dioc„
1154 1695 1231 1721 mag.
1249 1688 1279 1713 in
1293 1690 1347 1714 art.
1366 1690 1394 1715 et
1410 1689 1469 1715 bac.
1488 1690 1518 1715 in
1534 1690 1603 1724 leg..
1617 1692 1684 1717 actu
1700 1691 1807 1724 legenti
1823 1691 1853 1717 in
1869 1693 1996 1718 secundo
2012 1693 2162 1720 volumine
2176 1702 2227 1721 sue
2241 1694 2300 1721 lec-

438 1734 512 1759 ture.

522 1783 629 1809 llerveo
645 1783 761 1812 Mathie‚
778 1783 905 1810 subdiac.
922 1784 1062 1811 Leonens.
1078 1785 1164 1815 dioc.‚
1182 1794 1261 1819 mag.
1277 1786 1308 1812 in
1323 1789 1376 1813 art.
1392 1795 1424 1813 ac
1439 1787 1500 1814 bac.
1515 1788 1546 1814 in
1562 1789 1652 1815 theol.

522 1831 645 1858 Oliverio
667 1832 850 1862 Constantin,
868 1833 1009 1859 Briocens.
1032 1834 1118 1863 dioc,
1135 1842 1213 1868 mag.
1228 1835 1258 1860 in
1274 1837 1327 1861 art.
1349 1838 1378 1862 et
1393 1836 1454 1862 bac.
1469 1837 1499 1862 in
1515 1837 1570 1870 leg.
1587 1838 1618 1863 in
1633 1838 1760 1865 secundo
1775 1846 1854 1865 anno
1867 1840 1977 1866 lecture
1991 1848 2042 1866 sue
2055 1841 2086 1866 in
2102 1841 2157 1875 leg.
2174 1841 2206 1867 in
2221 1841 2298 1868 stud.

437 1880 647 1913 Andegavensi.

521 1929 649 1955 Johanni
665 1930 765 1958 Beiini,
783 1930 875 1963 presb.
891 1938 968 1964 mag.
985 1931 1015 1956 in
1031 1933 1086 1958 art.
1103 1932 1139 1957 ab
1152 1932 1218 1966 xviij
1233 1933 1317 1959 annis
1328 1933 1399 1960 citra
1414 1934 1628 1961 Cenomanens.
1645 1936 1719 1962 dioc.

523 1978 661 2004 Gausrido
673 1978 709 2004 de
720 1979 746 2004 S.
762 1979 863 2008 Cirieo.
880 1979 952 2005 diac.
968 1980 1145 2006 Maeloviens.
1161 1982 1246 2011 dioc.v
1264 1990 1341 2016 mag.
1358 1983 1389 2009 in
1403 1985 1456 2009 art.
1474 1986 1502 2010 et
1517 1984 1578 2010 bac.
1596 1984 1626 2010 in
1641 1985 1717 2011 decr.
1733 1985 1763 2011 in
1780 1986 1876 2019 primo
1891 1994 1970 2012 anno
1985 1987 2095 2014 lecture
2110 1995 2170 2015 sue.

522 2027 634 2067 Nicolao
650 2027 859 2057 Manducantis.
876 2029 969 2061 presb.
992 2029 1203 2056 Cenomanens.
1221 2031 1307 2061 dioc..
1324 2040 1402 2065 mag.
1420 2033 1450 2058 in
1465 2035 1533 2062 art.,
1547 2035 1648 2059 curato
1663 2035 1730 2060 eccl.
1748 2036 1881 2068 parroch.
1899 2036 1935 2061 de
1949 2036 1974 2062 S.
1993 2037 2118 2062 Bomaro
2133 2037 2210 2064 dicte
2223 2037 2298 2065 dioc.

524 2075 676 2109 Radulpho
689 2077 807 2105 Juhelli‚
823 2077 995 2103 Nanuetens.
1010 2078 1096 2111 dioc„
1115 2087 1193 2112 mag.
1210 2080 1241 2105 in
1256 2082 1309 2106 art.
1327 2089 1359 2107 ac
1374 2081 1435 2107 bac.
1451 2082 1483 2108 in
1499 2082 1554 2115 leg.
1571 2082 1602 2108 in
1618 2083 1745 2109 secundo
1761 2091 1839 2110 anno
1856 2084 1966 2111 lecture
1982 2093 2033 2111 sue
2047 2086 2078 2111 in
2091 2086 2189 2113 studio
2200 2086 2300 2114 Ande-

434 2131 559 2156 gavensi.

524 2173 680 2206 Radulpho
692 2174 728 2200 de
742 2174 878 2203 Chemin,
892 2175 1020 2201 subdiac.
1035 2176 1247 2204 Cenomanens.
1263 2178 1348 2208 dioc..
1366 2186 1443 2212 mag.
1460 2179 1491 2205 in
1506 2181 1560 2206 art.

523 2222 651 2248 Johanni
666 2223 785 2256 Tirogis‚
799 2223 866 2249 cler.
881 2223 1092 2251 Cenomanens.
1109 2226 1194 2255 dioc..
1213 2234 1289 2259 mag.
1306 2227 1335 2253 in
1351 2230 1406 2254 art.

523 2271 650 2296 Johanni
665 2272 788 2305 Anglici,
804 2272 897 2305 presb.
915 2273 1126 2300 Cenomanens.
1143 2275 1229 2305 dioc,
1247 2284 1324 2309 mag.
1340 2277 1370 2302 in
1385 2279 1453 2306 art..
1465 2277 1495 2303 in
1510 2279 1568 2305 utr.
1578 2279 1646 2312 jure
1661 2279 1733 2307 bac..
1749 2279 1800 2312 qui
1815 2287 1867 2313 per
1882 2288 1996 2305 annum
2011 2288 2080 2306 cum
2095 2281 2219 2308 dimidio
2231 2290 2301 2309 con-

436 2319 560 2345 tinuavit
574 2320 715 2346 lecturam
731 2321 762 2346 in
777 2321 844 2354 leg..
861 2324 962 2347 curato
978 2324 1109 2355 parroch.
1127 2325 1194 2350 eccl.
1212 2325 1242 2350 B.
1261 2326 1345 2351 Mai-ie
1359 2326 1395 2352 de
1409 2326 1536 2360 Floreyo.

523 2368 650 2394 Johanni
668 2370 825 2402 Tennegot,
841 2370 1051 2397 Cenomanens.
1067 2372 1141 2398 dioc.
1156 2374 1263 2406 presb,
1282 2374 1313 2400 iu
1329 2377 1388 2401 utr.
1401 2376 1469 2408 jure
1483 2376 1528 2402 lic.
1545 2378 1574 2402 et
1588 2376 1683 2410 rIgore
1703 2377 1812 2410 publici
1827 2378 1967 2404 examinis
1984 2386 2062 2412 mag.
2078 2379 2110 2404 in
2122 2381 2177 2406 art.
2192 2381 2221 2406 et
2234 2380 2300 2406 offi-

436 2417 499 2443 ciali
513 2417 649 2451 Sagiensi‚
664 2419 715 2452 qui
731 2419 761 2444 in
777 2427 797 2445 s.
816 2419 920 2452 pagina
936 2428 987 2453 per
1002 2421 1088 2453 longa
1103 2423 1235 2455 tempora
1249 2424 1371 2450 studuit.

524 2467 651 2492 Johanni
665 2467 700 2493 de
716 2468 822 2501 Burgo,
839 2469 932 2501 presb.
951 2469 1162 2497 Cenomanens.
1179 2472 1265 2501 dioc..
1280 2480 1357 2506 mag.
1376 2473 1407 2498 in
1419 2475 1485 2503 art.‚
1499 2474 1544 2500 lic.
1557 2474 1587 2500 in
1602 2474 1657 2508 leg.
1675 2476 1703 2501 et
1719 2475 1779 2501 bac.
1794 2475 1825 2501 in
1838 2476 1915 2502 decr.
1933 2476 2027 2509 rigore
2042 2477 2192 2503 examinis.

529 2515 675 2548 Stephano
690 2517 833 2546 Boetardi,
850 2517 944 2550 presb.
962 2518 1142 2545 Maeloviens.
1158 2520 1244 2550 dioc..
1262 2529 1339 2555 mag.
1357 2522 1386 2547 in
1403 2524 1457 2548 art.

528 2564 635 2590 llerveo
650 2565 788 2598 llugueti,
804 2566 931 2592 subdiac.
949 2567 1122 2598 Rationem,
1140 2577 1216 2602 mag.
1235 2570 1265 2595 in
1280 2572 1334 2596 art.
1349 2573 1377 2596 et
1393 2571 1453 2597 bac.
1470 2572 1501 2598 in
1517 2572 1572 2605 leg.
1587 2572 1617 2598 in
1632 2572 1718 2598 tertio
1732 2580 1811 2599 anno
1827 2574 1937 2600 lecture
1949 2582 2009 2601 sue.

525 2613 652 2638 Johanni
668 2614 822 2644 Burreche,
839 2615 933 2648 presb.
951 2615 1161 2643 Cenomanens.
1177 2619 1262 2648 dioc..
1285 2627 1363 2653 mag.
1386 2620 1417 2646 in
1432 2622 1498 2651 art.‚
1518 2623 1618 2647 curato
1642 2622 1775 2655 parroch.
1800 2623 1867 2648 eccl.
1892 2623 1918 2649 S.
1945 2623 2086 2650 Johannis
2108 2624 2145 2650 de
2166 2624 2301 2658 Serazeyo

438 2661 584 2694 Bajocens.
599 2662 672 2688 dioc.

529 2710 661 2736 Gervasio
677 2711 743 2741 Piri,
759 2712 825 2738 cler.
843 2712 1053 2740 Cenomanens.
1070 2715 1156 2745 dioc.‚
1173 2724 1250 2749 mag.
1268 2717 1298 2743 in
1314 2720 1367 2743 art.

527 2758 650 2785 Oliverio
664 2760 773 2790 Acerbi‚
790 2762 884 2794 presb.
900 2763 1063 2789 Trecorens.
1081 2764 1166 2794 dioc..
1185 2774 1260 2798 mag.
1278 2767 1308 2792 in
1323 2769 1376 2793 art.
1394 2769 1422 2793 et
1437 2768 1513 2793 stud.
1531 2769 1561 2794 in
1574 2769 1650 2795 decr.

527 2808 617 2833 Yvoni
633 2808 761 2839 Audren,
779 2818 856 2844 mag.
874 2811 905 2836 in
920 2813 974 2837 art.
992 2814 1020 2837 et
1034 2812 1079 2838 lie.
1097 2813 1207 2847 injure
1219 2823 1282 2840 can.
