2502 3418
395 343 460 375 250
973 351 1290 374 CHARTULARlUM
1326 350 1517 372 UNIVERS.
1554 350 1683 372 PARlS.
2171 336 2270 372 [1412

399 427 497 471 pacis
520 426 792 471 transigendum
816 426 1078 471 nosmetipsos,
1102 426 1266 458 fortunas
1292 431 1436 457 nostras
1462 431 1497 457 et
1516 423 1661 456 labores
1687 423 1888 460 offerimus,
1913 424 1949 455 in
1975 435 2047 467 quo
2069 435 2113 455 ne
2134 422 2270 467 aliquid

399 500 562 538 tempore
583 493 719 526 nostris
742 493 839 525 curis
859 493 1107 525 intermissum
1130 492 1329 532 videretur,
1348 491 1400 524 sic
1421 491 1577 535 egimus.
1600 492 1686 523 Nam
1709 502 1802 522 anno
1825 490 1997 534 preterito
2019 489 2269 522 ambassiatam

399 572 504 593 unam
527 560 571 592 ad
593 561 719 593 Scotos
745 560 942 600 misimusb,
965 571 1034 604 que
1059 560 1160 603 ipsos
1181 559 1223 591 ad
1246 570 1368 603 pacem
1389 557 1539 590 multum
1557 557 1701 589 videtur
1717 556 1959 601 disposuisse,
1978 563 2013 589 et
2032 556 2122 589 adeo
2143 563 2182 589 ut
2196 557 2268 601 jam

400 639 495 659 unus
512 627 832 672 solempnissimus
853 626 1014 671 prelatus
1036 626 1122 658 dicti
1144 625 1262 670 regni,
1281 636 1382 657 sacre
1408 623 1593 668 theologie
1615 623 1754 663 doctor,
1777 629 1901 655 contra
1927 634 2086 655 errorem
2109 623 2205 656 Petri
2226 623 2270 656 de

400 695 498 726 Luna
525 700 559 726 et
588 706 651 738 pro
681 693 835 726 ecclesie
858 699 980 726 sancte
1006 692 1219 725 obediencia
1248 690 1556 724 determinaverit.
1578 689 1702 722 Altera
1728 696 1827 734 parte
1855 701 1920 734 per
1940 689 2138 723 nonnullos
2162 689 2271 734 hujus

401 761 503 805 regni
530 761 672 793 visitate
694 767 779 793 sunt
798 760 958 804 Yspanie
985 766 1052 791 tam
1081 759 1117 791 in
1143 757 1300 791 Castella
1329 769 1434 802 quam
1460 756 1680 801 Arrogonia,
1703 763 1735 789 et
1761 756 1916 801 amplius
1939 763 2055 790 actum
2077 757 2270 798 extitisset,

400 827 469 859 nisi
492 827 621 860 domus
644 826 792 859 Francie
819 838 902 859 seva
928 825 1112 858 dissencio
1134 836 1230 857 nunc
1257 825 1332 856 Deo
1353 823 1499 856 volente
1525 822 1665 856 sublata
1686 823 1838 856 multum
1859 823 2123 868 impedivisset.
2147 824 2270 868 Itaque

400 906 486 938 pace
508 895 602 926 inter
623 905 690 926 nos
712 893 840 937 adepta
862 892 1052 937 epistolaS,
1077 891 1232 924 nuncios
1254 897 1287 923 et
1310 890 1547 923 ambassiatas
1570 897 1603 923 et
1624 890 1795 923 universa
1818 890 1917 935 pacis
1944 890 2075 931 media,
2097 896 2270 935 quantum

399 961 503 993 datur
523 960 688 1000 facultas,
711 959 957 1004 disponimus,
980 959 1023 991 ad
1047 958 1115 990 hoc
1137 957 1362 991 sanctitatem
1385 963 1543 990 vestram
1566 957 1639 999 (cui
1661 957 1839 990 Dominus
1860 957 2025 1002 gratiam,
2042 957 2270 990 autoritatem

399 1034 435 1060 et
454 1034 668 1072 potestatem
692 1026 855 1069 donavit)
877 1025 1125 1058 adhortantes.
1156 1026 1203 1057 Ut
1228 1036 1315 1057 vero
1337 1030 1456 1057 cetera
1477 1024 1706 1057 commodius
1735 1024 1879 1057 tractari
1900 1024 2043 1057 valeant
2068 1030 2103 1057 et
2130 1023 2270 1069 perfici,

399 1101 552 1126 vestram
575 1093 802 1126 clementiam
831 1099 1011 1125 exoratam
1034 1091 1191 1125 velimus
1212 1098 1251 1124 ut
1271 1091 1477 1125 Consilium
1498 1091 1672 1136 generale
1698 1091 1842 1132 Grecis,
1866 1091 2066 1132 Alamanis,
2085 1090 2217 1136 Anglis
2237 1091 2271 1123 et

398 1161 528 1199 scotis,
547 1160 706 1205 Yspanis
728 1166 763 1192 et
782 1159 1042 1204 Arrogonibus
1063 1158 1306 1203 publicantes,
1325 1169 1526 1203 prorogare
1548 1158 1722 1203 dignetur
1737 1158 1779 1191 ad
1801 1170 2004 1203 congruum
2026 1165 2170 1203 tempus
2191 1169 2274 1203 per-

398 1227 633 1260 ficiendarum
655 1226 961 1271 publicationum3
985 1226 1071 1258 dein
1097 1225 1243 1258 consilii
1266 1231 1301 1258 et
1325 1224 1625 1258 ambassiatarum
1651 1225 1762 1270 hujus
1782 1225 1900 1271 regni,
1918 1225 2089 1270 quatinus
2115 1224 2145 1258 si
2172 1231 2272 1270 parte

474 1306 537 1339 pro
561 1306 655 1326 nunc
678 1293 966 1338 amplectendam
989 1293 1081 1325 hanc
1103 1304 1227 1337 pacem
1250 1304 1322 1325 non
1345 1292 1528 1334 duxerint,
1551 1292 1668 1325 saltim
1693 1292 1737 1325 ad
1758 1292 1963 1326 Consilium
1985 1292 2139 1325 mittant.

488 1363 526 1394 Et
549 1361 811 1393 nichilominus
832 1360 977 1393 interim
1001 1359 1175 1404 expedire
1200 1359 1404 1404 dignemini
1431 1359 1743 1404 supplicacionem
1771 1359 1883 1400 illam,
1911 1371 2016 1404 quam
2038 1359 2178 1392 tociens
2199 1366 2235 1392 et
2253 1371 2272 1392 a

396 1429 504 1461 tantis
531 1427 758 1472 temporibus
787 1427 953 1460 manibus
979 1433 1101 1460 vestre
1129 1426 1366 1459 beatitudinis
1387 1427 1631 1471 porreximus.
1655 1426 1957 1472 Supplicabamus
1978 1427 2072 1459 enim
2095 1433 2131 1459 et
2154 1425 2271 1459 adhuc

396 1494 645 1540 supplicamus
666 1501 700 1527 et
721 1506 786 1539 per
803 1494 1015 1539 magistrum
1038 1493 1239 1526 Johannem
1263 1494 1535 1538 Pergamenarii
1557 1500 1829 1538 procuratorem
1851 1494 2036 1526 nostrum⁵
2060 1492 2270 1535 scribimus,

396 1561 561 1594 ut'nobis
588 1562 808 1594 concederet
828 1568 948 1594 vestra
976 1561 1148 1593 sanctitas
1170 1561 1268 1605 quod
1298 1573 1363 1606 pro
1388 1561 1510 1594 causis
1536 1561 1641 1593 etiam
1670 1559 1964 1602 beneficialibus,
1986 1560 2063 1593 sive
2092 1559 2272 1594 inchoatis

396 1629 472 1662 sive
503 1628 735 1669 inchoandis,
767 1629 1032 1672 cujuscumque
1065 1627 1329 1672 magnitudinis
1362 1627 1620 1669 existentibus,
1652 1634 1750 1660 extra
1780 1639 1905 1660 muros
1938 1627 2166 1660 Parisienses
2198 1639 2272 1660 non

396 1695 633 1728 traheremur.
665 1695 804 1728 Deinde
832 1702 871 1727 ut
901 1694 1151 1740 privilegium,
1178 1695 1276 1739 quod
1308 1706 1419 1740 super
1446 1694 1514 1727 hoc
1544 1694 1735 1735 habemus,
1760 1694 1804 1727 de
1835 1694 1998 1727 uberiori
2028 1694 2125 1727 dono
2155 1693 2272 1739 gratie

395 1762 611 1795 confirmare
633 1762 890 1807 dignaremini.
920 1763 1000 1795 Non
1022 1762 1117 1794 enim
1147 1773 1275 1794 causas
1303 1761 1421 1795 solum
1451 1762 1539 1795 citra
1559 1768 1704 1795 centum
1727 1761 1854 1803 libras,
1880 1762 1946 1795 sed
1974 1773 2101 1794 omnes
2129 1760 2272 1793 indiffe-

397 1836 518 1862 renter
540 1836 748 1862 nostrorum
772 1829 1049 1873 suppositorum
1072 1828 1206 1861 remitti
1228 1828 1475 1873 postulamus3
1500 1841 1567 1862 nec
1592 1829 1754 1873 judicem
1782 1829 1819 1861 in
1843 1829 2068 1869 Avenione⁵,
2092 1827 2157 1861 sed
2177 1827 2271 1860 intra

398 1896 514 1928 menia
550 1896 776 1929 Parisiorum
813 1896 1060 1940 exposcimus,
1092 1896 1175 1940 quia
1206 1895 1237 1928 si
1271 1895 1357 1929 alibi
1393 1896 1554 1937 daretur,
1585 1895 1702 1928 adhuc
1732 1902 1895 1928 maneret
1924 1895 2036 1929 studii
2066 1894 2271 1940 dissipandi

397 1963 555 1995 occasio.

489 2031 560 2062 Hec
583 2030 718 2074 itaque,
741 2029 951 2062 beatissime
974 2036 1088 2074 pater,
1111 2029 1299 2062 humiliter
1322 2036 1358 2062 et
1377 2030 1507 2063 devote
1533 2030 1795 2075 supplicamus,
1819 2037 1857 2063 ut
1877 2036 1913 2062 et
1932 2029 1976 2062 ad
2006 2028 2216 2074 Hispaniam
2237 2034 2274 2061 et

398 2097 560 2129 Scociam
582 2096 811 2129 reducendas
833 2097 1018 2144 indefesse
1040 2096 1229 2137 laboretis,
1253 2103 1289 2129 ut
1310 2096 1515 2130 Consilium
1537 2097 1711 2142 generale
1732 2096 1937 2129 inchoatum
1960 2096 1997 2128 in
2020 2096 2118 2129 Urbe
2144 2106 2273 2140 proro-

397 2163 504 2207 getis,
526 2170 561 2195 ut
583 2163 742 2208 denique
758 2163 905 2208 judices
926 2164 1017 2196 infra
1035 2175 1160 2196 muros
1182 2163 1410 2196 parisienses
1427 2170 1463 2196 et
1482 2163 1691 2209 generalem
1709 2175 1899 2197 causarum
1916 2169 2122 2196 nostrarum
2144 2161 2273 2194 remis-

398 2230 538 2262 sionem
562 2242 601 2262 ac
623 2230 739 2262 nostri
771 2230 956 2274 privilegii
987 2230 1301 2263 confirmationem
1325 2230 1433 2263 nobis
1453 2230 1677 2263 concedatis.
1710 2232 1749 2263 In
1777 2229 1911 2275 quibus
1932 2229 2054 2262 divine
2075 2228 2273 2273 majestatis

399 2296 631 2341 obsequium,
652 2296 808 2329 ecclesie
831 2297 908 2341 paci
931 2309 973 2329 ex
995 2304 1069 2329 toto
1092 2297 1328 2330 instaurande
1349 2297 1570 2338 subsidium,
1589 2309 1627 2330 ac
1649 2297 1787 2330 nostris
1807 2297 1940 2330 studiis
1961 2295 2141 2329 firmitatis
2161 2294 2273 2328 stabi-

399 2363 587 2396 limentum
617 2363 840 2408 prestabilis,
871 2370 909 2396 ut
946 2365 1022 2396 Deo
1053 2364 1181 2397 laudes
1211 2364 1405 2409 inspiranti
1436 2364 1571 2405 dicere,
1604 2371 1724 2397 vestre
1755 2364 1936 2397 sanctitati
1963 2362 2209 2408 congratulari
2238 2368 2274 2394 et

399 2430 533 2474 gratias
555 2442 663 2474 agere
693 2430 879 2474 possimus
907 2437 1028 2463 vestre
1057 2430 1264 2471 clementie,
1295 2443 1400 2475 quam
1432 2442 1652 2464 conservare
1680 2431 1853 2476 dignetur
1877 2429 2011 2463 Jhesus
2039 2428 2208 2462 Christus
2228 2427 2272 2461 ad

399 2508 464 2528 sue
487 2497 651 2541 regimen
673 2496 831 2529 ecclesie
852 2504 1096 2530 sacrosancte.

495 2594 608 2618 Minuta
623 2594 738 2617 chartae.
756 2594 781 2616 in
797 2594 877 2617 Arch.
895 2598 948 2617 nat.
965 2594 1061 2624 Paris„
1076 2595 1099 2617 M
1115 2597 1166 2624 65⁸,
1188 2601 1217 2619 n⁰
1233 2598 1255 2620 7.
1273 2611 1299 2615 —
1326 2597 1458 2625 Quantum
1475 2598 1507 2620 ad
1527 2597 1593 2620 ‹luns
1611 2598 1714 2629 priores
1734 2600 1823 2628 partes
1844 2595 1958 2627 epistola
1977 2595 2010 2618 ad
2024 2597 2088 2618 tom.
2102 2594 2123 2617 V
2142 2592 2271 2618 Chai-tul.

398 2638 521 2668 pertinet,
535 2639 621 2669 quoad
639 2638 760 2661 ultimam
774 2642 877 2669 partem
894 2647 955 2662 vero
972 2639 1005 2662 ad
1018 2640 1087 2662 hunc
1101 2643 1210 2664 tomum.
1228 2655 1255 2658 —
1271 2642 1338 2665 ibid.
1355 2645 1439 2665 exstat
1454 2642 1567 2673 epistola
1580 2642 1613 2665 ad
1627 2642 1768 2673 quemdam
1781 2640 2032 2664 reverendissimum
2042 2642 2144 2670 patrem
2158 2638 2184 2660 in
2197 2638 2271 2661 Rom.

397 2683 471 2705 curia
486 2683 517 2705 de
533 2683 623 2705 codem
637 2683 752 2713 negotio,
767 2684 836 2714 quod
851 2683 891 2706 illi
906 2684 1111 2708 recommendat.

493 2765 515 2789 1.
533 2766 630 2788 Nomen
647 2766 713 2788 illud
730 2766 860 2796 scriptum
876 2770 916 2789 est
936 2775 1017 2797 supra
1034 2776 1044 2790 «
1064 2768 1194 2799 Angelum
1214 2769 1323 2793 Corario
1339 2778 1351 2793 11
1372 2770 1442 2794 linea
1464 2771 1588 2794 deletum.
1607 2783 1638 2788 —
1660 2770 1683 2794 2.
1705 2771 1753 2793 An.
1779 2770 1849 2798 1412,
1871 2768 1962 2792 Octob.
1988 2768 2026 2791 16.
2049 2767 2107 2790 Vid.
2132 2767 2272 2794 RAYNALD,

400 2813 486 2837 Anu..
504 2819 545 2834 an.
564 2811 631 2835 1112,
646 2810 678 2832 115⁵
691 2810 727 2839 16,
742 2811 771 2832 22
787 2819 845 2841 sqq.
862 2811 1027 2834 universitas
1045 2812 1104 2843 ipsa
1120 2813 1273 2836 Ladislaum
1289 2814 1385 2838 litteris
1397 2815 1432 2844 (in
1448 2818 1511 2839 tom.
1525 2816 1545 2837 V
1557 2815 1675 2844 edendis)
1687 2815 1719 2837 ad
1733 2822 1825 2845 pacem
1840 2812 2046 2836 ecclesiasticam
2059 2810 2272 2842 prosequendum

398 2855 534 2877 exhortata
548 2858 596 2877 est.
611 2868 641 2871 —-
656 2854 679 2878 3.
696 2855 715 2878 Ι,
733 2863 755 2877 c.
767 2855 925 2885 Gregorium
944 2856 998 2879 ΧΠ.
1015 2869 1041 2873 —-
1056 2856 1080 2881 4,
1100 2857 1155 2880 vid.
1172 2861 1234 2881 tom.
1248 2859 1276 2881 V.
1293 2873 1322 2876 -
1336 2858 1360 2883 5.
1377 2860 1471 2883 Postea
1487 2860 1513 2882 in
1527 2859 1706 2883 Universitute
1722 2857 1914 2890 Andegavensi.
1931 2856 1988 2880 Vid.
2003 2860 2032 2879 11ο
2047 2856 2117 2879 2026.
2129 2869 2158 2872 -
2172 2854 2196 2879 Β.
2213 2855 2288 2890 Vid-¹

404 2907 485 2930 supru
501 2903 529 2920 n0
545 2898 613 2921 1951.

524 2943 562 2966 32.
