2502 3418
395 322 456 356 132
963 330 1279 353 CHARTULARIUM
1315 328 1504 351 UNtVERs.
1547 328 1675 350 rmus.
2156 312 2255 350 [1405

396 450 454 487 18
464 450 536 486 12.
565 458 739 484 Universitas
750 458 844 483 Paris.
862 459 976 483 Petrum
993 457 1027 483 de
1046 456 1213 485 Castaneah
1227 465 1301 490 mag.
1316 456 1344 480 in
1358 455 1509 485 medicina,
1524 455 1574 490 qui
1588 454 1692 479 abhinc
1704 455 1737 480 30
1751 454 1835 479 annis
1850 454 1878 479 in
1891 453 1987 478 studio
2004 453 2099 478 Paris.
2117 456 2253 485 moratur,

480 509 507 533 in
524 507 635 533 artibus
653 508 682 533 in
696 507 791 543 prima
806 506 963 538 auditione,
987 506 1015 531 in
1031 505 1173 531 medicina
1189 504 1312 530 secando
1336 504 1395 529 loco
1418 504 1584 529 licentiatus
1605 507 1646 528 est
1667 507 1693 528 et
1716 503 1828 537 legatus
1848 503 1876 527 in
1893 504 1972 536 facto
1989 502 2102 528 unionis
2117 501 2257 527 ecclesiae

478 557 544 591 suit,
562 557 660 582 curiae
673 556 849 592 parlamenti
861 564 914 591 pro
931 555 1067 589 beneficio
1084 554 1207 589 quodam
1223 554 1269 586 (in
1286 553 1353 579 cccl.
1375 553 1563 586 Tornacensi)
1579 552 1799 577 recommendat.

1575 642 1649 670 7405,
1666 642 1784 667 danuarii
1799 642 1836 670 19,
1855 642 1969 667 Parisiis.

483 734 558 757 Arch.
571 736 625 756 nat.
639 733 733 760 Paris.,
750 733 796 755 xia
810 734 880 760 4787,
897 732 940 755 sol.
956 732 1011 759 [16¹¹;
1028 732 1128 755 Journ.
1145 733 1177 755 de
1193 731 1304 755 Nicolas
1317 732 1350 754 tle
1365 732 1451 761 Baye,
1470 731 1488 758 1,
1505 739 1532 761 p.
1547 731 1601 754 1⁵26.

482 818 506 842 1.
523 819 570 843 Ms.
588 829 593 841 z
609 826 621 840 «
637 817 775 848 Casteigne
791 825 813 840 ».

393 944 532 981 1813.
556 952 728 978 Benedictus
742 954 815 977 XIII
826 952 950 982 ordinat,
970 955 1000 977 ut
1014 951 1167 987 Philippus
1183 953 1313 977 Les-omer
1329 952 1360 977 O.
1380 953 1407 977 S.
1425 952 1455 976 Β.
1474 955 1596 977 monast.
1614 953 1641 977 S.
1659 951 1797 986 Dionysii,
1817 951 1925 978 baccal.
1945 953 1973 977 in
1989 951 2085 986 theol„
2104 951 2139 978 de
2159 952 2251 978 nobili

474 1011 584 1037 genere,
603 1002 640 1027 ab
654 1001 760 1027 abbate
777 1003 805 1027 S.
821 1001 951 1036 Dionysii
967 1001 1131 1036 pensionem
1148 1000 1275 1026 debitam
1292 1001 1415 1036 recipiat
1431 1000 1470 1025 ad
1490 1000 1549 1033 hoc,
1569 1001 1640 1026 utin
1653 1000 1749 1026 studio
1762 1001 1856 1026 Paris.
1870 1001 1932 1034 juri
1944 1002 2081 1027 canonico
2096 1001 2212 1027 studere
2225 1006 2252 1027 et

475 1051 503 1076 in
519 1060 551 1077 eo
566 1051 711 1076 licentiam
727 1050 852 1086 recipere
864 1050 968 1086 possit.
985 1051 1049 1076 Dat.
1067 1050 1141 1076 Nicie
1154 1050 1200 1083 viij
1215 1050 1253 1075 id.
1272 1050 1430 1078 Februarii,
1446 1057 1492 1075 an.
1506 1050 1673 1076 undecimo.
1693 1061 1706 1074 1(
1719 1050 1875 1083 Religionis
1889 1051 1966 1077 zelus
1980 1061 2004 1075 ».

1650 1141 1724 1170 7405,
1740 1141 1813 1167 Febr.
1831 1142 1855 1171 6,
1870 1142 1963 1167 niciae.

477 1187 540 1217 Reg.
554 1187 634 1209 Aven.
648 1185 781 1209 Benedicti
795 1186 862 1213 XHI,
877 1185 929 1208 vol.
943 1185 1032 1213 XLIII,
1046 1185 1090 1208 fol.
1107 1186 1161 1208 357.

388 1353 529 1390 1814.
553 1364 585 1387 In
607 1362 688 1387 curia
706 1361 886 1398 parlamenti
910 1362 1007 1396 agitur
1031 1361 1066 1387 de
1088 1362 1138 1387 lite
1160 1362 1234 1387 inter
1255 1361 1389 1387 abbatem
1413 1361 1591 1388 cluniacens.
1617 1366 1644 1387 el
1664 1362 1812 1388 scholares
1833 1362 1932 1388 domus
1947 1362 2044 1388 Paris.
2071 1363 2098 1388 in
2111 1364 2244 1397 favorem

469 1411 640 1437 eorumdem.

1612 1449 1687 1477 7405,
1704 1448 1775 1474 Febr.
1795 1450 1831 1477 14,
1848 1448 1961 1474 Parisiis.

466 1534 707 1580 Litigantilms
729 1535 764 1567 111
792 1541 914 1567 nostra
936 1534 1149 1579 parlamenti
1175 1535 1273 1567 curia
1301 1535 1432 1568 dilecta
1461 1542 1583 1568 nostra
1610 1536 1681 1569 filia
1703 1537 1947 1570 Universitate
1968 1537 2082 1569 Paris.
2104 1543 2139 1570 et
2166 1537 2245 1570 reli-

375 1602 492 1647 giosis
513 1602 634 1647 priore
661 1608 695 1634 et
724 1602 927 1635 scolaribus
948 1602 1106 1646 Collegii
1134 1602 1367 1635 Cluniaeens.
1396 1603 1535 1636 fundati
1566 1604 1726 1636 Parisius
1754 1603 1938 1637 actoribus
1965 1611 1997 1637 et
2018 1616 2246 1649 conqueren-

376 1669 473 1702 tibus
557 1682 596 1702 ac
623 1675 858 1714 procuratore
886 1675 1012 1702 nostro
1043 1681 1108 1714 pro
1141 1669 1248 1702 nobis
1279 1668 1417 1702 eisdem
1449 1670 1618 1715 adjuncto
1649 1683 1692 1703 ex
1717 1683 1787 1703 una
1817 1677 1928 1716 parte,
1959 1678 1994 1704 et
2023 1671 2086 1705 dil.
2118 1678 2244 1704 nostro

376 1736 586 1781 Raymundo
604 1736 731 1769 abbate
748 1736 981 1770 Cluniacens.
1001 1736 1196 1769 defensore
1213 1743 1248 1769 et
1264 1744 1472 1782 opponente
1489 1750 1532 1770 ex
1548 1737 1671 1779 altera,
1688 1750 1753 1783 pro
1770 1745 1870 1783 parte
1887 1738 2065 1771 dictorum
2082 1745 2242 1771 actorum

374 1803 498 1848 plures
529 1804 688 1836 rationes
722 1810 755 1836 et
786 1804 877 1836 sacta
907 1804 1055 1836 suerunt
1086 1804 1272 1849 proposito
1307 1805 1350 1837 ad
1381 1805 1502 1844 finem,
1533 1805 1631 1850 quod
1661 1805 1746 1838 dicti
1780 1812 2048 1850 conquerentes
2078 1805 2243 1850 religiosi

373 1878 696 1904 manutenerentur
716 1877 751 1903 et
771 1877 1076 1904 conservarentur
1097 1871 1133 1903 111
1155 1872 1393 1916 possessione
1421 1879 1456 1905 01
1481 1873 1614 1905 saisina
1640 1872 1798 1905 habendi
1823 1885 2010 1906 recursum
2039 1873 2083 1905 ad
2108 1873 2242 1906 curiam

375 1938 574 1971 secularem
598 1945 632 1970 et
659 1938 695 1970 in
721 1950 761 1970 ea
783 1949 870 1970 suos
898 1937 1085 1971 debitores
1118 1939 1366 1983 prosequendi
1395 1951 1459 1984 pro
1481 1939 1722 1984 pensionibus
1744 1941 1797 1973 eis
1825 1940 1971 1981 debitis,
1995 1952 2116 1973 earum
2145 1952 2242 1973 arre-

373 2005 540 2050 ragiis...⁷
571 2006 607 2037 in
638 2005 772 2038 saisina
800 2005 897 2049 quod
928 2017 991 2049 per
1013 2005 1147 2038 dictum
1177 2006 1407 2039 defensorem
1435 2013 1495 2039 aut
1525 2006 1667 2051 aliquos
1692 2007 1783 2041 alios
1804 2007 1892 2040 Ord.
1916 2008 2147 2041 Cluniacens.
2178 2019 2242 2052 per

373 2084 498 2104 eorum
530 2078 661 2104 statuta
691 2079 750 2104 aut
779 2071 867 2104 alias
901 2072 1018 2104 dictos
1047 2072 1244 2117 religiosos
1275 2073 1311 2105 in
1342 2063 1516 2118 predictis
1543 2074 1721 2119 impedire
1748 2086 1813 2107 seu
1841 2086 1905 2107 eos
1933 2075 2125 2107 occasione
2151 2075 2242 2107 etin

371 2139 492 2171 odium
518 2139 764 2183 predictorum
787 2139 1099 2171 excommunicare
1121 2146 1181 2172 aut
1203 2139 1290 2172 alias
1313 2140 1498 2173 molestari
1520 2153 1592 2173 non
1614 2148 1778 2186 poterant
1799 2148 1859 2174 aut
1879 2141 2072 2183 debebant7
2100 2142 2136 2174 in
2159 2153 2242 2186 pos-

369 2206 615 2250 sessionequc
637 2212 672 2238 01
692 2206 826 2238 saisina
849 2206 947 2250 quod
968 2206 1087 2239 dictus
1105 2206 1278 2240 defensor
1295 2207 1450 2240 eundem
1469 2208 1626 2253 priorem
1649 2215 1683 2241 et
1703 2209 1739 2241 in
1756 2210 1835 2253 ejus
1852 2208 2015 2242 absentia
2036 2208 2240 2253 supriorem

370 2273 457 2305 dicti
478 2273 626 2318 collegii
647 2273 865 2305 interdicere
883 2273 939 2305 vel
961 2273 1138 2317 impedire
1159 2286 1232 2307 11011
1250 2281 1427 2319 poterant,
1446 2276 1533 2319 quin
1555 2275 1624 2320 ipsi
1646 2276 1807 2309 scolares
1828 2276 1872 2308 ad
1893 2276 2026 2309 dictum
2045 2275 2238 2321 collegium

368 2340 512 2373 noviter
532 2340 722 2373 venientes
745 2340 976 2384 recipiant...;
1001 2347 1035 2372 et
1065 2341 1162 2385 quod
1190 2341 1308 2374 dictus
1335 2341 1507 2375 defensor
1535 2343 1718 2387 predictos
1745 2343 1900 2388 priorem
1929 2350 1963 2376 et
1992 2342 2152 2376 scolares
2181 2349 2241 2375 aut

365 2407 506 2452 aliquos
530 2407 740 2440 eorumdem
766 2420 783 2439 a
806 2407 900 2439 dicto
929 2407 1087 2452 collegio
1114 2408 1230 2441 donec
1251 2409 1403 2454 gradum
1430 2410 1466 2442 in
1494 2409 1677 2455 theologia
1704 2417 1867 2455 tempore
1889 2410 2011 2443 debito
2032 2410 2239 2455 attigissent

365 2481 400 2506 01
423 2481 502 2519 post
526 2475 660 2507 dictum
689 2474 841 2519 gradum
870 2474 986 2507 donec
1014 2474 1220 2508 beneficiati
1247 2476 1367 2509 forent
1392 2489 1430 2509 ac
1461 2476 1637 2510 beneficia
1664 2484 1927 2522 acceptassent,
1953 2477 2091 2522 absque
2120 2484 2238 2510 tamen

363 2554 469 2574 causa
491 2541 709 2574 racionabili
735 2548 770 2574 et
790 2541 947 2585 cognita,
976 2542 1158 2586 expellere
1184 2549 1243 2575 aut
1268 2543 1355 2576 alias
1382 2543 1522 2588 privare
1545 2556 1617 2576 non
1644 2551 1839 2589 poterat....
1863 2545 1962 2578 Dicta
1991 2551 2115 2578 nostra
2139 2544 2238 2577 curia

363 2620 426 2653 per
450 2621 554 2641 suum
586 2615 765 2641 arrestum
796 2608 913 2641 dictos
945 2608 1103 2653 priorem
1132 2616 1167 2642 et
1192 2609 1388 2655 religiosos
1417 2611 1503 2643 dicti
1531 2611 1689 2656 Collegii
1714 2611 1854 2644 habiles
1882 2618 1917 2644 et
1943 2611 2089 2644 easdem
2117 2617 2237 2656 partes

362 2675 405 2708 ad
426 2675 586 2720 predicta
610 2688 673 2708 sua
697 2675 884 2720 proposita
901 2675 1146 2709 admittendos
1167 2677 1244 2709 sore
1266 2677 1462 2711 declaravit
1483 2684 1517 2711 et
1538 2678 1695 2711 declarat
1773 2685 1808 2711 et
1884 2679 1991 2711 dictis
2011 2689 2238 2723 conqueren-

360 2742 459 2774 tibus
484 2742 660 2774 dictarum
682 2754 829 2774 suarum
858 2742 1136 2786 posscssionum
1159 2744 1423 2777 recredentiam
1449 2745 1601 2778 durante
1630 2746 1791 2790 presenti
1818 2757 1994 2791 processu
2019 2744 2238 2789 adjudicavit

366 2815 401 2841 et
427 2808 621 2853 adjudicat,
647 2821 685 2841 ae
715 2809 871 2841 eundem
900 2809 1131 2842 defensorem
1157 2810 1200 2842 ad
1228 2811 1432 2844 faciendum
1466 2824 1530 2857 per
1560 2812 1705 2845 modum
1735 2813 1956 2858 provisionis
1984 2812 2237 2857 reparaciones

360 2888 429 2921 que
465 2876 502 2908 in
530 2876 624 2908 dicto
651 2875 807 2920 collegio
836 2883 896 2908 aut
924 2876 1079 2909 edificiis
1108 2877 1272 2921 ejusdem
1303 2891 1369 2923 per
1391 2885 1512 2912 certos
1540 2880 1811 2913 commissarios
1837 2892 1855 2913 a
1880 2880 1973 2912 dicta
1994 2886 2117 2912 nostra
2138 2879 2237 2912 curia
