2502 3418
1154 318 1320 341 TABULA.

2106 312 2170 344 749

310 391 2173 404 —.-——————-.—-..——

309 441 370 464 1822

309 544 369 566 1823

308 601 369 624 1824

308 749 369 771 1825

308 806 370 829 1826

309 955 369 978 1827

309 1013 369 1036 1828

309 1116 370 1139 1829

310 1174 370 1196 1830

309 1276 368 1299 1831

309 1379 370 1402 1832

310 1437 370 1460 1833

310 1495 371 1518 1834

311 1552 371 1576 1835

311 1705 372 1728 1836

311 1812 371 1835 1837

311 1875 372 1898 1838

311 1937 372 1960 1839

312 2000 372 2023 1840

312 2107 371 2130 1841

313 2214 373 2237 1842

313 2322 324 2344 1
329 2322 373 2344 843

313 2428 373 2451 1844

314 2491 374 2514 1845

314 2554 325 2576 1
330 2554 375 2576 846

315 2661 375 2684 1847

315 2812 375 2835 1848

445 439 512 465 1⁴05

444 600 509 626 1406

591 439 711 463 Decemb.
731 440 783 462 7-11
823 438 954 461 Johannes
969 437 1140 460 Breviscoxae
1153 441 1178 460 et
1192 438 1342 461 Dominicus
1358 438 1436 461 Parvi
1452 447 1516 461 onus
1532 439 1637 462 lectoris
1652 439 1677 461 in
1692 439 1825 470 theologia
1840 440 1951 462 libenter
1967 443 2085 470 acceptu-

855 491 898 506 ros
914 491 942 506 se
959 482 1095 505 declarant
1097 499 2083 507 .......................................

586 558 793 566 .........
823 540 2083 571 Licentiatiinfacultatetheologiae...............................

624 599 711 623 Martii
726 599 737 622 1

624 746 722 777 Aprilis

643 804 705 827 Maii
720 805 732 828 7

656 952 733 975 ——18

585 1010 647 1041 Apr.
664 1010 751 1034 2-Jun.
767 1011 795 1034 15

644 1112 710 1136 Julii
725 1114 738 1136 2

670 1185 696 1188 —
724 1172 738 1194 3

586 1273 749 1304 Septembris
767 1274 793 1297 11

600 1376 740 1399 Novembri

742 600 755 622 3

740 747 753 769 3

743 1378 783 1400 s3

601 1434 752 1458 Decembris
768 1437 781 1458 5

602 1550 740 1574 Februarii

753 1551 781 1574 18

753 1703 782 1725 18

640 1810 702 1833 Maii
718 1810 747 1833 15

618 1872 682 1896 Julii
697 1873 768 1896 15-25

602 1935 756 1959 Novembris
775 1936 788 1958 3

602 2321 664 2344 Post
678 2320 737 2344 Jan.

764 1998 792 2021 10

764 2106 793 2128 28

763 2214 792 2236 28

758 2322 786 2344 12

757 2430 786 2452 12

758 2492 786 2514 12

613 2553 749 2577 Februarii
764 2555 777 2576 4

750 2661 779 2684 10

746 2813 775 2836 27

823 599 915 621 Petrus
936 598 967 620 de
989 597 1122 629 Dicrreyoy
1142 606 1212 629 mag.
1233 598 1324 628 theoL,
1345 598 1470 629 proponit
1491 607 1522 621 ex
1540 602 1615 629 parte
1636 598 1822 622 Universitatis
1843 607 1931 621 coram
1952 599 2084 621 canonicis

854 643 917 666 eccl.
934 642 1027 673 Paris..
1045 646 1073 665 ut
1092 643 1213 674 magistri
1234 644 1354 666 doctores
1371 643 1496 674 quamdiu
1511 643 1657 666 intererunt
1676 643 1702 665 iu
1722 643 1926 674 congregatione
1947 643 2085 666 Univcrsi—

854 687 916 710 tatis
931 687 1036 718 possint
1051 688 1149 710 lucrari
1163 687 1363 711 distributiones
1375 688 1401 710 in
1412 688 1476 711 eccl.
1489 688 1582 718 Paris„
1598 691 1637 711 etc
1641 705 2084 712 ..................

824 744 961 768 Licentiati
974 745 999 768 in
1017 746 1140 768 facultate
1153 745 1298 769 medicinae
1305 762 2084 769 ...............................

825 802 981 826 Benedictus
997 803 1042 826 XII
1057 803 1186 834 permittit
1201 803 1314 826 Johanni
1326 804 1486 835 Tanquardiy
1502 804 1668 834 presbytero,
1683 812 1752 834 mag.
1767 803 1861 826 medic.
1875 806 1900 826 et
1915 803 2039 826 Ludovici
2055 803 2085 826 de

855 847 986 870 Borbonio
1008 848 1128 879 physico,
1147 849 1177 871 ut
1198 848 1224 871 in
1244 848 1331 872 studio
1351 848 1434 872 Paris.
1457 848 1594 879 physicam
1610 849 1696 878 legere
1711 851 1880 880 caeterosque
1903 851 1976 871 actus
2003 849 2086 871 facere

855 892 940 922 possit
941 909 2084 918 .............................................

826 950 980 973 Benedictus
996 951 1055 974 XIII
1069 950 1183 974 Johanni
1199 951 1278 982 Gmy,
1295 951 1459 982 presbytero,
1472 951 1590 974 eamdem
1605 951 1719 982 gratiam
1735 951 1852 974 concedit
1855 967 2086 974 ..........

825 1008 867 1031 Lis
882 1016 971 1031 curam
987 1009 1152 1032 Parlamento
1165 1009 1234 1032 inter
1246 1009 1451 1032 Universitatem
1462 1012 1487 1032 et
1499 1009 1658 1032 Clementem
1673 1009 1782 1032 ,Iuvenis
1798 1009 1946 1032 scholarem
1957 1008 2086 1031 lascivum

855 1053 960 1083 collegii
976 1053 1142 1077 Cluniacens.
1153 1053 1239 1076 Paris.
1255 1061 1284 1076 ex
1297 1062 1358 1083 una,
1372 1057 1398 1076 et
1413 1054 1535 1076 abbatem
1549 1053 1666 1077 Cluniae.
1683 1062 1714 1076 ex
1728 1054 1811 1076 altera
1825 1056 1901 1084 parte
1904 1070 2086 1077 ........

824 1110 883 1134 Joh.
899 1111 931 1134 de
944 1111 1015 1139 Bien,
1029 1111 1099 1134 stud.
1115 1111 1223 1140 decret.,
1239 1114 1329 1134 contra
1345 1111 1425 1142 episc.
1442 1112 1560 1135 Laudun.
1575 1112 1606 1134 de
1622 1111 1683 1135 vino
1697 1120 1743 1135 suo
1757 1111 1845 1142 litigat
1848 1128 2086 1135 ..........

825 1168 935 1192 Carolus
950 1169 983 1192 VI
1000 1177 1089 1192 omnes
1107 1169 1238 1200 subjectos
1254 1169 1365 1192 durante
1385 1170 1564 1192 subtractione
1583 1170 1616 1192 ad
1634 1170 1803 1201 episcopatus
1820 1170 1860 1193 vel
1880 1169 2008 1193 beneficia
2028 1178 2087 1201 pro>

855 1216 939 1236 motos
953 1213 979 1236 in
992 1214 1159 1244 possessione
1175 1214 1313 1237 confirmat
1316 1231 2087 1240 ...............................

825 1273 930 1294 Arresto
944 1271 1106 1294 Pal-lamenti
1119 1272 1269 1295 decernitur
1280 1273 1349 1303 quod
1363 1272 1519 1295 Benedictus
1535 1273 1593 1295 XIII
1604 1273 1714 1304 ejusque
1729 1273 1848 1296 officiarii
1864 1272 2006 1296 cessabunt
2021 1272 2088 1296 deci-

856 1323 912 1338 mas
928 1315 954 1338 in
965 1324 1047 1347 regno
1062 1316 1187 1339 Franciae
1202 1317 1338 1348 percipere
1341 1334 2088 1341 ..............................

826 1373 947 1404 Magistri
963 1377 1083 1405 regentes
1098 1374 1231 1398 facultatis
1247 1375 1392 1398 medicinae
1406 1383 1447 1399 an.
1462 1376 1595 1398 1406-1407
1600 1392 2087 1400 ....................

826 1432 868 1455 Lis
883 1432 1097 1456 authenticumne
1112 1433 1147 1456 sit
1161 1436 1242 1464 caput
1256 1433 1375 1464 Dionysii
1387 1437 1464 1458 mart.
1481 1433 1514 1457 ad
1530 1434 1620 1457 facult.
1638 1434 1716 1458 theol.
1733 1434 1850 1457 defertur
1853 1451 2088 1458 ..........

826 1490 963 1514 Licentiati
978 1490 1004 1514 in
1019 1491 1143 1515 facultate
1158 1491 1307 1522 theologiae
1310 1508 2089 1516 ...............................

827 1549 936 1572 Carolus
953 1549 985 1572 VI
1002 1553 1093 1573 contra
1108 1558 1207 1572 morem
1229 1550 1405 1573 Romanorum
1424 1550 1579 1581 pontificum
1604 1550 1736 1573 invehitur
1759 1550 1902 1582 statuitque
1925 1553 1952 1573 ut
1972 1550 2089 1573 ecclesiis

857 1593 1065 1623 cathedralibus,
1084 1594 1197 1625 aliisque
1217 1595 1334 1618 electivis
1355 1603 1403 1626 per
1422 1595 1584 1622 electionem,
1602 1598 1660 1624 etc..
1676 1595 1786 1618 caeteris
1802 1595 1937 1618 beneficiis
1953 1603 2000 1626 per
2015 1603 2091 1626 prae-

858 1638 1031 1662 sentationem
1043 1639 1224 1670 provideatur,
1238 1640 1403 1663 cessantibus
1415 1640 1520 1663 omnino
1533 1640 1757 1663 reservationibus
1770 1643 1794 1663 et
1805 1640 1897 1670 gratiis
1910 1639 2089 1671 expectativis.

827 1701 936 1737 Carolus
952 1702 984 1724 VI
997 1705 1088 1725 contra
1104 1702 1251 1725 exactiones
1267 1703 1444 1726 Romanorum
1458 1703 1612 1734 pontificum
1626 1702 1756 1733 providet,
1773 1706 1800 1725 ut
1816 1702 1848 1725 iis
1861 1703 1946 1725 clerus
1962 1702 2091 1733 populus-

859 1746 945 1777 quein
961 1754 1043 1778 regno
1056 1747 1181 1770 Franciae
1196 1750 1222 1770 et
1236 1747 1409 1778 Delphinatus
1427 1747 1555 1770 immunes
1572 1747 1625 1770 sint
1627 1764 2089 1771 ...................

829 1808 1025 1840 Assignationes
1038 1809 1239 1833 bucalareorum
1253 1810 1316 1833 Ord.
1333 1810 1426 1833 Praed.
1443 1818 1491 1841 pro
1505 1810 1591 1833 studio
1608 1809 1749 1833 Parisiensi
1754 1826 2089 1833 ..............

829 1871 940 1894 Ilutinus
956 1872 1058 1900 Medici,
1075 1872 1251 1903 prisionarius
1268 1873 1299 1895 de
1312 1872 1462 1903 suspicione
1478 1876 1570 1903 raptae
1582 1872 1696 1903 puellae,
1714 1872 1887 1896 Universitati
1901 1871 2037 1895 redditur.
2058 1888 2063 1894 .
2083 1890 2088 1895 .

829 1933 950 1965 Magistri
963 1937 1083 1965 regentes
1101 1935 1234 1958 facultatis
1248 1935 1394 1958 medicinae
1407 1943 1449 1958 an.
1462 1935 1598 1958 1407-1408
1602 1951 2088 1958 ....................

829 1998 968 2020 Processus
991 1997 1184 2021 ecclesiasticos
1207 2001 1299 2021 contra
1325 1998 1406 2022 Guill.
1431 1998 1462 2021 de
1486 1997 1664 2028 Tignonvilla,
1690 1997 1734 2028 qui
1756 1997 1821 2020 duos
1846 1997 1980 2020 scholares
2008 2000 2091 2020 morte

859 2042 990 2073 punierat,
1007 2042 1117 2066 Carolus
1134 2043 1179 2066 VII
1195 2051 1299 2066 cessare
1309 2042 1384 2073 jubet
1387 2059 2090 2067 ............................

830 2105 985 2128 Benedictus
1007 2106 1066 2129 XIII
1084 2105 1242 2128 cancellario
1262 2105 1356 2133 Paris.‚
1374 2108 1401 2128 ut
1416 2105 1543 2128 Thomum
1563 2105 1701 2133 Favez-elli,
1718 2105 1748 2128 O.
1767 2105 1805 2133 P„
1825 2105 1857 2127 ad
1877 2104 2003 2135 legendas
2026 2104 2087 2127 Sen-

860 2150 955 2173 tentius
969 2150 1088 2181 assignet
1100 2166 2090 2173 .......................................

829 2213 984 2236 Benedictus
1005 2213 1063 2235 XIII
1081 2213 1192 2236 Martino
1212 2213 1300 2240 Pure'e‚
1324 2213 1404 2244 episc.
1421 2213 1595 2240 Ali-el›atens.‚
1614 2216 1642 2235 ut
1659 2212 1761 2235 duobus
1782 2211 2012 2235 Praedicatoribus
2034 2220 2092 2242 pro-

859 2258 960 2280 vinciae
978 2258 1102 2280 Franciae
1119 2257 1302 2289 magisterium
1320 2258 1399 2281 theol.
1418 2259 1545 2287 conserat,
1560 2257 1620 2288 quia
1639 2257 1773 2287 magistris
1788 2260 1813 2279 et
1828 2256 1989 2279 baccalareis
2010 2259 2090 2279 caret.

829 2330 841 2341 «
859 2320 1046 2344 Instructiones
1061 2328 1109 2351 pro
1126 2320 1262 2351 magistris
1282 2321 1306 2343 J.
1325 2320 1488 2347 Breviseoxe,
1509 2320 1533 2342 J.
1555 2320 1682 2350 Voignon,
1701 2318 1835 2350 II[enrico]
1855 2319 1886 2341 de
1906 2318 2040 2347 Fontanis,
2063 2327 2091 2341 ex

858 2368 933 2396 parte
951 2365 1138 2389 Universitatis
1153 2366 1185 2388 ud
1199 2365 1335 2388 dominum
1352 2365 1504 2396 Burgundio
1520 2364 1721 2387 transmittende
1725 2374 2090 2386 ................

829 2428 948 2459 Epistola
959 2428 1145 2451 Universitatis
1162 2428 1194 2451 ad
1210 2428 1302 2451 ducem
1316 2427 1494 2458 Burgundiaey
1510 2435 1524 2449 a
1539 2426 1634 2458 legatis
1651 2426 1709 2449 duci
1727 2426 1853 2449 tradenda
1857 2442 2090 2449 ..........

829 2490 948 2522 Epistola
964 2490 1150 2514 Universitatis
1167 2490 1200 2513 ad
1213 2490 1304 2513 ducem
1323 2490 1521 2519 Bituricensein,
1539 2498 1553 2511 a
1567 2489 1661 2520 legatis
1677 2488 1737 2511 duci
1754 2488 1881 2511 tradenda
1885 2505 2090 2512 .........

830 2553 950 2576 Facultas
964 2553 1109 2576 medicinae
1124 2553 1274 2584 symbolum
1290 2552 1395 2583 prandii
1412 2553 1437 2575 S.
1456 2553 1540 2575 Lucae
1555 2560 1570 2574 a
1586 2551 1721 2582 magistris
1738 2550 1934 2581 negligentibus
1950 2551 2090 2578 reclamat;

860 2598 1096 2629 subbedellumque
1110 2597 1254 2621 Guerinuxu
1269 2598 1299 2620 de
1314 2597 1443 2621 Roncuria
1457 2597 1505 2620 rite
1522 2596 1618 2627 accipit
1621 2612 2091 2619 ...................

829 2660 1000 2691 Praepositus
1020 2660 1115 2690 Paris„
1134 2660 1291 2684 Guillelmus
1313 2660 1344 2682 de
1363 2659 1540 2690 Tignonvilla,
1560 2659 1585 2681 in
1601 2658 1674 2681 curia
1690 2661 1780 2681 narrat
1795 2658 1923 2689 quosdam
1942 2666 1954 2680 e
1970 2658 2091 2689 patibulo

861 2713 973 2736 corpora
989 2708 1141 2728 necatorum
1152 2705 1222 2727 cirea
1238 2704 1353 2727 Parisios
1369 2704 1522 2732 abstulisse,
1539 2707 1563 2726 et
1578 2712 1592 2726 a
1613 2703 1768 2726 mulieribus
1783 2705 1876 2733 partus
1894 2706 2012 2725 mortuos
2024 2702 2092 2725 obti-

861 2750 959 2773 nuisse.
973 2750 1052 2773 Curia
1066 2750 1138 2781 jubet
1152 2749 1334 2780 praepositum
1347 2748 1513 2780 percunctari
1530 2751 1554 2771 et
1570 2751 1667 2777 sontes,
1680 2748 1701 2770 si
1714 2747 1850 2775 invenerit,
1866 2747 1924 2778 jure
1941 2747 2045 2778 punire.
2061 2765 2066 2770 .
2086 2765 2091 2770 .

831 2813 899 2843 Mag.
916 2812 1074 2836 Guillelmus
1088 2812 1194 2841 Euvrie,
1209 2811 1253 2843 qui
1268 2820 1316 2843 pro
1333 2812 1398 2834 duce
1413 2810 1582 2841 Burgundiae
1597 2810 1724 2841 epistolas
1740 2809 1857 2840 scripsit,
1874 2810 2013 2841 pecuniam
2029 2810 2094 2833 reci—

860 2857 900 2888 pit
916 2871 2092 2881 ..............................................

2105 2891 2110 2919 l

2128 485 2172 507 137

2130 542 2174 564 133

2131 688 2175 710 138

2131 745 2176 768 138

2131 892 2176 914 138

2132 950 2177 972 139

2132 1054 2178 1076 139

2132 1112 2177 1134 140

2134 1214 2176 1237 141

2134 1318 2177 1340 141

2134 1376 2177 1398 141

2134 1434 2179 1456 142

2135 1492 2180 1514 142

2136 1747 2180 1770 145

2136 1810 2180 1832 145

2136 1872 2181 1894 146

2136 1934 2180 1957 146

2136 2042 2181 2064 146

2137 2149 2180 2172 147

2137 2256 2180 2279 147

2136 2363 2180 2385 148

2138 2426 2183 2448 149

2137 2488 2182 2511 149

2137 2596 2182 2619 150

2139 2748 2181 2771 151

2138 2855 2181 2878 151
