2502 3418
250 324 346 359 1431]
595 337 644 358 ΑΒ
678 336 785 358 ΑΝΝο
819 335 1107 357 uccctxxxxn‘
1141 335 1272 363 USQUE
1308 335 1356 356 An
1391 335 1529 356 ANNUM
1565 335 1771 357 MCCCCLtI.
2052 327 2113 358 531

248 410 273 435 2.
289 410 347 434 Yid.
364 418 445 442 supra
460 415 489 433 n0
502 411 571 436 2365,
587 424 618 428 -—-
632 410 656 435 3.
671 411 706 433 De
720 413 833 441 quatuor
849 409 1019 440 sequentibus
1034 412 1061 432 ut
1074 408 1313 431 ambassiatoribus
1330 408 1419 438 agitur
1435 408 1461 431 in
1481 409 1575 439 Snppl.
1594 409 1693 439 Eugen.
1714 410 1756 440 IV,
1775 414 1803 431 „0
1819 410 1872 434 206.
1893 410 1936 433 sol.
1958 410 2024 438 17‹›¹›‚
2043 410 2113 439 ‘204¹ss

249 459 278 478 n⁰
293 456 345 482 268,
363 455 408 478 sol.
422 455 464 478 78¹²
480 455 531 486 (un.
550 455 618 485 1432,
634 455 743 478 Januar.
758 458 783 477 et
798 454 894 484 Febr.).
911 454 1025 477 Thomas
1046 454 1077 476 de
1101 453 1244 476 Com-cellis
1262 456 1372 475 vocatur
1393 462 1404 475 «
1426 453 1586 475 ambassiate
1608 457 1693 476 rector
1710 462 1730 476 ι).
1749 467 1775 470 -
1792 453 1816 478 Δ.
1837 454 1894 476 Fuit
1914 454 1991 476 ctiam
2013 455 2115 478 an‘ibas-

248 499 341 523 siator.
356 499 413 522 Vid.
430 499 499 522 infra
514 504 543 522 ῐιο
558 500 631 528 2403,·
642 502 695 522 not.
708 512 739 516 —
753 497 777 523 5.
792 500 920 525 Auctar„
938 498 969 525 ΙΙ,
986 498 1004 521 l.
1020 506 1054 526 0.,
1069 501 1094 520 et
1106 506 1133 528 p.
1149 498 1203 525 ›si-33,
1221 501 1274 520 not.
1287 498 1309 520 ’1.
1328 511 1357 514 -
1372 496 1396 521 6.
1411 497 1516 520 Minime
1533 498 1629 521 Romae
1645 497 1779 523 remansit,
1794 501 1822 520 ut
1833 506 1845 520 c
1861 498 1997 522 Processu
2009 499 2117 522 rehabi—

250 544 388 568 litationis
403 544 552 568 Johannae
568 544 651 568 d'Arc
667 543 726 574 quis
742 542 846 574 opinari
861 546 952 573 posset
967 542 1144 571 (Qumnuim'r,
1161 542 1191 570 ΙΙ,
1211 542 1258 571 12),
1276 542 1321 565 sed
1338 550 1380 565 an.
1403 542 1539 564 11132-1433
1560 541 1668 564 Parisiis
1690 542 1822 564 invenitur
1837 542 1900 572 (vid.
1918 542 2117 572 BEAmucrmuE,

249 588 275 611 in
289 588 416 612 Bullecin
429 590 462 612 de
477 588 503 612 la
518 595 573 612 soc.
588 589 621 612 de
635 588 769 612 l'histoire
779 589 812 611 de
826 587 1006 615 Normanctie,
1023 587 1078 614 VII,
1092 595 1118 617 p.
1132 587 1197 616 287).
1214 587 1248 610 Ut
1259 595 1272 609 e
1288 594 1370 617 supra
1381 586 1471 609 relatis
1486 586 1565 609 etiam
1579 586 1670 617 liquet,
1685 586 1850 609 universitas
1862 586 1884 609 ei
1899 587 2004 609 minime
2016 587 2117 610 insensa

250 632 306 660 suit,
324 635 348 655 et
363 632 388 655 in
402 632 512 655 dubium
528 632 645 655 vocanda
659 631 770 654 assertio
784 631 846 654 dicti
864 631 1022 659 Processus,
1040 631 1187 654 Johanncm
1208 630 1303 653 Lohier
1319 631 1351 653 ad
1370 630 1481 661 propria
1503 638 1620 653 remeare
1636 631 1765 661 pendente
1784 638 1911 661 processu
1932 631 2115 662 Rotomagcnsi

249 680 367 700 coactum
383 685 449 704 esse,
465 680 494 700 ut
509 676 699 700 submersionis
713 676 860 707 perieulum
875 675 997 699 evaderet
1011 675 1188 704 (chummr,
1203 675 1220 698 1.
1237 683 1269 704 c.‚
1286 683 1313 706 p.
1332 675 1397 704 252).
1414 676 1461 698 An.
1479 676 1548 703 1433,
1567 675 1628 698 Maii
1646 677 1669 705 9,
1684 675 1739 706 jam
1755 678 1783 697 ut
1800 683 1904 698 causar.
1922 675 2015 705 palatii
2032 679 2117 706 apost.

249 721 353 744 auditor
368 722 483 745 occurrit
497 721 601 752 (Suppl.
617 721 682 751 Eug.
700 721 741 749 IV,
757 725 786 743 n⁰
799 722 854 749 279,
870 721 915 744 fol.
930 721 978 750 82).

252 914 396 950 2397.
421 924 497 958 Mag.
514 923 658 949 Iohannes
674 923 828 957 Francisci,
847 923 972 959 quisine
988 923 1146 949 reverentia
1162 932 1223 948 cum
1240 923 1350 948 decano
1365 922 1469 957 facult.
1487 922 1592 948 decret.
1611 922 1722 948 locutus
1738 926 1789 956 est,
1807 921 2000 956 redarguitur.

1417 1015 1486 1044 7437.
1501 1014 1647 1040 Novembris
1659 1015 1703 1044 22,
1722 1015 1835 1040 Parisiis.

340 1104 428 1136 ltem
450 1103 511 1136 illa
532 1103 590 1136 die
612 1104 786 1148 magister
805 1103 990 1136 Johannes
1012 1103 1195 1135 Francisci
1217 1103 1391 1147 magister
1412 1103 1448 1135 in
1466 1102 1604 1135 artibus
1622 1109 1657 1135 et
1673 1102 1878 1135 licentiatus
1895 1102 1931 1134 in
1949 1102 2119 1143 decretis,

252 1170 356 1203 etatis
378 1170 447 1215 lxvj
470 1182 646 1203 annorum
674 1170 731 1203 vel
759 1171 915 1210 circiter,
941 1177 1016 1202 erat
1041 1170 1170 1203 citatus
1196 1170 1239 1202 ad
1265 1170 1549 1214 comparendum
1571 1170 1607 1201 in
1628 1169 1794 1202 facultate
1816 1181 1880 1214 pro
1903 1181 1945 1201 eo
1968 1169 2065 1214 quod
2087 1169 2123 1201 in

252 1237 403 1282 quadam
432 1237 717 1282 congregatione
748 1237 1003 1271 Universitatis
1031 1237 1175 1269 loeutus
1208 1237 1325 1269 fuerat
1357 1237 1504 1269 domino
1536 1236 1655 1269 abbati
1689 1237 1723 1269 S.
1759 1236 1956 1269 Katherine
1986 1236 2119 1269 montis

253 1304 571 1349 Rothomagensis,
594 1311 718 1337 nostre
744 1304 924 1337 facultatis
951 1304 1120 1345 decano',
1145 1304 1300 1336 dicendo
1324 1304 1426 1348 plura
1448 1303 1558 1336 verba
1586 1316 1650 1348 per
1673 1303 1820 1335 modum
1843 1303 2120 1349 redargucionis

252 1371 331 1403 sine
353 1383 579 1416 quacumque
602 1371 823 1412 reverencia,
845 1383 925 1404 cum
947 1372 1097 1416 capucio
1111 1379 1146 1404 et
1166 1371 1262 1416 pileo
1285 1383 1349 1403 seu
1371 1371 1527 1403 almucio
1549 1371 1585 1402 in
1603 1371 1730 1415 capite,
1755 1377 1789 1403 et
1806 1371 1983 1412 sedendo,
1997 1377 2121 1403 contra

255 1450 390 1470 morem
414 1438 670 1471 Universitatis
690 1439 832 1470 notorie
854 1438 1099 1479 observatum,
1124 1450 1195 1482 quo
1217 1438 1271 1470 illi
1288 1438 1332 1470 de
1353 1437 1520 1470 facultate
1537 1438 1679 1478 artium,
1699 1438 1775 1470 sive
1793 1437 1956 1482 magistri
1973 1437 2030 1470 vel
2047 1437 2119 1477 alii,

253 1517 327 1538 non
348 1512 621 1538 consueverunt
640 1505 741 1550 loqui
767 1505 944 1546 sedendo,
968 1505 1032 1537 sed
1062 1505 1172 1538 erecti
1195 1511 1230 1537 et
1251 1505 1392 1546 stando,
1416 1504 1459 1537 ad
1482 1504 1721 1537 differentiam
1745 1504 1934 1537 doctorum
1956 1511 1991 1537 et
2011 1504 2124 1549 magi-

253 1578 410 1605 strorum
442 1572 674 1617 superiorum
707 1572 928 1613 facultatum,
963 1572 1025 1616 qui
1052 1572 1224 1604 sedentes
1260 1571 1442 1604 locuntur.
1481 1571 1535 1603 Ad
1566 1583 1671 1616 quam
1706 1571 1800 1603 diem
1837 1571 1916 1616 ipse
1950 1571 2124 1616 magister

251 1638 435 1672 Johannes
457 1639 639 1672 Francisei
662 1639 876 1684 comparuit.
900 1640 944 1671 Et
964 1639 1046 1684 quia
1069 1639 1231 1684 predicta
1254 1638 1451 1684 tangebant
1474 1639 1609 1671 dietum
1639 1638 1823 1671 dominum
1842 1638 2032 1679 decanum,
2055 1650 2124 1683 ego

254 1706 403 1739 Livinus
420 1705 608 1746 Neuelinc,
627 1706 856 1738 decretorum
874 1706 1013 1746 doctor,
1037 1706 1087 1738 fui
1110 1712 1276 1750 tanquam
1294 1706 1478 1750 antiquior
1495 1705 1688 1750 deputatus
1705 1705 1748 1737 ad
1765 1705 1987 1749 loquendum
2007 1705 2123 1737 eidem

253 1779 288 1805 et
308 1773 566 1805 insinuandum
580 1773 817 1805 intentionem
831 1772 1022 1813 facultatis,
1042 1784 1111 1817 que
1128 1772 1209 1805 talis
1227 1779 1303 1805 erat
1318 1773 1354 1804 in
1372 1772 1500 1805 effectu
1522 1784 1527 1804 :
1543 1773 1619 1805 visa
1636 1772 1900 1817 redargucione
1918 1772 2124 1817 supradicta

252 1851 292 1872 ac
313 1839 452 1884 proprii
468 1840 665 1883 juramenti
686 1839 769 1872 bina
790 1840 868 1872 vice
895 1852 960 1884 per
981 1841 1099 1884 ipsum
1128 1840 1270 1884 prestiti
1295 1840 1344 1882 tin
1369 1840 1569 1884 adepcione
1594 1839 1773 1884 graduum
1800 1838 2062 1872 bachalariatus
2091 1846 2125 1872 et

251 1906 414 1947 liceiicie,
433 1918 504 1951 quo
521 1907 658 1950 juravit
676 1906 850 1939 exhihere
872 1907 1113 1940 reverentiam
1135 1914 1170 1939 et
1190 1906 1367 1939 honorem
1394 1906 1565 1939 omnibus
1596 1906 1808 1939 doctoribus
1833 1906 2067 1951 presentibus
2089 1913 2123 1939 et

250 1973 393 2015 futuris)
413 1973 723 2018 transgressione,
745 1973 895 2006 facultas
917 1973 1129 2006 intendebat
1149 1973 1350 2018 procedere
1372 1980 1497 2006 contra
1522 1974 1640 2018 ipsum
1659 1974 1851 2006 occasione
1874 1973 2120 2018 predictorum

250 2040 505 2072 forefactorum
524 2040 593 2073 viis
611 2047 646 2073 et
661 2040 780 2073 modis
801 2040 1042 2085 possibilibus
1060 2047 1095 2073 et
1110 2040 1281 2085 juridicis
1305 2040 1349 2073 ad
1371 2040 1479 2072 finem
1505 2040 1746 2085 reparationis
1768 2040 1901 2073 debite.
1925 2041 2122 2083 [Jolzannes

250 2107 438 2140 Francisci
457 2118 492 2139 se
516 2111 714 2140 excusando
738 2108 873 2140 veniam
894 2108 1038 2151 petivit,
1065 2113 1121 2140 tet·
1134 2107 1313 2151 flectendo
1334 2119 1448 2152 genua
1473 2119 1577 2152 nsque
1598 2106 1645 2140 ad
1670 2113 1806 2140 terram
1829 2113 1862 2140 et
1874 2107 2011 2151 flendo.
2037 2108 2120 2141 Visa

248 2173 466 2215 poenitentia
481 2173 634 2218 ejusdem
639 2174 806 2219 facultas
821 2174 854 2207 ei
868 2173 1077 2208 condonavit
1096 2175 1308 2219 injuriam]

1449 2220 1498 2251 Ita
1521 2226 1588 2251 est.
1612 2220 1807 2252 NEUELINC.

345 2272 452 2295 Memor.
470 2272 519 2295 sac.
535 2271 643 2301 decret„
658 2272 677 2302 l,
695 2272 740 2295 sol.
754 2272 820 2295 mab.

346 2355 369 2379 1.
387 2356 527 2379 Guillelmo
543 2356 574 2379 de
590 2356 682 2387 Conty.

252 2495 397 2532 2398.
427 2505 602 2530 Πιιίνενείίαε
621 2506 716 2531 Paris.
733 2505 881 2541 supplicat
900 2506 1022 2531 Hem-ico
1049 2507 1089 2539 Vl,
1112 2507 1172 2540 regi
1186 2505 1317 2539 :inglitzcg
1342 2509 1372 2530 ut
1391 2505 1535 2531 lohannes
1549 2505 1584 2531 de
1603 2505 1767 2539 Αδἐι-νανιἹΙα,
1791 2506 1883 2531 abbas
1901 2508 1928 2531 S.
1947 2506 2050 2540 Mauri,
2067 2515 2122 2541 per

342 2552 432 2578 alium
442 2557 597 2589 praestare
611 2554 766 2588 fidelitatis
774 2555 970 2589 juramentum
985 2555 1087 2590 possit.

1290 2590 1361 2619 1430,
1376 2591 1525 2620 dum-1431,
1543 2591 1658 2616 oecemb.
1676 2592 1701 2619 2,
1720 2591 1835 2616 Parisiis.

343 2677 486 2709 Dudum
509 2677 644 2722 placuit
664 2678 764 2722 regie
786 2685 906 2711 vestre
927 2678 1151 2718 celsitudini,
1175 2678 1411 2710 serenissime
1434 2684 1469 2710 et
1489 2677 1794 2711 christianissime
1818 2690 1890 2720 rex,
1916 2679 2061 2712 domine
2082 2692 2121 2713 ac

255 2750 355 2788 pater
380 2744 694 2785 metuendissime,
722 2744 919 2789 preclaram
945 2745 1115 2778 virtutem
1142 2745 1345 2777 doctissimi
1371 2744 1438 2777 viri
1465 2745 1629 2789 magistri
1655 2744 1830 2778 Johannis
1855 2745 1898 2777 de
1926 2746 2120 2779 Servavilla

255 2809 484 2842 decretorum
502 2811 677 2852 doctoris,
700 2810 839 2843 abbatis
857 2811 976 2844 Sancti
994 2812 1124 2852 Mauri,
1142 2811 1314 2856 benignis
1332 2817 1484 2843 tractare
1502 2810 1701 2852 favoribus,
1722 2818 1757 2844 et
1773 2824 1852 2844 cum
1865 2812 2021 2856 jul-ande
2039 2812 2123 2846 fide-

256 2876 365 2909 litatis
381 2877 496 2920 gratia
512 2884 632 2911 vestre
649 2878 856 2910 serenitatis
876 2878 1107 2922 presentiam,
1127 2877 1293 2910 obstante
1310 2878 1510 2910 senectutis
1527 2878 1751 2923 impotentia,
1769 2878 1868 2911 adire
1885 2891 1958 2911 non
1974 2879 2123 2922 valeret,
