2502 3418
406 317 470 348 20ss
976 328 1296 350 annTnLAaium
1333 327 1522 349 UNivaas.
1561 327 1688 348 mnis
2175 315 2271 351 [1411

405 400 708 433 instructionibus
727 401 853 434 tradita
870 402 981 434 vestri
1003 402 1181 435 sanctitati
1204 401 1411 446 explicaret,
1429 400 1712 433 co1mnisinu1s³.
1738 399 1876 431 Idcirco
1898 400 2159 444 supplicamus,
2177 407 2215 433 ut
2235 401 2271 434 in

405 466 461 498 his
483 473 517 499 et
538 466 618 499 aliis
644 479 708 512 pro
731 474 830 512 parte
851 474 974 500 nostra
995 468 1162 501 dicendis
1191 468 1361 500 sanctitas
1382 474 1500 499 vestra
1531 466 1601 498 sibi
1629 466 1736 498 fidem
1765 465 1950 498 indubiam
1973 466 2146 511 dignetur
2170 467 2271 499 adhi-

405 532 505 573 bere,
523 545 621 566 suam
646 534 750 566 etiam
773 535 986 579 personamb
1007 535 1129 567 favore
1152 541 1300 579 paterno
1322 532 1593 578 prosequendo.
1621 532 1850 565 Sanctitatem
1873 539 2027 565 vestram
2055 545 2272 566 conservare

405 599 576 643 dignetur
597 600 773 632 Dominus
795 607 919 633 noster
935 600 1067 633 Jhesus
1089 600 1257 634 Christus
1278 600 1321 632 ad
1342 599 1428 632 felix
1449 599 1613 643 regimen
1636 598 1790 630 ecclesie
1812 610 1877 631 sue
1899 606 2034 632 sancte.

495 697 610 721 Asinaia
626 697 740 720 chartac.
761 698 785 720 in
802 698 878 720 Arch.
895 701 947 721 nat.
969 697 1062 725 Paris„
1086 698 1109 720 M
1125 699 1176 725 65³,
1193 702 1221 719 n⁰
1236 698 1274 720 35.
1290 711 1321 714 —
1343 697 1441 719 Ibidem
1465 699 1549 719 exstat
1569 696 1621 719 alia
1641 696 1754 726 epistola
1773 696 1806 718 ad
1827 696 1966 727 quemdam
1989 706 2002 718 α
2022 697 2272 720 reverendissimum

401 744 502 771 patrem
515 751 537 768 u,
549 741 590 764 cui
606 742 780 772 supplicatur,
794 745 821 764 ut
832 751 844 763 α
856 750 903 772 pro
920 742 960 764 his
971 741 1119 772 optinendis
1134 741 1204 772 apud
1219 741 1352 763 dominum
1367 744 1484 763 nostrum
1499 748 1560 763 suas
1575 740 1741 771 interponere
1754 740 1815 763 velit
1828 749 1922 771 operas
1934 741 2049 764 efficaces
2062 751 2084 765 η.
2097 741 2132 764 Ι)0
2144 741 2271 772 temporis

402 789 463 808 nota
477 785 529 809 vid.
549 789 601 809 not.
619 786 629 808 1
645 790 669 808 ct
685 787 706 808 2,

494 868 517 893 1.
534 869 666 892 Jobunncs
682 870 770 892 eodem
787 878 864 898 anno,
881 869 964 900 April.
980 870 1017 898 29,
1036 869 1180 892 Concilium
1197 869 1318 900 gencrale
1337 869 1433 892 Romae
1449 868 1636 891 celebrandum
1655 868 1748 891 indixit
1763 869 1835 900 (fleg.
1852 869 1920 898 Vat.,
1938 874 1967 892 n0
1981 870 2036 897 342,
2054 869 2099 893 sol.
2116 869 2190 900 2361)).
2207 870 2271 893 Uni--

401 913 511 936 versitas
530 914 667 944 epistolam
685 914 800 944 scripsit,
816 914 919 944 quando
937 914 1043 936 nuntius
1059 913 1208 936 indictionis
1227 913 1343 936 nondum
1359 914 1391 935 ad
1408 921 1465 936 cam
1480 913 1608 944 pervenit.
1626 913 1751 936 Eamdem
1768 914 1989 944 supplicationem
2004 914 2169 937 Universitas
2185 915 2269 938 Paris.

400 961 517 988 tempore
532 958 640 981 Concilii
655 958 762 981 Romani
776 958 927 987 (1412-1413)
944 958 976 980 ad
992 966 1090 989 papam
1106 958 1208 986 direxit,
1224 957 1281 981 scil.
1296 967 1308 979 n
1323 961 1351 980 ut
1363 966 1432 988 papa
1450 957 1595 980 Concilium
1608 958 1731 988 generale
1744 958 1814 981 ultra
1827 959 1929 982 montes
1945 958 2060 982 mitteret
2075 968 2088 980 »
2105 959 2267 988 (ΜωιΑΤοΜ,

400 1002 464 1026 Ber.
479 1002 539 1026 ital.
556 1002 660 1032 script„
677 1003 723 1031 III,
740 1003 762 1032 2,
778 1011 804 1033 p.
824 1003 888 1031 846).
909 1016 933 1019 -
947 1001 969 1026 2.
987 1003 1046 1033 Ipse
1058 1005 1151 1033 postea
1166 1002 1240 1031 dixit,
1258 1010 1285 1025 se
1300 1010 1347 1033 per
1363 1010 1452 1033 regem
1468 1005 1492 1025 et
1506 1001 1711 1025 Universitntem
1727 1002 1760 1025 ud
1776 1002 1923 1026 Johannem
1936 1003 2016 1026 XXIII
2029 1011 2078 1034 pro
2093 1003 2171 1026 certis
2187 1011 2269 1035 nego-

399 1046 441 1069 tiis
466 1047 554 1069 arduis
578 1055 665 1077 regem
682 1050 706 1069 et
728 1055 837 1077 regnum
858 1055 887 1069 ac
905 1046 1110 1070 Universitatem
1125 1046 1295 1077 tangentibus
1317 1046 1476 1069 destinatum
1498 1054 1565 1069 esse.
1588 1047 1615 1069 In
1638 1046 1731 1070 itinere
1751 1057 1764 1068 «
1780 1055 1827 1078 per
1848 1047 1978 1078 pillardos
1999 1051 2025 1071 et
2046 1048 2162 1071 latrones
2180 1037 2269 1079 prol-we

399 1091 517 1114 Romam
540 1094 640 1121 captus,
660 1091 827 1121 depredatus,
844 1091 997 1114 vulneratus
1018 1094 1043 1114 et
1063 1099 1114 1114 non
1135 1091 1266 1114 modicum
1287 1091 1491 1122 dampnificutus
1512 1094 1552 1114 est
1617 1091 1643 1114 in
1663 1092 1813 1122 praesentia
1832 1100 1917 1123 papae
1939 1095 1964 1115 et
1979 1092 2154 1115 cardinalium
2169 1093 2270 1124 pluries

399 1135 548 1158 solemniter
562 1135 752 1165 predicaverat,
767 1135 793 1158 in
807 1135 992 1158 collationibus
1010 1139 1035 1158 et
1050 1135 1109 1158 aliis
1125 1136 1227 1158 actibus
1244 1135 1307 1158 adeo
1323 1136 1474 1158 notabiliter
1491 1144 1518 1158 se
1535 1136 1671 1164 habuerat,
1686 1137 1756 1167 quod
1770 1145 1817 1167 per
1832 1137 1880 1159 hoc
1896 1137 1920 1159 in
1938 1137 2068 1160 dictorum
2084 1146 2153 1169 pape
2170 1141 2195 1160 et
2212 1146 2270 1160 car-

398 1179 523 1202 dinalium
537 1179 626 1209 gracia
644 1180 719 1202 valde
736 1179 907 1210 singulariter
922 1180 1028 1203 habitus
1047 1182 1131 1203 suerat
1144 1183 1169 1203 et
1184 1183 1314 1211 repertus.
1332 1180 1500 1211 Quapropter
1516 1180 1572 1211 ipse
1586 1189 1656 1212 papa
1673 1181 1782 1212 proprio
1799 1185 1870 1204 motu
1886 1182 1996 1205 eundem
2012 1181 2038 1205 in
2055 1190 2132 1205 suum
2150 1199 2176 1206 ...
2194 1182 2271 1205 sami-

397 1223 487 1246 liarem
502 1224 703 1246 commensalem
720 1224 836 1254 elegerat
850 1241 877 1248 ...
894 1228 918 1247 ct
931 1224 1045 1247 habilem
1063 1225 1095 1247 ad
1111 1224 1265 1247 beneficium
1278 1225 1468 1255 acceptandum
1480 1234 1493 1246 υ
1509 1225 1662 1254 declaravit,
1674 1229 1784 1256 propter
1799 1226 1868 1257 quod
1882 1234 1925 1249 an.
1938 1226 2006 1255 1412,
2024 1226 2109 1254 Febr.,
2122 1226 2268 1257 prioratum

396 1268 427 1290 de
440 1267 579 1299 Gournayo
593 1268 633 1297 (de
648 1276 698 1299 quo
719 1268 797 1291 etiam
822 1269 847 1291 in
871 1269 932 1300 Reg.
950 1269 1005 1292 Lat.
1021 1269 1081 1293 ι1011.
1098 1269 1186 1296 XXIII,
1205 1273 1233 1291 0ο
1251 1269 1304 1293 176.
1325 1269 1368 1292 sul.
1388 1269 1440 1298 183)
1457 1269 1604 1300 acceptavit
1619 1269 1706 1298 (Ax-ch.
1723 1274 1777 1293 nat.
1793 1270 1887 1300 Paris.‚
1907 1271 1952 1293 X1·
1969 1271 2008 1300 61,
2028 1271 2072 1295 fol.
2089 1271 2154 1300 210).
2170 1272 2269 1295 Revera

395 1312 526 1334 Johannes
543 1313 623 1335 XXIII
638 1321 686 1343 per
700 1312 838 1343 epistolam
856 1313 1015 1342 (antedatam
1030 1322 1072 1337 an.
1094 1314 1163 1343 1210,
1183 1313 1244 1336 Maii
1260 1314 1298 1342 25)
1319 1313 1433 1336 Johunni
1455 1314 1591 1345 Bovesgue
1611 1314 1749 1343 concessit,
1766 1318 1795 1337 ut
1809 1315 1957 1346 prioratum
1972 1315 2112 1346 quemdam
2131 1319 2269 1347 acceptare

394 1360 419 1379 et
430 1356 523 1379 deinde
535 1365 593 1379 cum
607 1357 815 1385 eleemosinaria,
828 1358 902 1388 eujus
916 1359 1015 1381 fructus
1032 1366 1082 1381 non
1097 1358 1165 1381 ultra
1179 1359 1224 1381 450
1236 1358 1297 1381 libr.
1313 1361 1399 1381 turon.
1414 1358 1544 1386 valebant,
1558 1358 1669 1382 retinere
1683 1362 1774 1390 posset
1789 1360 1862 1390 (Reg.
1876 1360 1942 1389 Lat„
1955 1364 1984 1382 n0
1997 1360 2050 1389 148,
2068 1360 2111 1385 sol.
2123 1360 2175 1389 43¹²)
2203 1360 2268 1384 Cum

395 1409 463 1431 papa
479 1409 521 1424 an.
539 1401 607 1430 1411,
624 1401 707 1432 April.
723 1402 760 1430 11,
777 1402 862 1424 solum
878 1402 975 1425 Urbem
990 1402 1136 1432 intraverit,
1152 1403 1284 1426 Johannes
1302 1403 1438 1434 Bovesgue
1454 1411 1504 1426 non
1521 1407 1597 1426 antea
1613 1403 1710 1426 missus
1725 1407 1765 1426 est
1779 1407 1804 1427 et
1822 1404 1930 1427 Romam
1943 1404 2072 1435 pervenit,
2086 1404 2268 1428 verisimiliter

394 1454 452 1467 cum
468 1446 573 1468 Nicolao
587 1446 664 1473 Gelie,
680 1446 722 1469 lic.
739 1446 764 1469 10
781 1447 841 1477 leg.,
857 1447 900 1478 qui
917 1456 958 1471 an.
976 1448 1033 1469 1411
1051 1451 1110 1470 ante
1122 1448 1233 1478 August.
1246 1447 1352 1470 nuntius
1370 1448 1439 1478 regis
1453 1448 1501 1471 suit
1517 1449 1589 1478 (Reg.
1605 1448 1660 1472 Lat.
1671 1448 1741 1478 Joh.,
1758 1452 1786 1471 n0
1802 1449 1854 1477 151,
1869 1449 1913 1472 [01.
1930 1450 1995 1480 242).
2010 1448 2072 1473 -3,
2089 1449 2183 1472 Postea
2198 1450 2269 1473 dele-

395 1493 448 1512 tum
464 1493 512 1513 est.
528 1503 559 1507 —
572 1489 595 1514 4.
613 1491 660 1513 Ms.
677 1499 755 1513 manu
771 1491 856 1522 prima
873 1499 878 1514 ⁴.
896 1502 908 1513 «
925 1500 986 1514 suas
1000 1492 1078 1514 etiam
1094 1500 1222 1523 personas
1240 1502 1262 1515 ι).

399 1649 538 1688 1918.
566 1659 740 1684 Universitas
756 1659 848 1684 Paris.
865 1659 988 1684 Johanni
1006 1660 1106 1684 XXIII
1117 1659 1270 1695 supplicat,
1288 1664 1318 1685 ut
1333 1660 1535 1694 registratores
1553 1660 1694 1686 bullarum
1712 1662 1871 1698 suppositis
1890 1662 2088 1688 Universitatis
2104 1662 2139 1689 de
2154 1663 2266 1700 suppli-

484 1709 644 1734 cationibus
661 1708 798 1733 contentis
815 1708 842 1733 in
857 1707 947 1733 rotulo
962 1708 1128 1733 Aleaeandro
1148 1710 1171 1734 V
1179 1713 1366 1744 praesentato
1382 1709 1495 1735 litteras
1511 1710 1688 1746 apostolicas
1706 1711 1732 1736 in
1746 1712 1841 1745 forma
1858 1712 1973 1738 Rationi
1989 1713 2135 1745 congruit.
2154 1713 2264 1748 quoties

481 1758 570 1791 suerit
590 1761 786 1793 opportunum,
809 1757 968 1792 sumptibus
988 1758 1208 1793 suppositorum,
1234 1758 1400 1794 esrpediant.
1425 1760 1573 1793 Scriptum
1589 1760 1711 1786 Pax-isius
1730 1760 1761 1786 in
1777 1763 1874 1786 nostra
1892 1761 2117 1794 congregatione
2137 1762 2264 1795 generali

481 1807 559 1840 apud
574 1807 600 1832 S.
618 1806 798 1832 Maturinum
814 1807 855 1839 xj³
871 1807 934 1832 Maii
950 1807 1100 1832 celebrata.
1120 1818 1132 1830 «
1150 1808 1235 1841 Apud
1251 1810 1341 1834 vestre
1355 1809 1513 1834 sanctitatis
1527 1818 1551 1834 n.

1655 1872 1719 1901 7411,
1737 1872 1797 1897 Maii
1813 1873 1843 1902 11,
1859 1873 1973 1899 Parisiis.

485 1957 597 1980 Minuta
613 1957 728 1980 chartac.
745 1957 770 1979 in
787 1957 863 1980 Arch.
879 1961 933 1981 nat.
950 1958 1044 1985 Paris„
1060 1959 1082 1980 M
1098 1960 1149 1987 65¹2,
1166 1963 1194 1981 11⁰
1213 1960 1252 1982 55.
1270 1959 1346 1988 Ihid‚‚
1363 1964 1391 1982 n⁰
1407 1959 1459 1987 125,
1481 1960 1594 1991 epistola
1615 1960 1802 1983 universitatis
1822 1970 1835 1982 «ι
1851 1961 1975 1984 venerab.
1994 1964 2019 1984 et
2039 1961 2182 1985 scientifico
2202 1961 2261 1986 viro

392 2009 461 2031 mag.
479 2001 590 2024 lIenrico
605 2001 636 2024 de
652 2002 776 2024 Fontanis
792 2002 875 2024 amico
888 2006 977 2025 nostro
993 2003 1130 2025 carissimo
1142 2013 1154 2024 n
1169 2003 1276 2034 scripta,
1292 2004 1382 2027 nuntio
1396 2004 1420 2027 10
1437 2004 1510 2027 curia
1527 2005 1600 2028 Rom.
1615 2005 1646 2027 de
1660 2005 1750 2028 eodem
1766 2009 1922 2036 argumento
1938 2009 1962 2029 et
1976 2006 2089 2037 epistola
2103 2006 2135 2029 ad
2151 2014 2259 2038 papum.

391 2058 420 2061 —
432 2045 506 2068 Certe
522 2045 570 2068 hae
583 2045 710 2076 epistolae
726 2046 810 2068 adhuc
826 2054 893 2069 anno
908 2047 965 2069 1411
983 2047 1097 2078 scriptae
1111 2051 1178 2071 sunt.

396 2212 534 2249 1919.
563 2222 735 2247 L'niwersitas
751 2222 845 2248 Par-is.
862 2222 901 2247 ml
916 2222 1013 2248 ducem
1029 2223 1222 2257 Bia-gaudine,
1240 2228 1269 2249 ut
1286 2225 1418 2250 abbatem
1434 2228 1460 2251 S.
1481 2225 1612 2251 Audoeni
1627 2230 1725 2251 contra
1740 2226 1873 2252 abbatem
1888 2227 1923 2252 de
1944 2228 2071 2252 Truarno
2083 2231 2225 2263 protegat.

1651 2314 1714 2343 un.
1730 2314 1790 2339 Maii
1805 2315 1836 2344 11,
1854 2315 1968 2340 Parisiis.

477 2397 505 2428 A
528 2403 601 2429 tres
622 2396 721 2430 hault
746 2404 780 2430 et
805 2404 879 2431 tres
907 2400 1071 2443 puissant
1098 2400 1221 2444 prince
1249 2408 1283 2433 et
1303 2408 1427 2434 nostre
1449 2409 1523 2434 tres
1545 2402 1721 2435 rcdoubte
1742 2403 1916 2447 seigneur
1938 2403 2199 2448 monseigneur
2221 2403 2255 2436 le

389 2462 457 2494 duc
479 2463 523 2495 de
545 2464 779 2509 Bourgogne,
797 2472 902 2497 conte
920 2465 964 2498 (10
986 2466 1150 2508 Flandre,
1170 2467 1329 2500 d’Artois
1351 2475 1385 2501 et
1406 2469 1449 2501 de
1471 2469 1720 2514 Bourgoigne.

477 2530 566 2562 Tres
587 2529 687 2563 hault
707 2537 741 2563 et
762 2537 835 2564 tres
857 2532 1022 2576 puissant
1042 2533 1166 2577 prince
1184 2541 1218 2566 et
1235 2541 1358 2567 nostre
1376 2541 1449 2568 tres
1468 2535 1670 2576 redou[l)]te
1688 2536 1875 2581 seigneur,
1894 2548 1987 2569 nous
2005 2548 2098 2569 nous
2115 2548 2254 2570 recom-

389 2596 564 2628 mandons
585 2599 602 2629 a
617 2604 739 2630 vostre
761 2598 971 2643 seignourie
993 2606 1067 2632 tant
1088 2607 1121 2632 et
1142 2601 1172 2632 si
1194 2607 1266 2633 tres
1283 2602 1607 2635 ass'ectueusement
1626 2615 1764 2635 comme
1788 2603 1869 2647 plus
1891 2615 2042 2647 povons,
2062 2606 2080 2636 a
2095 2603 2252 2649 laquelle

387 2661 499 2705 plaise
520 2663 639 2695 savoir
660 2676 811 2705 comme,
834 2665 926 2697 ainsi
953 2677 1022 2709 que
1049 2678 1141 2699 nous
1169 2679 1281 2700 avons
1310 2668 1483 2708 entendu,
1506 2676 1630 2702 nostre
1653 2669 1747 2702 saint
1768 2673 1853 2714 pere
1874 2669 1907 2702 le
1933 2682 2023 2714 pape
2045 2671 2213 2715 nagaires
2233 2683 2251 2704 a

387 2727 592 2772 despointie
610 2730 653 2761 de
671 2741 737 2762 son
754 2730 916 2764 benefice
933 2738 967 2764 et
988 2732 1087 2776 prive
1109 2734 1286 2767 reverend
1308 2738 1394 2779 pere
1412 2747 1455 2767 en
1474 2736 1565 2768 Dieu
1586 2735 1703 2768 l’abbe
1721 2736 1764 2769 de
1787 2736 1887 2769 Saint
1902 2736 2007 2769 Ouen
2023 2737 2067 2769 de
2089 2738 2248 2778 Rouen¹,

385 2794 579 2826 venerable
602 2803 754 2840 suppost
781 2797 824 2829 de
854 2805 977 2830 nostre
1004 2799 1224 2841 Universae,
1252 2807 1287 2833 et
1307 2801 1350 2834 de
1372 2801 1461 2846 long·
1482 2809 1610 2847 temps,
1638 2809 1674 2835 et
1698 2814 1782 2835 sans
1803 2815 1843 2836 00
1864 2815 1934 2847 que
1954 2803 1979 2835 il
1999 2803 2048 2836 ait
2068 2807 2145 2836 este
2166 2804 2247 2845 cite,

385 2860 538 2904 appelle,
566 2873 610 2893 ne
632 2874 714 2907 ouy,
741 2875 785 2895 ne
807 2875 873 2896 son
894 2872 1050 2898 couvent
1076 2867 1188 2907 aussi,
1210 2879 1254 2899 ne
1275 2867 1390 2901 aultre
1418 2881 1510 2913 pour
1531 2869 1626 2910 eulx,
1649 2882 1693 2902 au
1715 2869 1893 2914 pourchaz
1914 2876 1950 2903 et
1969 2870 2183 2915 promocion
2204 2870 2248 2903 de
