2502 3418
397 330 461 363 272

978 337 1294 360 CHARTULAmUM
1328 335 1518 358 UN1VERS.
1556 335 1682 357 PARIS.
2167 322 2267 359 [1413

399 443 543 480 2001.
566 452 731 478 Concilium
747 451 814 478 fidei
831 451 949 477 Parisiis.
968 466 1002 470 ——-
1019 449 1150 476 Secunda
1169 449 1261 475 sessio
1286 449 1333 483 [in
1356 448 1438 474 domo
1462 448 1623 484 episcopali
1644 448 1836 483 Parisiens.].
1853 449 1984 475 Decemb.
2006 451 2021 476 4
2043 448 2186 475 Gerardus
2204 450 2267 485 epi—

486 510 589 537 scopus
603 501 698 527 Paris.
715 505 743 526 et
756 500 899 526 lohannes
914 499 1007 525 Poleti
1025 499 1092 525 Ord.
1106 498 1221 533 Praed.7
1238 498 1393 533 inquisitor
1408 497 1516 523 haeret.
1532 497 1697 533 pravitatis,
1716 497 1817 523 habita
1832 498 1914 533 prius
1929 497 1965 524 de
1979 498 2069 533 gestis
2085 498 2215 524 Novemb.
2233 499 2267 526 30

487 550 626 576 relatione
641 550 678 576 ab
697 549 813 583 officiali
828 550 923 575 Paris.
941 552 967 574 et
980 557 998 574 a
1013 549 1098 574 Petro
1116 547 1224 581 Floure,
1239 546 1343 572 vicario
1361 546 1553 581 inquisitoris,
1569 546 1716 581 petierunt
1731 555 1749 571 α
1765 546 1912 580 magistris
1925 547 2004 581 infra
2018 547 2135 583 scriptis
2149 547 2267 573 salubre

487 599 645 633 consilinm,
662 607 699 624 an
716 599 891 624 assertiones
907 599 922 624 7
937 601 1085 623 extractae
1101 605 1115 622 e
1128 595 1339 630 Justificalione
1353 594 1435 620 ducis
1450 594 1636 628 Burgundiae
1652 594 1868 621 rationabiliter
1882 599 1977 621 essent
1991 595 2164 632 reprobatae
2179 597 2265 631 (quas

488 648 540 674 vid.
557 654 588 674 n⁰
604 648 694 681 1990),
708 647 886 684 proindeque
901 647 928 672 in
947 645 1070 671 Concilio
1086 643 1329 678 condemnandae,
1348 647 1376 670 et
1392 643 1427 669 de
1444 643 1526 669 modo
1538 643 1718 679 procedendi
1733 643 1773 669 ad
1788 652 1886 669 earam
1903 643 2175 671 condemnationem.

1609 733 1678 762 1413.
1694 733 1810 759 oecomb.
1826 733 1851 763 4,
1865 734 1981 760 Parisiis.

1162 808 1288 844 Magistri
1301 808 1482 834 deliberantes
1498 816 1507 834 .·

490 893 575 919 Dom.
594 892 765 919 Senonensis
779 892 1009 925 archiepiscopus
1017 891 1036 917 ⁴.

561 942 634 974 Mag.
652 942 717 967 Joh.
735 941 770 966 de
786 941 947 967 Gersonno.

578 1006 612 1009 —
650 990 820 1016 Dominicus
833 989 924 1017 Parvi.
939 996 1002 1015 can.
1016 988 1102 1014 Paris.

579 1054 613 1058 -
649 1039 714 1064 Joh.
737 1038 911 1067 Breviscoxe,
937 1046 1000 1064 can.
1023 1037 1123 1066 Paris„
1143 1035 1318 1063 elemosina-

688 1088 749 1113 rius
762 1088 844 1120 regis.

561 1137 689 1163 Minister
702 1136 728 1162 S.
746 1134 912 1162 Maturini².

562 1186 634 1219 Mag.
652 1187 752 1212 Petrus
766 1185 802 1211 de
817 1186 972 1218 Dyerreyo.

563 1235 648 1260 Dom.
664 1234 751 1260 abbas
765 1234 801 1260 de
814 1235 836 1259 V
838 1233 1005 1267 erzellayoss.

561 1284 634 1317 Mag.
652 1283 825 1316 Radulphus
838 1283 925 1310 Paris.

651 1333 828 1359 Guillelmus
843 1333 958 1362 Beville,
973 1332 1006 1358 O.
1025 1332 1052 1358 S.
1069 1333 1143 1366 Aug.

652 1382 773 1408 Ursinus
788 1382 980 1408 Taillevande.

579 1348 613 1352 Ι

651 1431 769 1464 Egidius
783 1431 819 1457 (le
833 1431 1053 1464 Asperomonte.

651 1480 718 1505 Joh.
735 1479 887 1513 d'Achery.

651 1528 716 1555 Joh.
734 1529 849 1555 Mathie.

651 1578 814 1603 Germanus
830 1578 865 1604 de
878 1578 1033 1612 Rongiaco.

652 1627 835 1653 Theobaldus
850 1627 972 1657 Picardi,
988 1628 1111 1655 Carmel.

652 1676 762 1708 Symon
777 1676 812 1702 de
827 1676 939 1702 Coursi.

490 1437 523 1564 Magistri
490 1392 515 1422 in
490 1287 516 1376 theol.

652 1724 783 1752 Nicotaus
796 1726 939 1756 Canache,
953 1734 1016 1752 can.
1036 1726 1098 1752 Par.

654 1777 784 1803 Matheus
799 1775 901 1802 Roder.

654 1826 755 1851 Petrus
770 1826 805 1851 de
820 1824 979 1855 Cantellai.
994 1833 1058 1851 can.
1074 1826 1136 1852 Par.

579 1397 616 1844 ΙΙΙΙΙΙΙΙΙΙ

580 1888 614 1893 —
652 1874 717 1900 Joh.
736 1875 864 1904 Generis,
880 1874 960 1908 prior
975 1875 1010 1901 de
1026 1875 1225 1901 Calvomonte.

492 1922 564 1956 Mag.
592 1923 767 1949 Guillelmus
790 1923 826 1949 de
849 1923 952 1954 Kaerss,
980 1924 1086 1950 decret.
1117 1924 1228 1955 doctor,
1255 1932 1319 1951 can.

617 1972 703 1998 Paris.

564 2020 637 2053 Mag.
656 2021 796 2047 Henricus
810 2021 845 2047 de
860 2022 999 2056 Bragella.

652 2070 777 2096 Thomas
790 2070 826 2096 de
842 2071 942 2101 Ponte,
959 2071 1121 2105 prepositus
1137 2072 1164 2098 S.
1182 2072 1320 2098 Germani

691 2119 777 2145 Paris.

654 2168 755 2194 Petrus
765 2169 945 2199 Blancbouli,
958 2169 989 2195 in
1003 2170 1104 2203 colleg.
1114 2170 1307 2197 Thesaurarii.

654 2218 780 2244 Thomas
792 2218 828 2244 de
843 2218 985 2244 Cracovia.

654 2266 822 2292 Jourdanus
837 2267 951 2293 Morini.

653 2315 719 2341 Joh.
736 2315 772 2342 de
787 2316 1018 2342 Dulcimesnillo.

654 2364 829 2391 Guillelmus
844 2365 980 2395 Choletti,
995 2366 1118 2393 Carmel.

652 2414 778 2440 Thomas
793 2414 882 2440 Hohe.

655 2463 831 2489 Guillelmus
846 2464 1088 2498 Pulchrinepotis.

654 2513 754 2538 Petrus
769 2513 805 2538 de
817 2513 958 2546 Nogento.

533 2529 543 2592 Ι
583 2575 617 2578 —-
654 2560 786 2586 Matheus
801 2560 939 2586 Mercerii.

493 2609 565 2641 Mag.
576 2609 589 2634 J
593 2610 723 2635 ohannes
733 2609 769 2635 de
777 2608 958 2639 Matisconess,
968 2610 1122 2644 utriusque
1127 2610 1201 2644 juris
1208 2611 1319 2639 doctor.

495 2657 567 2690 Mag.
586 2657 712 2684 Herveus
726 2658 762 2684 de
777 2658 935 2688 Villanova,
952 2666 1030 2692 mag.
1048 2659 1079 2685 in
1094 2660 1184 2686 theol.

494 2705 580 2731 Dom.
595 2705 675 2739 prior
689 2706 724 2732 de
740 2706 767 2733 S.
785 2706 925 2737 Victore⁷,
942 2715 1020 2741 mag.
1035 2708 1067 2734 in
1081 2708 1171 2734 theol.

492 2316 527 2442 Magistri
493 2273 519 2304 in
493 2171 519 2260 theol.

584 2478 617 2481 Ι
582 2428 615 2432 Ι
583 2379 616 2383 Ι
581 2330 616 2334 Ι
581 2281 616 2286 1
583 2232 618 2236 Ι
581 2183 615 2187 Ι

1436 888 1510 922 Mag.
1526 888 1658 915 Nicolaus
1672 889 1707 915 de
1722 889 1820 918 Duno.
1837 897 1914 924 mag.
1931 890 1963 916 in
1978 890 2068 916 theol.

1437 937 1522 963 Dom.
1540 937 1690 967 Henricus.
1707 938 1792 972 episc.
1810 939 2016 966 Nannetenssss.

1436 985 1510 1018 Mag.
1528 985 1671 1012 Robertus
1685 987 1808 1017 Griselli,
1825 987 1961 1017 Carmel.,
1978 995 2056 1021 mag.
2073 987 2163 1013 theol.

1437 1034 1524 1060 Dom.
1540 1034 1628 1061 abbas
1642 1035 1669 1062 S.
1684 1036 1804 1062 Victoris
1813 1036 1834 1062 9.

1485 1092 1486 1096 ¹
1510 1084 1583 1117 Mag.
1600 1084 1667 1110 Joh.
1682 1085 1717 1111 de
1733 1085 1913 1112 Castellione.

1527 1147 1562 1153 -
1599 1134 1771 1160 Benedictus
1782 1134 1913 1161 Janciani
1923 1134 1956 1161 θ’).

1528 1198 1561 1201 -
1598 1183 1725 1209 Erardus
1738 1183 1926 1217 Emangardi.

1600 1231 1745 1257 Gerardus
1759 1231 1893 1260 Macheti,
1907 1238 1971 1258 can.
1986 1231 2073 1257 Paris.

1600 1280 1756 1313 Dionysius
1771 1280 1888 1313 Pagani.

1598 1329 1772 1362 Radulphus
1786 1329 1822 1355 de
1837 1329 1932 1355 Porta.

1483 1382 1487 1389 s
1599 1378 1775 1405 Guillelmus
1790 1378 1976 1411 Pinguisavis.

1597 1428 1663 1455 Joh.
1681 1428 1850 1458 Graverant‚
1867 1428 1937 1454 Ord.
1958 1428 2039 1455 Pred.

1598 1478 1662 1504 Joh.
1682 1477 1847 1504 Baldouini.

1599 1527 1665 1554 Joh.
1683 1528 1797 1553 Broust.

1478 1597 1480 1627 ἡ
1600 1578 1665 1604 Joh.
1683 1576 1839 1606 Michaelis,
1856 1576 1925 1602 Ord.
1943 1576 2025 1603 Pred.

1479 1632 1482 1656 ς
1599 1627 1666 1653 Joh.
1682 1627 1718 1653 de
1734 1626 1923 1652 Laudissono.

1483 1666 1489 1698 Ι
1527 1691 1563 1696 --
1600 1677 1700 1703 Petrus
1714 1676 1750 1702 de
1765 1675 1922 1702 Versailles.

1439 1726 1512 1759 Mag.
1530 1726 1632 1752 Petrus
1647 1725 1738 1754 Parvi,
1754 1725 1831 1751 hacc.
1850 1725 1936 1751 form.
1953 1724 1984 1750 in
1999 1725 2089 1751 theol.

1456 1790 1491 1794 —
1527 1775 1593 1801 Joh.
1609 1774 1765 1804 Lamberti,
1782 1774 1860 1800 hacc.
1876 1775 1963 1800 form.
1980 1774 2012 1800 in
2027 1774 2116 1800 theol.

1450 1824 1495 1850 Fr.
1526 1824 1692 1850 Philbertus
1705 1823 1741 1850 de
1756 1823 1922 1856 Annerteyo
1933 1822 1965 1853 ¹⁴,
1979 1823 2174 1853 Cluniacens..
2189 1823 2267 1851 baec.

1564 1873 1654 1899 theol.

1457 1937 1491 1942 —-
1528 1922 1654 1948 Thomas
1668 1922 1744 1952 Avis.
1761 1921 1896 1950 Carmel..
1910 1921 1989 1948 baec.
2004 1921 2094 1948 theol.

1439 1972 1512 2005 Mag.
1529 1971 1660 1998 Nicolaus
1683 1971 1793 2000 Lovier,
1814 1970 2034 1997 elemosinarius
2053 1970 2269 2002 Cadomens.⁴²,

1565 2019 1675 2056 [bacc.].

1528 2070 1594 2095 Joh.
1612 2069 1744 2098 Salnerii,
1760 2069 1837 2095 hacc.
1853 2069 1940 2095 form.
1957 2069 2047 2095 theol.

1528 2118 1704 2145 Guillelmus
1717 2118 1889 2151 Tronqueti‚
1905 2118 1983 2144 baec.
2000 2118 2087 2144 form.
2104 2118 2194 2145 theol.

1530 2169 1631 2194 Petrus
1645 2167 1765 2196 Galteri,
1779 2167 1856 2193 hacc.
1873 2167 1963 2193 theol.

1529 2217 1696 2243 Franciscus
1721 2216 1757 2243 de
1787 2216 1926 2245 Ecclesiis,
1950 2216 2031 2250 prior
2064 2215 2092 2242 S.
2119 2216 2270 2247 Bernardi.

1565 2273 1643 2298 mag.
1661 2264 1751 2291 theol.

1440 2315 1526 2341 Dom.
1553 2314 1640 2340 abbas
1670 2313 1846 2347 Boniportus
1857 2311 1894 2343 ¹³,
1925 2313 2108 2347 presentatus
2141 2312 2168 2339 S.
2192 2313 2270 2339 Ber-

1529 2363 1622 2394 nardi,
1638 2363 1715 2389 hacc.
1732 2362 1823 2388 theol.

1439 2413 1513 2446 Mag.
1530 2413 1638 2439 Paulus
1651 2412 1766 2441 Natalis,
1782 2411 1861 2437 hacc.
1877 2412 1964 2437 form.
1981 2410 2074 2437 theol.

1458 2477 1492 2481 —
1529 2462 1596 2488 Joh.
1612 2461 1648 2487 de
1661 2461 1841 2494 Horulyano,
1857 2461 1935 2487 hacc.
1950 2460 2036 2486 form.
2053 2460 2144 2486 theol.

1450 2512 1494 2537 Fr.
1529 2510 1649 2544 Egidius
1662 2510 1698 2537 de
1713 2510 1829 2539 Villain,
1844 2509 1920 2536 hacc.
1936 2510 2022 2535 form.
2037 2509 2126 2535 theol.

1461 2574 1491 2578 —
1529 2558 1706 2586 Guillelmus
1719 2558 1755 2584 de
1768 2558 1903 2589 Caritate,
1919 2558 1997 2584 bace.
2013 2565 2124 2584 cursor.

1459 2624 1494 2627 —
1530 2608 1763 2634 Archaubaudus
1777 2607 1813 2634 de
1829 2607 1989 2633 Firmitate.

1459 2673 1493 2677 —
1530 2657 1707 2684 Guillelmus
1721 2657 1758 2683 de
1770 2657 1886 2690 Joyaoe,
1902 2656 1980 2683 hacc.
2075 2655 2131 2690 [68]

1566 2707 1612 2741 [48
1623 2715 1702 2741 mag.
1718 2706 1820 2742 theut]

1438 1406 1472 1533 Magistri
1438 1360 1464 1391 in
1438 1257 1465 1347 theol.

1527 1245 1563 1645 ΙΙΙΙΙΙΙΙΙ

498 2791 567 2815 Bibl.
583 2796 637 2816 nat.
653 2794 745 2824 Paris„
761 2803 810 2817 ms.
826 2795 873 2818 lat.
889 2795 971 2823 1486²‚
990 2796 1033 2819 sol.
1046 2796 1138 2820 17-2312.
1154 2810 1185 2814 —
1202 2797 1268 2828 Opp.
1286 2797 1413 2827 Ger-ww„
1430 2797 1460 2829 V,
1477 2805 1505 2828 p.
1523 2798 1603 2820 70-78.

500 2836 653 2860 Coxcrusm
667 2838 746 2869 hujus
762 2839 887 2862 sessionis
906 2848 936 2863 ex
949 2844 1026 2871 parte
1040 2841 1159 2872 episcopi
1175 2845 1200 2864 et
1218 2841 1384 2873 inquisitoris
1408 2842 1465 2872 fuit,
1482 2845 1519 2871 ut,
1536 2841 1605 2865 sicut
1623 2841 1743 2873 plerique
1767 2839 1890 2871 magistri
1907 2839 2088 2872 postulabunt,
2112 2839 2272 2862 assertiones

407 2880 618 2904 condemnandae
631 2881 657 2904 in
671 2882 777 2914 scriptis
793 2884 975 2915 redigerentur
987 2888 1012 2908 et
1026 2885 1139 2917 singulis
1154 2886 1290 2918 magistris
1305 2887 1339 2910 ad
1355 2886 1557 2910 deliberandum
1571 2886 1747 2910 mitterentur.

2489 710 2502 747 §3

2486 749 2502 787 ἦ

2481 789 2502 804 ⁶71

2482 886 2485 897 Ι
