2502 3418
367 327 432 361 678
941 338 1264 361 anR‘rULAan
1298 338 1492 360 umvsns.
1528 337 1660 360 rimis.
2135 323 2237 360 [1448

459 412 528 436 Bibl.
544 415 598 436 nat.
614 413 710 442 Paris.,
727 421 776 437 ms.
790 413 837 437 lat.
855 414 936 442 5657·,
952 413 997 437 fol.
1014 413 1053 437 21.

458 487 483 513 1.
499 489 568 520 Mag.
589 488 669 512 theol.
687 497 729 512 an.
748 489 819 518 1449,
838 489 924 521 April.
944 489 984 513 21.
1004 489 1063 513 Vid.
1083 489 1115 512 de
1136 497 1166 513 eo
1185 491 1315 518 Auctar„
1332 489 1365 518 II,
1385 497 1413 520 p.
1433 490 1487 518 555,
1505 491 1559 512 not.
1579 489 1603 512 2.
1621 489 1669 513 An.
1685 488 1755 517 1453,
1771 487 1855 519 April.
1873 488 1911 517 28,
1925 486 2067 518 episcopus
2082 486 2237 510 Abrincens.

366 547 396 551 —
412 533 436 558 2.
452 534 512 557 Jum
527 542 570 557 un.
589 534 650 557 1429
665 534 862 558 sententiarius.
879 535 948 566 Mag.
964 534 1046 558 theol.
1062 542 1104 558 an.
1121 534 1191 564 1448,
1207 534 1293 565 April.
1309 534 1333 558 1.
1350 533 1532 557 Diversimode
1547 533 1573 556 in
1589 533 1670 556 mssffl
1687 536 1712 556 et
1728 532 1788 557 edd.
1805 532 1951 556 scribitur:
1966 542 1979 554 α
1995 530 2208 555 Vallerovillonis
2224 540 2238 552 w

368 579 428 607 (ms.
446 579 543 608 5657²);
566 587 577 602 ε(
591 579 716 602 Varallon
733 587 744 601 »
763 581 822 609 (ms.
837 579 885 603 lat.
903 579 987 607 12390,
1005 579 1050 603 fol.
1068 579 1095 602 31
1113 579 1158 601 ubi
1173 579 1253 602 etiam
1266 581 1376 602 vocatur
1390 586 1395 602 t
1416 587 1428 602 (ι
1442 578 1536 609 Aquila
1553 579 1588 608 »);
1607 586 1618 601 ((
1634 577 1812 608 Vuurilongus
1826 585 1838 600 x>
1856 577 2024 607 (WADD1NG);
2048 585 2060 599 «
2074 576 2210 599 Vaurillon
2226 583 2237 599 »

367 622 574 653 (ΒἋΒΟΕΝΤΒέ).
590 623 650 647 Fuit
671 624 752 653 Brito,
767 627 911 647 conventus
927 623 1080 652 Dinunens.,
1102 623 1266 654 proindeque
1284 631 1299 646 a
1318 623 1471 646 Vaut-ouant
1486 622 1729 652 (COtes-du—Nord).
1746 623 1794 646 An.
1810 623 1879 651 1463,
1900 621 1970 644 circa
1989 621 2088 649 Notale,
2107 620 2238 652 adjunctis

367 668 470 691 duobus
495 668 640 692 Minoribus
663 677 753 692 coram
774 669 819 692 Pio
842 669 865 692 11
885 668 1033 700 disputavit
1052 676 1111 691 cum
1133 668 1219 691 tribus
1242 668 1472 691 Praedicatoribus
1492 668 1523 691 de
1544 667 1678 699 Sanguine
1694 666 1793 690 Christi
1813 666 1849 696 (in
1870 675 1919 690 ms.
1939 666 1986 700 lat.
2003 666 2092 696 1239ος
2109 667 2143 689 cf.
2159 665 2238 688 etiam

368 706 605 742 Qm-iTIF-Ecutmm
621 713 727 744 Script.
742 714 855 742 Praed.,
875 713 893 741 Ι,
910 713 955 735 822
971 714 1049 744 sqq.).
1066 713 1188 735 Fortasse
1203 712 1273 736 idem
1293 720 1323 735 ac
1338 712 1497 736 Guillelmus
1513 711 1606 740 Vallis,
1623 712 1654 735 Ο.
1671 711 1744 741 Μίη,,
1759 711 1840 735 theol.
1862 719 1943 742 maga,
1962 719 2005 734 un.
2024 711 2084 734 1450
2103 711 2239 733 confessor

367 757 475 789 reginae
490 758 616 781 Franciae
631 758 735 789 (Suppl.
751 757 836 781 Nicol.
849 758 879 786 V,
895 762 924 780 n⁰
940 758 996 788 439,
1013 758 1057 781 sol.
1076 757 1139 787 187).
1155 770 1187 774 —
1205 756 1230 781 3.
1246 756 1374 788 Magister
1392 756 1454 780 Maii
1474 758 1513 780 27.
1531 769 1563 774 —
1579 756 1606 782 4.
1620 757 1690 787 Mag.
1707 756 1834 780 Novemb.
1851 757 1890 779 25.
1907 769 1934 774 —
1950 754 1975 780 5.
1989 756 2059 786 Mag.
2073 754 2155 787 April.
2172 756 2196 778 9.
2209 767 2240 772 -

368 802 392 827 6.
405 802 461 826 Non
472 803 671 826 confundendus
682 811 741 825 cum
753 802 812 826 Joh.
824 802 972 831 Foucherii,
986 802 1059 831 Min„
1069 802 1123 833 jam
1135 810 1177 825 an.
1190 802 1249 824 1431
1261 801 1390 833 magistro
1402 801 1465 831 (vid.
1477 810 1505 833 p.
1516 802 1570 830 523,
1582 804 1637 825 not.
1652 802 1703 831 47).
1718 801 1860 825 Cat-melita
1876 800 1925 824 fuit
1940 808 2011 832 mug.
2024 800 2117 824 Octob.
2133 800 2156 830 2,
2168 799 2239 823 1448.

369 860 397 865 —-
412 846 436 872 7.
452 847 522 878 Mag.
536 856 578 871 an.
597 848 666 875 1449,
684 847 806 871 Decemb.
821 848 843 871 2.
858 860 890 864 —
907 847 932 872 8.
948 847 1018 877 Mag.
1034 847 1105 876 1448,
1121 847 1182 870 Jun.
1198 847 1236 870 17.
1252 860 1282 864 —
1300 845 1325 871 9.
1344 846 1413 878 Mag.
1429 854 1472 869 un.
1489 846 1559 875 1450,
1577 846 1639 870 Jun.
1659 847 1683 869 9.
1701 859 1731 863 -·
1745 845 1786 871 10.
1802 846 1861 869 Jam
1882 853 1925 869 an.
1946 845 2006 868 1437
2025 844 2153 868 Bihlicus.
2169 844 2238 875 Mag.

369 899 412 916 an.
429 892 499 922 1449,
515 892 641 916 Novemb.
656 893 694 915 24.
711 905 740 909 —
751 891 794 916 11.
808 892 878 923 Mag.
892 899 933 917 an.
951 891 1022 921 1448,
1037 892 1098 915 Jun.
1113 891 1197 917 10..—
1209 890 1252 916 12.
1267 891 1319 914 Seu
1333 890 1422 922 potius
1439 891 1592 921 Cal-melita,
1608 890 1653 922 qui
1668 898 1710 914 an.
1725 891 1786 914 1433
1799 890 1948 914 Sententius
1960 890 2042 921 legit?

371 1051 516 1088 2626.
540 1060 627 1086 Natio
650 1060 852 1094 Alemanniae,
870 1069 886 1086 ‹
901 1060 1014 1096 proviso
1030 1059 1107 1095 quod
1125 1059 1207 1086 nulla
1226 1059 1342 1096 penitus
1363 1059 1510 1095 magistris
1529 1059 1624 1096 possit
1645 1067 1708 1085 esse
1723 1059 1849 1095 provisio
1868 1067 1923 1095 per
1940 1058 2152 1093 pragmaticam
2175 1065 2242 1085 san-

457 1110 595 1144 ctionem,
618 1110 646 1135 in
666 1110 717 1136 hoc
739 1118 826 1144 regno
846 1109 960 1145 aliquot
975 1109 1061 1136 annis
1079 1110 1284 1146 practicatum,
1301 1118 1364 1135 cum
1379 1109 1544 1145 hujusmodi
1564 1109 1698 1144 magistri
1713 1108 1876 1143 alienigene
1895 1113 1923 1135 et
1940 1109 2040 1135 remoti
2059 1108 2117 1134 sint
2134 1107 2172 1134 ab
2190 1107 2241 1134 hoc

458 1168 544 1194 regno
558 1168 583 1194 »7
604 1159 743 1185 conclusit
758 1158 882 1185 rotulum
893 1168 948 1195 pro
962 1159 1124 1195 provisione
1143 1159 1172 1185 in
1189 1159 1296 1194 gratiis
1312 1159 1500 1195 expectativis
1516 1158 1556 1184 ad
1576 1158 1727 1184 Nicolaum
1751 1159 1774 1185 V
1785 1167 1925 1184 summum
1937 1158 2104 1194 pontificem
2118 1157 2240 1184 mittere.

457 1208 593 1235 Albertus
610 1208 764 1244 Scriptoris
780 1208 809 1234 in
824 1208 1065 1234 ambassiatorem
1082 1208 1188 1235 electus
1209 1212 1262 1235 est.
1286 1208 1462 1235 Universitas
1482 1208 1568 1234 voluit
1590 1212 1621 1233 ut
1640 1208 1727 1234 etiam
1748 1207 1880 1242 magistri
1899 1207 2023 1233 omnium
2043 1207 2191 1233 nationum
2215 1209 2243 1233 et

457 1257 633 1292 facultatum
649 1258 881 1292 inscriberentur,
900 1266 914 1283 ‹
932 1258 1002 1293 quia
1019 1258 1106 1283 visum
1121 1258 1180 1292 fuit
1199 1257 1393 1293 Universitati,
1411 1257 1487 1292 quod
1503 1257 1561 1283 ista
1576 1257 1755 1291 pragmatica
1770 1257 1880 1283 sanctio
1895 1265 1950 1282 non
1966 1260 2029 1282 erat
2046 1255 2165 1282 multum
2176 1264 2243 1292 pro-

457 1309 536 1342 ficua
555 1307 712 1341 magistris,
732 1308 926 1343 cujuscunque
948 1307 1076 1333 nationis
1090 1311 1142 1333 aut
1162 1307 1318 1342 facultatis
1334 1307 1530 1333 existerent».
1554 1306 1730 1332 Universitas
1751 1306 1838 1332 etiam
1850 1306 1986 1342 promisit
2005 1305 2119 1332 litteras
2137 1313 2242 1332 recom-

458 1356 657 1383 mendatorias
673 1356 714 1382 ad
728 1365 832 1391 regem,
851 1360 881 1382 ut
897 1355 1020 1382 rotulum
1035 1356 1077 1382 ad
1089 1365 1199 1393 papam
1213 1356 1403 1393 permitteret.

1494 1420 1572 1450 1448,
1586 1419 1721 1446 Februarii
1733 1418 1824 1449 12-24,
1839 1419 1954 1445 Parisiis.

462 1510 582 1532 Λυσίαν.
602 1508 728 1533 Chartul.
754 1509 889 1541 Univers.‚
905 1509 938 1538 ΙΙ,
953 1517 980 1540 p.
998 1509 1052 1539 709,
1071 1509 1100 1531 20
1116 1515 1189 1540 sqq.;
1209 1508 1264 1538 710,
1278 1508 1321 1536 27;
1340 1508 1394 1538 711,
1413 1507 1442 1531 41
1459 1515 1533 1539 sqq.;
1549 1508 1603 1536 714,
1621 1508 1650 1531 19
1665 1515 1724 1539 sqq.
1738 1520 1767 1525 —
1786 1506 1837 1530 Sed
1852 1506 1917 1530 Julii
1930 1507 1944 1530 2
1957 1506 2081 1530 tilbertus
2097 1505 2241 1537 Scriptoris

370 1553 487 1576 nondum
502 1553 605 1577 litteras
621 1553 890 1577 recommendatorias
907 1561 922 1576 a
936 1561 998 1585 rege
1014 1556 1040 1577 et
1051 1552 1232 1577 Universitate
1247 1552 1281 1576 ud
1293 1560 1392 1584 papam
1407 1552 1502 1576 habuit
1515 1552 1601 1584 (ibid.,
1615 1561 1643 1584 p.
1660 1553 1713 1581 733,
1731 1553 1779 1582 33).

372 1721 518 1759 2627.
542 1731 699 1757 Licentiati
712 1731 740 1756 in
755 1730 900 1765 facultate
914 1731 1085 1757 medicinae.

1534 1774 1608 1806 1448,
1620 1782 1713 1800 mense
1726 1773 1827 1803 Martio,
1842 1773 1956 1800 Parisiis.

459 1863 537 1897 Mag.
553 1863 694 1890 Girardus
717 1863 820 1897 Turgis
850 1863 934 1889 solvit
962 1871 1016 1898 pro
1039 1864 1134 1890 bursis
1162 1863 1281 1891 licencie
1410 1863 1485 1898 Mag.
1501 1863 1645 1898 Georgius
1659 1863 1756 1893 Houd.
1772 1863 1802 1897 iij
1817 1864 1907 1890 scuta.

370 1912 401 1946 iij
419 1914 510 1939 scuta.
1428 1929 1464 1932 —
1500 1913 1664 1940 Ludovicus
1678 1912 1804 1947 Toupin.
1817 1912 1847 1947 iij
1863 1914 1954 1939 scuta.

460 1963 533 1996 Mag.
552 1962 726 1989 Laurentius
741 1962 834 1991 Parvi.
851 1963 880 1997 iij
897 1964 987 1989 scuta.
1428 1979 1463 1982 —
1500 1963 1639 1990 Girardus
1652 1962 1812 1992 Geronimi.
1828 1962 1857 1996 iij
1871 1963 1961 1988 scuta.
2095 1960 2132 1997 [5]

461 2052 505 2083 Et
524 2051 561 2083 in
582 2051 653 2084 isto
675 2051 804 2084 ordine
825 2052 974 2084 suerunt
994 2051 1082 2085 dicti
1102 2051 1269 2097 magistri
1289 2051 1480 2085 licentiati.

465 2150 612 2174 Comment.
629 2152 679 2174 fac.
698 2151 775 2177 med..
792 2151 827 2179 11,
841 2159 870 2182 p.
886 2151 926 2174 81.
944 2165 974 2168 -
990 2151 1046 2174 Non
1064 2150 1141 2174 aliter
1156 2150 1283 2174 licentiati
1303 2159 1372 2174 anno
1389 2150 1436 2174 illo
1453 2150 1576 2182 inscripti
1592 2153 1663 2174 sunt.
1681 2150 1798 2182 Quisque
1813 2157 1903 2173 eorum
1923 2157 1972 2181 pro
1991 2149 2074 2172 bursa
2093 2147 2242 2179 magisterii

372 2195 454 2219 solvit
471 2196 482 2218 1
500 2198 566 2219 scut.
584 2195 680 2226 (ibid.).

374 2318 519 2356 2628.
541 2328 697 2354 Licentiati
713 2328 741 2354 in
754 2328 899 2363 facultate
914 2328 1103 2355 decretorum.

1607 2371 1682 2401 7448,
1697 2371 1789 2404 Aprilis
1802 2371 1826 2400 4.
1841 2370 1957 2397 Parisiis.

450 2460 536 2486 Dom.
553 2461 701 2487 Johannes
714 2461 829 2491 Olearii.
846 2461 934 2487 abbas
947 2461 1070 2488 Riomi·.
1427 2461 1513 2487 Hunc
1527 2460 1676 2494 adoptavit
1690 2460 1771 2487 dom.
1788 2461 1855 2487 Joh.
1872 2460 2019 2486 Chuss'art.

480 2526 515 2529 —
553 2510 654 2536 Petrus
667 2511 703 2537 de
718 2511 856 2539 Fontetis.
871 2511 938 2537 abb.
956 2511 982 2537 S.
1001 2510 1129 2537 Secani2.
1587 2526 1620 2528 —
1711 2525 1747 2528 —
1784 2509 1829 2545 [de
1837 2508 1940 2544 Conty]
1950 2509 2016 2535 abb.
2030 2508 2058 2535 S.
2070 2507 2253 2541 Katherine.·1

481 2574 515 2577 —
551 2559 674 2586 Jacobus
691 2560 775 2594 Lupi,
792 2560 956 2594 prepositus
975 2560 1002 2586 S.
1018 2560 1105 2587 Flori.
1785 2559 1851 2585 Joh.
1867 2559 1904 2585 de
1916 2558 2084 2584 Courcellis.

464 2608 538 2641 Mag.
555 2609 702 2635 Johannes
715 2609 750 2635 de
767 2610 853 2635 Paris.
1784 2608 1926 2634 Martinus
1938 2608 1974 2634 de
1988 2606 2127 2633 Fraxinis.

464 2657 538 2683 Frat.
556 2658 731 2684 Philibertus
749 2659 785 2685 de
808 2659 936 2686 Larriere
960 2659 1007 2694 [al.
1029 2659 1119 2689 Laire,
1138 2659 1207 2686 Ord.
1229 2658 1385 2694 Cluniac.].
1787 2657 1951 2684 Ludovicus
1966 2656 2067 2690 Bailly.

466 2707 539 2739 Mag.
557 2706 705 2734 Johannes
716 2708 753 2734 do
768 2708 795 2734 la
810 2708 941 2741 Vignole.
1787 2707 1889 2734 Petrus
1901 2707 1937 2732 de
1951 2707 2054 2733 Brena.

1588 2575 1625 2726 1¹11

1713 2575 1749 2727 ΙΙΙΙ

484 2771 517 2774 —
554 2756 702 2783 Johannes
715 2758 866 2784 Fournier.
1589 2773 1623 2776 -
1714 2771 1748 2775 -
1785 2756 1852 2782 Joh.
1869 2756 1905 2782 de
1919 2755 2081 2789 Montigny.

484 2820 518 2822 —
556 2805 656 2831 Petrus
671 2806 774 2832 Amici.
1430 2806 1490 2840 Ego
1504 2807 1607 2833 Petrus
1621 2806 1750 2840 Maugier
1765 2804 1856 2841 [hunc
1870 2803 2027 2839 adoptavi1.

486 2868 518 2871 —
556 2855 723 2881 Anthonius
740 2855 794 2892 [de]
812 2857 1010 2884 Tramecourt.
1430 2856 1516 2882 Hunc
1530 2855 1678 2890 adoptavit
1690 2855 1771 2882 dom.
1788 2855 1854 2881 Joh.
1871 2854 2009 2880 Midoulx.

557 2903 732 2930 Guillelmus
746 2905 910 2939 d'Orignac.
1590 2919 1625 2926 -—
1715 2919 1748 2924 -
1787 2903 1853 2931 Joh.
1869 2903 1906 2930 de
1920 2903 2088 2930 Courcellis.
