2502 3418
360 322 425 354 644
941 330 1260 352 ann'rULARmM
1296 328 1487 351 umvsns.
1525 328 1654 350 PARIS.
2134 313 2234 349 [1444

456 406 479 431 1.
494 405 570 429 Arch.
587 405 708 429 Univers.
726 405 821 432 Paris„
839 405 898 428 Lib.
911 411 1028 435 procur.
1045 409 1104 428 nat.
1122 403 1234 431 Gallie.⁹
1250 404 1270 433 1,
1290 403 1334 427 sot.
1351 403 1401 426 14¹2.
1414 416 1445 421 —
1460 401 1485 427 2.
1498 383 1619 427 ᾎαεεαν.
1642 401 1780 430 Οὴανιιιῑ.,
1796 401 1829 430 ΙΙ,
1843 408 1869 431 p.
1886 401 1939 428 597,
1961 400 1990 423 13
2006 407 2075 431 sqq.,
2093 399 2138 422 ubi
2154 399 2233 423 etium

361 451 475 481 delegati
488 453 542 474 nat.
559 450 727 473 Alamanniae
744 452 869 472 notantur
883 456 888 472 :
905 449 1039 472 Johannes
1053 449 1084 472 de
1098 449 1186 477 Dorlo,
1199 447 1316 471 Jacobus
1333 447 1364 471 de
1381 447 1482 476 Gouda,
1499 446 1655 470 Lambertus
1672 445 1779 469 Schout.

364 635 509 672 2589.
533 644 670 678 Magistri
682 647 811 678 regentes
825 642 979 677 facultatis
996 641 1156 668 medicinae
1172 649 1220 667 an.
1240 642 1374 667 1444-45.

1599 691 1673 720 1444,
1687 691 1814 720 Moremb„
1830 691 1946 717 Ρανῖείἰε.
1991 708 1993 711 -

453 749 604 781 Nomina
626 749 881 790 magistrorum
905 746 1108 791 regentium
1133 756 1140 779 :

452 847 593 873 Hem-icus
607 846 746 873 Thibout.
1401 843 1578 869 Guillelmus
1593 842 1629 869 de
1643 842 1775 869 Camera.

451 896 599 921 Johannes
614 896 808 928 Lengrenoys.
1400 892 1544 918 Robertus
1558 891 1705 918 Julienne.

452 945 595 970 Robertus
608 943 747 969 Poitevin.
1402 941 1526 967 Karolus
1540 940 1576 967 de
1591 941 1765 974 Mauregart.

451 994 598 1019 ,lohannes
613 992 764 1026 Tiphaine.
1400 989 1547 1015 Dionisius
1561 989 1687 1023 Nugues.

454 1043 555 1068 Petrus
566 1042 603 1067 de
618 1041 768 1067 Chaciaco.
1400 1038 1463 1065 Odo
1477 1038 1513 1065 de
1526 1038 1674 1065 Credulio.

450 1091 631 1126 lngarandus
644 1090 679 1116 de
693 1090 818 1116 Parenti.
1399 1088 1500 1114 Petrus
1514 1087 1646 1114 Pilatre'.

451 1140 626 1166 Guillclmus
638 1139 674 1165 de
690 1139 780 1171 Algia.
1899 1134 1953 1170 [13]

452 1236 595 1259 Comment.
613 1237 663 1258 sac.
679 1235 757 1263 med.‚
775 1235 807 1265 ll,
821 1243 848 1266 p.
864 1235 903 1258 61.
917 1248 947 1252 -—
961 1235 1024 1258 Nov.
1043 1236 1064 1263 7,
1082 1235 1197 1257 decanus
1215 1235 1263 1257 sac.
1279 1233 1448 1257 continuatus
1464 1236 1504 1256 est
1514 1233 1626 1256 Karalus
1640 1233 1671 1256 de
1685 1233 1846 1264 Mnuregart.
1862 1233 1909 1256 An.
1925 1233 1995 1261 1445,
2007 1232 2113 1255 eosdem
2124 1231 2231 1255 omnino

359 1281 485 1304 tredecim
500 1283 621 1311 regentes
637 1279 796 1308 invenimus,
810 1280 885 1303 Petro
897 1280 928 1302 de
941 1279 1028 1310 Chacy
1044 1279 1109 1302 Nov.
1123 1280 1137 1302 6
1153 1278 1252 1302 decano
1269 1280 1319 1302 fac.
1336 1279 1405 1302 med.
1417 1279 1499 1301 electo
1516 1277 1602 1307 (ibid.,
1619 1286 1646 1309 p.
1662 1278 1712 1308 67).

451 1374 475 1399 1.
492 1375 590 1398 Nomen
604 1377 696 1405 postea
709 1373 781 1401 add„
798 1381 858 1396 num
875 1373 996 1396 Decemb.
1014 1374 1027 1395 3
1041 1372 1206 1395 solummodo
1219 1371 1319 1403 incepit
1334 1372 1362 1395 P.
1377 1372 1474 1395 Pilutre
1488 1371 1538 1394 sub
1552 1379 1621 1402 mog.
1636 1371 1696 1394 Joh.
1711 1370 1871 1402 Lengrenois
1888 1370 1971 1400 (ihid.‚
1987 1379 2013 1401 p.
2025 1370 2075 1400 61).

358 1558 706 1595 259O.Unive1-sitas
726 1567 822 1592 Paris.
843 1566 883 1592 ad
901 1566 1057 1592 Gerardum
1074 1566 1210 1601 Mae-heti,
1228 1570 1258 1592 ut
1274 1566 1406 1602 praelati
1420 1565 1473 1592 sub
1487 1574 1581 1602 poena
1597 1565 1806 1601 compellantur·
1820 1565 1980 1601 suppositis
1997 1564 2145 1599 beneficiis
2159 1573 2228 1600 pro-

446 1616 556 1651 videre;
571 1616 726 1643 remedium
740 1617 884 1651 afferatur·
899 1620 998 1642 contra
1015 1616 1216 1652 deportatores
1233 1615 1386 1648 librorum‚·
1401 1615 1462 1650 agit
1478 1619 1578 1640 contra
1589 1614 1704 1649 judices
1717 1623 1736 1640 a
1751 1623 1817 1649 rege
1833 1614 2011 1649 assignatos.

1481 1706 1558 1734 7444,
1578 1703 1810 1733 Octob.-Becemb.,
1826 1704 1941 1730 Parisiis.

446 1794 612 1827 Exulavit
637 1793 743 1826 solita
766 1793 885 1837 quies,
908 1799 1010 1837 pater
1036 1793 1072 1825 in
1099 1792 1247 1826 Christo
1274 1792 1584 1826 reverendissime
1605 1799 1712 1837 atque
1734 1791 1880 1824 domine
1908 1790 2120 1836 singularis,
2143 1790 2228 1824 dum

354 1868 498 1894 nostras
529 1860 694 1893 deseruit
722 1871 804 1892 oras
830 1866 951 1892 vestre
980 1859 1147 1892 tuitionis
1175 1865 1324 1904 paterne
1354 1858 1560 1904 personalis
1586 1858 1819 1903 propiciatio,
1847 1858 1878 1890 si
1903 1864 2109 1891 nostrarum
2137 1857 2228 1902 peti-

356 1928 499 1960 cionum
523 1934 624 1972 cepta
651 1926 797 1972 negotia
823 1933 944 1959 vestre
971 1926 1210 1971 providencie
1238 1938 1371 1959 munus
1395 1925 1659 1971 amplissimum
1685 1925 1756 1958 fine
1785 1936 1963 1970 prospero
1994 1936 2067 1957 non
2097 1924 2230 1957 dixerit

355 1994 524 2027 celeriter
541 1994 740 2027 terminari.
761 1993 986 2026 Protulimus
1003 1993 1105 2038 regie
1123 1992 1354 2026 celsitudinis
1372 1993 1408 2025 in
1425 1999 1625 2037 conspectu
1643 1992 1835 2037 magnifico
1853 1998 1888 2025 et
1904 1992 2040 2036 scripto
2058 1991 2228 2025 dedimus

355 2061 528 2094 articulos
549 2067 670 2094 vestre
697 2060 903 2105 paternitati
925 2059 1173 2101 notissimos¹,
1192 2059 1326 2104 quibus
1348 2060 1521 2104 precipue
1542 2059 1752 2104 indigemus
1773 2059 1817 2091 ad
1838 2059 1954 2091 nostri
1976 2058 2088 2091 studii
2109 2065 2226 2092 trans-

354 2128 503 2173 quillam
525 2127 754 2172 validamque
777 2126 944 2160 salutem.
965 2126 1035 2159 Sed
1058 2138 1183 2159 eorum
1207 2138 1383 2171 responsa
1405 2126 1522 2159 valida
1543 2138 1617 2159 non
1637 2125 1827 2159 habemus.
1851 2126 2012 2159 Petimus
2033 2125 2171 2158 idcirco
2193 2132 2228 2158 et

356 2202 510 2228 vestram
534 2194 819 2227 dominationem
844 2192 1023 2226 excelsam
1046 2194 1128 2238 (que
1150 2192 1258 2226 nobis
1275 2193 1470 2238 ress'ugium
1489 2193 1643 2226 efficitur
1664 2192 1864 2238 singulare)
1886 2192 2073 2225 humiliter
2093 2192 2227 2238 depos-

356 2262 485 2302 cimus,
511 2268 550 2294 ut
576 2261 613 2293 in
643 2260 807 2293 articulis
835 2260 1046 2292 memoratis
1074 2259 1214 2293 litteras
1245 2260 1366 2305 regias
1397 2259 1504 2293 nobis
1533 2260 1733 2304 promissas
1764 2259 1929 2304 expediri
1954 2266 1990 2292 et
2021 2260 2098 2304 ipsa
2126 2259 2227 2304 regie

357 2328 581 2361 auctoritatis
604 2328 741 2360 eisdem
767 2327 881 2360 inseri
903 2338 1081 2372 responsa
1101 2326 1232 2368 valida,
1258 2333 1383 2360 nostre
1406 2327 1518 2372 quieti
1542 2326 1717 2371 propicia,
1738 2333 1860 2360 vestra
1886 2327 2030 2371 operari
2053 2326 2228 2372 dignetur

356 2395 662 2428 reverendissima
684 2394 894 2439 paternitas.
913 2393 1143 2434 Petebamus‚
1162 2393 1472 2427 reverendissime
1489 2400 1603 2439 pater,
1619 2394 1816 2427 sanctionis
1828 2394 2058 2439 pragmatica
2078 2405 2225 2426 cursum

357 2462 558 2506 pacificum,
582 2468 618 2494 et
638 2461 839 2494 secundum
863 2472 939 2493 eam
962 2461 1099 2493 nostris
1122 2461 1318 2493 nominatis
1342 2467 1378 2493 et
1398 2460 1631 2493 nominandis
1651 2460 1695 2493 ad
1717 2459 1953 2493 beneficiales
1973 2460 2227 2505 promotiones

356 2540 518 2573 congrue
550 2528 736 2573 provideri
769 2539 831 2572 per
866 2527 1036 2560 dominos
1070 2534 1242 2572 patronos
1275 2534 1310 2560 et
1339 2527 1512 2572 prelatos,
1541 2534 1577 2560 et
1604 2527 1752 2560 eosdem
1788 2527 1832 2559 ad
1862 2526 1931 2560 hoc
1963 2526 2134 2572 compelli
2161 2538 2227 2572 per

358 2607 503 2627 suarum
525 2594 828 2639 temporalitatum
853 2594 1099 2627 detentiones.
1124 2594 1194 2627 Sed
1215 2601 1335 2627 vestra
1357 2594 1557 2627 dominatio
1579 2593 1687 2627 nobis
1708 2605 1927 2639 responsum
1949 2594 2091 2639 regium
2114 2593 2226 2626 mani-

356 2662 506 2702 festans,
537 2668 697 2693 nostram
729 2661 819 2694 dixit
848 2661 1074 2702 [e]xauditam
1106 2661 1158 2694 sic
1190 2661 1417 2706 petitionem,
1455 2661 1552 2706 quod
1589 2660 1669 2694 loeo
1707 2661 1885 2706 captionis
1919 2660 2223 2705 temporalitatum

356 2739 482 2771 penam
504 2739 649 2772 gravem
672 2739 735 2760 rex
759 2727 942 2772 apposuit,
965 2728 1252 2773 [quin]quaginta
1279 2727 1421 2761 scilieet
1445 2727 1671 2760 marcharum
1697 2727 1773 2760 auri
1805 2727 1842 2760 in
1871 2727 1974 2772 ipsos
2000 2727 2160 2772 prelatos
2185 2738 2224 2760 ac

355 2800 497 2826 ceteros
523 2794 742 2826 contrarium
766 2794 953 2826 facientes.
978 2795 1094 2839 Super
1115 2806 1187 2839 quo
1209 2794 1349 2827 litteras
1379 2794 1537 2840 petimus
1558 2793 1782 2827 cohercivas.
1812 2795 1856 2826 Et
1885 2793 2074 2837 nece[....]‚
2102 2805 2224 2828 earum

354 2871 423 2904 que
445 2860 595 2893 suborto
617 2866 702 2892 sunt
722 2860 816 2892 inter
840 2872 963 2905 papam
988 2867 1019 2893 et
1043 2861 1247 2894 Concilium
1277 2861 1581 2907 disceptationum
1604 2861 1809 2902 occasione,
1833 2861 2057 2905 privationes
2079 2871 2224 2894 cessare
