2502 3418
248 329 344 365 1411]
593 341 639 362 AB
673 341 779 362 ΑΝΝο
814 339 1102 362 ΜοοοιΧΧΧΧιν
1136 339 1268 366 USQUE
1304 339 1351 360 An
1386 339 1524 360 ANNUM
1561 340 1765 361 ncccctn.
2050 333 2108 363 211

250 457 390 494 1926.
420 465 592 492 Universitas
608 464 754 500 deputatis
769 464 830 489 suis
846 464 874 489 in
890 464 970 489 curia
986 465 1124 497 Romana,
1144 467 1174 488 ut
1187 463 1342 499 amplior-es
1357 465 1471 496 favores
1488 472 1505 488 ιι
1521 463 1649 488 Iohanne
1665 465 1761 489 XXIII
1772 465 1927 498 obtineant,
1945 467 2114 500 praesertim

334 519 363 541 ut
380 514 522 540 concessio
538 514 636 548 quinti
651 514 765 540 articuli
779 513 806 538 in
820 512 997 538 cancellaria
1013 512 1189 546 registr-etur.
1206 514 1246 538 De
1264 512 1388 537 Concilio
1398 512 1536 546 generali.
1557 514 1595 537 De
1612 512 1850 538 Merzdicatzlibus.

1440 601 1504 629 1411,
1517 604 1579 633 post
1593 602 1655 626 dulit·
1668 602 1703 630 10,
1718 602 1831 627 Parisiis.

336 690 575 724 Venerabiles
596 689 760 735 magistri
782 696 817 722 et
837 689 955 729 amici,
982 689 1188 734 recepimus
1209 689 1348 721 litteras
1368 695 1509 721 vestras
1537 688 1737 733 duplicatas
1765 695 1799 720 et
1826 701 1868 720 ex
1892 701 2011 721 earum
2043 697 2116 723 toto

246 757 403 790 decursu
425 756 537 789 nichil
558 763 674 789 actum
691 756 858 789 videmus
875 756 919 788 de
941 755 1011 788 hiis
1029 767 1099 800 que
1116 755 1282 788 obtinere
1298 755 1547 800 sperabamus,
1566 767 1652 795 non,
1671 761 1709 787 ut
1730 755 1926 795 credimus,
1945 767 1987 787 ex
2010 768 2114 800 parva

245 823 453 868 diligencia,
485 823 551 856 sed
580 835 622 855 ex
650 829 852 867 temporum
882 822 1033 855 malicia.
1068 823 1154 855 Nam
1187 828 1225 854 ut
1254 822 1297 855 ab
1328 834 1370 855 eo
1400 822 1630 866 incipiamus,
1658 822 1694 853 in
1727 833 1797 866 quo
1828 822 2028 855 ferventius
2062 829 2115 855 est

244 897 508 935 attemptatum,
545 902 614 934 que
649 895 706 922 est
742 889 809 922 hec
844 889 959 934 quinti
999 889 1141 922 articuli
1180 889 1296 922 nostri
1331 889 1523 921 concessio
1560 889 1716 933 papirea,
1753 901 1771 920 a
1806 888 1885 921 solo
1920 890 2115 921 secretario

243 957 397 1002 signata,
420 969 492 989 non
518 956 711 1001 publicata,
734 968 807 988 non
833 956 1038 1000 registrata,
1061 967 1127 988 nec
1154 967 1218 1000 per
1250 968 1375 1000 papam
1408 967 1473 987 nec
1504 967 1568 999 per
1594 955 1929 987 vicecancellarium
1962 956 2115 1000 signata,

243 1034 373 1056 versus
394 1023 522 1055 finem¹
545 1023 708 1055 continet
730 1022 827 1067 quod
849 1034 922 1055 non
945 1023 1109 1067 expressi
1131 1031 1166 1054 et
1186 1022 1238 1054 illi
1260 1022 1393 1066 quibus
1415 1022 1586 1054 dominus
1613 1028 1738 1054 noster
1763 1022 1848 1054 fecit
1872 1022 1929 1055 vel
1954 1022 2059 1054 saciet
2081 1023 2116 1054 in

243 1096 346 1122 antea
373 1089 522 1134 gratiam
549 1089 592 1122 ad
619 1089 690 1121 duo
716 1088 905 1129 beneficia,
934 1100 1001 1121 nos
1027 1089 1224 1133 precedant
1249 1088 1368 1133 quoad
1394 1088 1549 1133 primum
1576 1088 1806 1120 heneficium.
1834 1089 1889 1120 An
1915 1088 2115 1125 illudimur,

243 1167 288 1188 an
312 1162 420 1188 vento
448 1156 653 1200 pascimur?
678 1155 818 1187 Deinde
844 1167 955 1200 super
985 1154 1081 1188 bulla
1108 1155 1391 1187 Mendicantium
1423 1155 1509 1199 quid
1535 1155 1783 1187 obtinuimus?
1812 1155 1977 1187 Profecto
2006 1155 2117 1188 nichil

244 1223 315 1256 nisi
342 1223 516 1267 temporis
545 1222 760 1255 dilacionem
792 1228 827 1254 et
857 1222 1110 1255 scandalorum
1137 1222 1458 1255 inveteracionem.
1493 1222 1646 1254 Misistis
1678 1221 1786 1254 nobis
1817 1222 1988 1254 minutam
2018 1222 2116 1254 bulle

244 1289 447 1333 cujusdam,
469 1289 506 1321 in
528 1301 633 1334 quam
655 1288 831 1321 dicebatis
853 1289 1103 1321 Mendicantes
1125 1289 1334 1321 consentire
1355 1288 1479 1321 ve1102.
1506 1290 1548 1321 Et
1569 1288 1655 1332 quid
1678 1289 1806 1320 mirum
1832 1289 1863 1320 si
1889 1301 1965 1321 eam
1991 1301 2116 1333 accep-

243 1362 333 1396 tent,
361 1367 430 1400 que
457 1355 541 1388 illos
564 1355 701 1388 relevat
721 1361 756 1387 et
780 1367 847 1388 nos
870 1362 995 1400 gravat
1019 1355 1055 1387 in
1082 1367 1207 1388 eorum
1236 1355 1361 1396 decus,
1389 1355 1425 1387 in
1452 1361 1615 1387 nostrum
1641 1355 1824 1387 dedecus?
1849 1356 1975 1388 Postea
2008 1367 2117 1400 super

244 1421 437 1467 privilegio
459 1422 495 1454 in
517 1422 638 1454 causis
659 1421 971 1462 beneficialibus³,
993 1433 1105 1466 super
1124 1422 1195 1454 loci
1219 1421 1373 1455 Consilii
1399 1421 1582 1466 generalis
1610 1422 1825 1462 mutacione,
1851 1422 1937 1466 quid
1961 1422 2118 1466 optinui-

245 1489 348 1520 mus?
368 1487 486 1521 Nichil
507 1488 687 1533 penitus‘.
706 1488 868 1530 Quonam
892 1488 1004 1533 igitur
1024 1495 1127 1533 pacto
1149 1489 1351 1521 contentari
1373 1488 1586 1532 poterimus,
1611 1488 1671 1532 qui
1694 1488 1730 1520 in
1752 1488 1921 1520 omnibus
1939 1488 1995 1521 vel
2014 1488 2117 1533 plane

244 1554 302 1587 vel
323 1554 391 1587 sub
414 1554 711 1587 dissimulacione
733 1555 984 1599 repelluntur?
1003 1555 1174 1588 Ceterum
1196 1555 1443 1587 intelleximus
1465 1555 1640 1599 quosdam
1663 1555 1707 1587 de
1729 1561 1854 1587 nostro
1872 1555 2011 1599 gremio
2028 1556 2118 1587 anti-

245 1620 344 1653 datas
366 1632 430 1665 pro
453 1632 492 1653 se
520 1627 554 1653 et
581 1621 658 1654 suis
679 1621 724 1653 ad
750 1628 886 1666 partem
915 1621 1120 1654 obtinuisse
1142 1622 1179 1653 in
1201 1621 1441 1666 prejudicium
1465 1622 1579 1654 nostri
1603 1621 1719 1666 quinti
1740 1621 1894 1654 articuli.
1919 1623 2036 1664 Quare
2057 1634 2118 1654 vc-

244 1687 319 1720 litis
346 1688 533 1732 requirere
562 1687 747 1720 dominum
773 1695 952 1728 nostrum,
979 1688 1077 1732 quod
1107 1688 1198 1721 tales
1224 1689 1359 1733 gratias
1385 1688 1559 1720 adnullet.
1587 1689 1666 1720 Non
1695 1688 1788 1720 enim
1819 1689 2054 1733 particulares
2085 1696 2119 1721 et

244 1754 471 1786 inordinatos
495 1754 658 1795 affectus,
686 1754 752 1787 sed
780 1754 924 1799 publica
950 1755 1139 1787 commoda
1167 1755 1437 1799 prosequimur.
1466 1755 1556 1788 Cum
1586 1754 1651 1787 hec
1678 1762 1713 1787 et
1737 1755 1801 1787 alia
1824 1755 1930 1787 vobis
1956 1756 2117 1800 injuncta

244 1820 288 1853 ad
309 1820 451 1853 finalem
479 1821 644 1853 effectum
667 1821 924 1865 perduxeritis,
949 1834 1013 1866 pro
1035 1822 1167 1854 vestris
1194 1821 1494 1866 promocionibus
1516 1821 1732 1862 scribemus,
1756 1829 1790 1854 et
1811 1823 1880 1854 erit
1904 1829 1988 1855 tunc
2011 1822 2116 1855 vobis

244 1886 406 1932 gloriosa
427 1894 462 1919 et
481 1899 555 1919 non
576 1894 745 1932 suspecta
766 1888 966 1932 promocio.

335 1984 450 2008 Minuta
465 1984 549 2008 chart.
570 1985 596 2007 in
613 1984 690 2008 Arch.
708 1989 761 2008 nat.
784 1985 878 2013 Paris..
895 1986 917 2008 Μ
932 1987 982 2015 652⁸,
998 1990 1025 2008 n⁰
1041 1986 1080 2009 12.
1095 1999 1123 2003 —
1142 1986 1263 2009 Refertur
1278 1986 1311 2009 ad
1329 1990 1379 2008 num
1395 1986 1602 2017 praecedentem,
1621 1994 1651 2009 ex
1671 1994 1721 2017 quo
1741 1986 1867 2017 temporis
1885 1989 1945 2009 nota
1965 1986 2117 2017 aliqualiter

240 2028 297 2052 erui
316 2032 412 2060 potest,
426 2037 487 2052 num
503 2032 571 2052 certe
592 2029 693 2060 scripta
716 2033 756 2053 est
777 2030 890 2061 epistola
910 2034 971 2061 post
995 2034 1045 2053 num
1062 2030 1123 2053 1925
1143 2033 1168 2053 et
1183 2033 1242 2053 ante
1258 2039 1300 2054 an.
1317 2031 1387 2060 Ml‘z,
1403 2031 1462 2054 Jan.
1478 2032 1490 2053 7
1507 2031 1546 2053 vel
1563 2031 1642 2060 circa,
1659 2039 1720 2053 nam
1736 2034 1797 2053 tunc
1813 2039 1883 2062 papa
1899 2031 2114 2062 praerogativam

242 2073 327 2104 quinti
342 2073 448 2096 articuli
465 2074 514 2096 sub
530 2074 604 2097 hulla
619 2074 746 2105 plumbea
761 2075 842 2098 dedit.

338 2171 363 2196 1.
377 2171 435 2194 Vid.
455 2181 481 2202 p.
506 2172 560 2195 210.
576 2186 606 2189 —
622 2172 645 2197 2.
662 2173 717 2195 Non
738 2176 778 2196 est
797 2172 852 2199 illa.
874 2182 953 2204 quum
972 2173 1106 2196 Johannes
1128 2173 1209 2196 XXIII
1230 2173 1322 2196 edidit.
1346 2187 1372 2190 —
1394 2173 1419 2198 3.
1440 2174 1459 2196 Ι.
1478 2182 1499 2197 c.
1517 2182 1547 2196 ne
1567 2173 1708 2196 trahantur
1723 2177 1796 2196 extra
1812 2173 1940 2197 Parisios.
1957 2188 1987 2191 —-
2006 2173 2031 2198 4.
2050 2174 2082 2197 Ut
2103 2184 2115 2195 ‹-

243 2220 272 2238 n⁰
284 2215 344 2238 1917
361 2224 443 2247 supra
458 2216 549 2245 allato,
563 2225 590 2248 p.
606 2217 651 2240 204
666 2225 715 2248 sq.,
733 2221 852 2248 apparet,
870 2217 1036 2241 Universitus
1052 2217 1136 2241 voluit
1152 2218 1299 2241 Concilium
1315 2218 1339 2241 in
1357 2218 1467 2241 Francia
1484 2218 1622 2241 celebrari.

249 2409 389 2446 1927.
419 2419 591 2444 Πιιίνενείἰαε
607 2419 646 2445 ad
657 2419 812 2445 Johannem
828 2421 927 2445 XXIII
938 2421 1038 2446 scribit
1052 2421 1088 2446 de
1101 2421 1230 2446 omnibus
1246 2425 1275 2446 ut
1294 2421 1322 2446 in
1340 2421 1463 2456 epistola
1476 2420 1662 2456 praet-edenti
1677 2420 1716 2445 ad
1732 2420 1856 2445 nuntios.

1426 2517 1489 2544 1411,
1503 2519 1566 2548 post
1579 2517 1641 2541 dulsi
1656 2517 1691 2545 10,
1711 2516 1825 2541 Parisiis.

332 2611 457 2644 Voluit
478 2611 634 2652 tandem,
656 2612 939 2646 clementissime
962 2621 1073 2658 pater,
1096 2621 1215 2647 vestra
1237 2614 1407 2646 sanctitas
1437 2621 1579 2646 nostras
1605 2613 1897 2657 supplicaciones
1924 2613 1967 2645 ad
1996 2620 2113 2658 pater—

245 2688 324 2709 nam
355 2678 628 2710 exaudieionem
659 2679 861 2721 admittere,
888 2680 1004 2713 voluit
1032 2687 1241 2713 nostrorum
1272 2681 1544 2725 suppositorum
1577 2680 1708 2712 studiis
1742 2680 1947 2720 consulere,
1983 2691 2027 2712 ne
2062 2682 2112 2712 rei

244 2743 429 2776 familiaris
451 2744 571 2788 inopia
593 2744 819 2789 deperirent3
838 2746 952 2779 voluit
973 2747 1130 2791 denique
1152 2747 1248 2779 illam
1272 2747 1399 2791 ipsam,
1418 2759 1536 2790 quam,
1556 2753 1593 2778 ut
1613 2746 1808 2786 credimus,
1827 2758 1844 2778 a
1866 2746 1992 2790 primis
2009 2746 2112 2779 annis

246 2810 415 2854 gessistis
437 2811 662 2843 affectionem
685 2823 794 2855 opere
817 2813 1029 2856 patefacere,
1052 2820 1177 2858 utpote
1208 2813 1442 2846 ecclesiarum
1471 2813 1646 2857 regimina
1676 2818 1710 2844 et
1737 2812 1912 2844 beneficia
1938 2824 2010 2845 non
2042 2813 2111 2845 nisi

247 2876 506 2910 eruditissimis
533 2884 568 2910 et
595 2878 741 2922 optimis
764 2879 852 2911 viris
880 2880 1118 2917 committere,
1146 2880 1207 2924 qui
1236 2892 1355 2912 mores
1384 2886 1576 2923 corruptos
1605 2886 1638 2910 et
1667 2879 1855 2911 ecclesiam
1873 2880 2053 2923 jacentem
2076 2880 2111 2912 in
