2502 3418
408 338 472 370 292
983 346 1306 369 CHARTULAMUM
1341 345 1534 367 UNlVERS.
1571 345 1702 367 PARls.
2176 327 2276 364 [1414

409 421 554 455 volebat
573 421 643 453 sibi
671 421 843 454 assistere
871 421 907 453 in
939 421 1163 466 reparatione
1192 420 1272 453 talis
1300 421 1435 452 'et'tam
1464 419 1624 452 enormis
1654 417 1842 463 injurie...
1873 415 2043 458 Quinimo
2071 414 2148 459 ipsa
2179 414 2276 447 natio

411 487 603 521 Norinanie
626 494 709 520 tunc
726 487 995 521 devoavit‘illos
1013 487 1073 532 qui
1096 486 1199 519 talem
1223 492 1494 531 perpetrassent
1513 485 1695 529 injuriam,
1713 483 1839 516 dicens
1861 481 1944 514 illos
1965 488 2037 513 non
2058 480 2126 514 hoc
2142 480 2276 514 habere

411 554 454 588 ab
483 555 560 600 ipsa
590 554 734 587 natione
765 554 970 594 Norm'anie,
994 565 1059 586 nec
1087 553 1229 586 volebat
1259 552 1449 597 impedire,
1472 551 1558 596 quin
1588 550 1678 584 tales
1708 549 1924 594 punirentur
1951 547 2151 581 secundum
2179 547 2277 592 quod

411 622 556 666 ex'igant
576 621 719 653 illorum
743 621 927 653 demerita.
949 619 1162 665 Arguebant
1182 626 1299 652 tamen
1321 619 1506 652 dominum
1529 624 1705 650 rectorem
1727 615 1919 656 defecisse,
1938 615 2020 660 quia
2042 627 2115 647 non
2135 614 2278 647 conclu-

411 695 507 721 serat
527 700 591 733 pro
613 688 851 720 concessione
872 687 971 719 illius
993 686 1269 731 supplicationis
1291 686 1439 730 prefate,
1463 697 1532 729 que
1559 684 1627 716 fuit
1653 683 1754 716 radix
1779 689 1814 715 et
1839 682 1982 715 occasio
2002 681 2111 725 hujus
2133 681 2278 714 misera-

411 754 496 788 bilis
517 766 622 787 casus
644 761 678 787 et
698 754 954 787 dissensionis.

500 890 776 933 Consequenter
796 899 882 920 vero
904 899 1031 919 rursus
1052 887 1089 919 in
1110 886 1281 925 crastino,
1304 885 1443 918 scilicet
1470 885 1528 917 die
1549 886 1567 918 7
1589 884 1727 917 mensis
1751 882 1921 928 Augusti,
1944 883 2032 915 sacta
2053 888 2109 915 est
2129 893 2278 926 congre-

410 955 507 1000 gatio
536 954 789 988 Universitatis
819 954 855 985 in
885 953 1071 994 Jacobitis,
1106 953 1141 985 in
1175 965 1242 997 qua
1276 964 1317 985 ex
1352 958 1451 997 parte
1486 950 1664 984 facultatis
1696 950 1825 983 artium
1865 956 1900 982 et
1925 949 2097 982 -natiimis
2130 948 2278 981 Francie

409 1021 595 1066 expositus
617 1027 671 1053 est
692 1032 796 1053 casus
818 1020 953 1064 prefate
975 1019 1107 1064 injurie
1129 1031 1194 1064 per
1216 1022 1485 1063 procuratorem
1504 1017 1667 1062 ejusdem
1689 1016 1858 1057 nationis,
1878 1015 1972 1049 sicut
1992 1015 2277 1060 suprascriptum

409 1095 475 1129 est,
499 1085 736 1132 supplicando
758 1092 793 1118 et
813 1085 1034 1130 requirendo
1056 1085 1335 1119 Universitatem
1360 1097 1402 1117 ex
1430 1091 1529 1130 parte
1557 1083 1736 1118 facultatis
1761 1086 1797 1116 et
1823 1082 1980 1116 nationis
2002 1082 2164 1122 Francie,
2186 1081 2281 1114 ‘sicut

409 1155 445 1186 in
466 1154 631 1191 facultate
652 1153 780 1185 artium
803 1153 934 1185 factum
956 1153 1072 1185 fuerat
1100 1164 1142 1184 ex
1174 1158 1272 1197 parte
1301 1152 1458 1190 nationis
1490 1150 1652 1184 Francie.
1682 1151 1726 1183 Et
1756 1150 1899 1187 tandem
1930 1149 2053 1188 multis
2083 1148 2166 1184 hinc
2194 1147 2279 1180 inde

408 1220 600 1260 altercatis,
619 1219 855 1252 deliberatum
878 1219 946 1251 fuit
967 1225 1002 1252 et
1023 1218 1233 1252 conclusum
1252 1231 1317 1263 per
1333 1218 1627 1259 Universitatem,
1646 1217 1743 1263 quod
1764 1216 1895 1261 injurIa
1916 1216 2042 1261 gravis,
2059 1222 2137 1254 erat,
2154 1221 2190 1248 et
2209 1226 2279 1259 que

408 1294 514 1320 totam
537 1286 707 1331 tangebat
729 1285 1007 1319 Universitatem
1039 1285 1288 1330 multipliciter
1315 1285 1351 1317 in
1379 1285 1447 1318 hoc
1475 1285 1648 1318 offensam
1678 1291 1713 1317 et
1741 1284 1866 1325 lesam,
1890 1289 2038 1328 propter
2059 1272 2155 1327 quod
2177 1293 2279 1326 repu-

407 1354 502 1387 tabat
521 1365 597 1386 eam
621 1359 786 1397 tanquam
810 1351 879 1385 sibi
900 1353 1026 1385 factam
1049 1359 1084 1385 ct
1103 1352 1247 1385 volebat
1268 1352 1441 1397 prosequi
1467 1352 1730 1397 reparationem
1758 1350 1870 1391 illius,
1894 1345 1987 1383 sicut
2015 1349 2278 1394 reparationem
2311 1334 2315 1338 ι

407 1421 545 1453 offense
568 1419 725 1464 proprie.
748 1420 793 1452 Et
817 1418 961 1451 interim
990 1425 1026 1451 et
1054 1431 1119 1463 pro
1148 1426 1228 1452 ante
1258 1420 1349 1452 facte
1377 1425 1479 1452 erant
1507 1425 1542 1452 et
1568 1418 1702 1451 fiebant
1731 1417 2004 1450 informationes
2026 1422 2148 1449 contra
2170 1415 2280 1448 male-

405 1488 573 1527 factores,
593 1492 627 1519 et
647 1486 739 1530 capti
761 1492 846 1518 sunt
866 1485 937 1518 duo
961 1476 1125 1531 magistri
1147 1486 1190 1518 de
1213 1486 1357 1519 natione
1377 1485 1571 1519 Normanie
1593 1485 1637 1518 de
1658 1484 1773 1530 magis
1788 1484 1846 1518 vel
1867 1483 2000 1516 clarius
2022 1480 2279 1527 culpabilibus,

405 1560 440 1586 et
464 1552 717 1586 scrutabantur
744 1552 804 1585 alii
831 1558 870 1584 ut
899 1559 1131 1597 caperentur,
1162 1553 1192 1585 si
1220 1553 1363 1597 possint
1390 1552 1559 1593 inveniri,
1588 1558 1627 1585 ut
1658 1552 1694 1584 in
1722 1550 1930 1588 carceribus
1958 1561 2047 1588 suus
2078 1554 2282 1594 tepesceret

405 1619 502 1658 calor
523 1626 559 1652 et
578 1619 835 1652 retunderetur
855 1625 951 1651 tante
976 1619 1262 1664 presumptionis
1283 1620 1442 1653 audacia.

494 1688 680 1719 Postremo
703 1686 785 1730 quia
807 1692 956 1730 propter
981 1686 1273 1730 prosecutionem
1297 1687 1535 1731 reparationis
1557 1687 1692 1731 prefate
1714 1685 1846 1731 injurie
1869 1690 1939 1717 tota
1962 1682 2174 1716 turbabatur
2195 1678 2279 1715 Uni-

404 1753 557 1786 versitas
586 1759 620 1785 et
651 1752 687 1784 in
718 1752 818 1797 gravi
846 1752 1081 1785 dissensione
1103 1753 1219 1798 magis
1245 1766 1283 1786 ac
1311 1753 1426 1798 magis
1448 1753 1492 1786 de
1520 1753 1578 1786 die
1608 1753 1644 1786 in
1673 1753 1766 1785 diem
1799 1750 2014 1797 ponebatur,
2038 1744 2280 1788 renitentibus

405 1820 868 1864 Normaniscujuscunque
890 1819 1069 1852 facultatis
1091 1827 1214 1852 essent
1237 1819 1320 1853 huic
1343 1821 1561 1866 reparationi
1582 1820 1745 1856 faciende
1767 1831 1831 1864 per
1854 1818 1962 1851 alium
1984 1828 2089 1862 quam
2111 1827 2176 1861 per
2195 1815 2280 1849 Uni>-

407 1886 627 1926 versitatem,
646 1885 731 1918 licet
750 1886 864 1930 ipsam
887 1886 1055 1930 injuriam
1078 1893 1111 1919 ct
1133 1893 1402 1932 perpetratores
1423 1887 1539 1932 ipsius
1556 1887 1787 1927 devoassent,
1805 1892 1844 1918 ut
1864 1884 2164 1930 suprascriptum,
2182 1881 2282 1930 unde

405 1954 534 1991 factum
557 1952 674 1997 regni,
698 1958 870 1997 quantum
888 1953 1169 1988 Universitatem
1193 1954 1446 1995 concernebat,
1464 1954 1656 1991 videbatur
1672 1965 1753 1986 esse
1775 1953 1811 1989 in
1833 1950 2008 1997 periculo,
2031 1947 2280 1989 dividentibus

407 2031 445 2052 se
467 2018 675 2052 nationibus
700 2018 757 2052 vel
787 2018 1018 2052 facultatibus
1047 2020 1151 2052 ctiam
1183 2020 1219 2053 iu
1247 2020 1328 2053 aliis
1356 2021 1515 2054 materiis
1544 2020 1734 2054 occasione
1765 2019 1846 2052 talis
1877 2016 2133 2057 dissensionis,
2157 2014 2280 2056 multis

406 2085 627 2131 eligentibus
649 2086 769 2130 potius
790 2086 920 2118 factum
944 2086 1048 2131 regni
1070 2088 1183 2132 (quod
1210 2088 1314 2121 etiam
1342 2088 1429 2121 alias
1457 2088 1641 2134 prosecuti
1664 2089 1764 2130 sunt)
1787 2086 1926 2119 ruinam
1948 2085 2034 2130 pati,
2056 2095 2161 2128 quam
2183 2081 2282 2130 quod

408 2153 510 2185 fieret
536 2154 634 2197 justa
662 2152 840 2197 reparatio
864 2153 1002 2185 offense
1030 2165 1117 2198 sepe
1146 2162 1353 2196 memorate,
1376 2155 1466 2188 adeo
1492 2162 1531 2188 ut
1559 2154 1671 2188 nichil
1703 2161 1787 2187 tunc
1815 2153 1893 2186 fieri
1922 2158 1983 2185 aut
2014 2144 2187 2196 prosequi
2217 2160 2283 2194 per

409 2219 685 2253 Universitatem
708 2225 834 2264 posset
851 2231 858 2251 :
878 2227 1099 2264 quapropter
1120 2222 1449 2255 reverendissimus
1470 2225 1571 2267 pater
1587 2228 1622 2255 et
1642 2221 1812 2254 dominus
1834 2230 1936 2252 meus
1952 2216 2281 2251 'metuendissimus

409 2286 577 2319 dominus
599 2285 858 2318 cardinalis'de
881 2287 1006 2328 Barro,
1029 2288 1325 2333 consanguineus
1347 2289 1484 2322 domini
1509 2289 1625 2322 nostri
1647 2288 1746 2333 regis
1768 2294 1803 2320 et
1821 2287 1931 2320 frater
1951 2285 2054 2318 ducis
2076 2282 2283 2324 Barrensis,

408 2353 567 2385 ParisiUs
588 2352 661 2385 illis
683 2352 814 2385 (liebus
837 2353 933 2385 notis
956 2353 999 2385 de
1022 2354 1141 2386 causis
1162 2355 1373 2396 adveniens,
1393 2368 1458 2401 pro
1479 2355 1576 2388 bono
1598 2355 1695 2400 pacis
1717 2361 1753 2387 et
1773 2353 1924 2387 utilitate
1946 2352 2045 2397 regis
2066 2355 2101 2384 et
2121 2349 2225 2395 regni
2247 2354 2287 2384 et

409 2420 546 2452 honore
569 2419 822 2452 Universitatis
845 2431 884 2451 se
912 2420 1067 2452 medium
1096 2421 1130 2453 in
1160 2421 1224 2454 hac
1247 2422 1510 2467 disceptatione
1539 2429 1573 2456 et
1602 2421 1850 2456 controversia
1878 2418 2079 2455 constituit,
2100 2417 2280 2450 advocans

408 2486 450 2518 ad
472 2498 511 2518 se
532 2497 628 2518 nunc
645 2485 831 2517 dominum
850 2492 1029 2518 rectorem
1047 2493 1079 2519 et
1102 2495 1373 2532 procuratorem
1395 2489 1553 2522 nationis
1574 2489 1737 2528 Francie,
1756 2499 1851 2520 nunc
1867 2498 1953 2520 vero
1975 2484 2058 2517 illos
2076 2484 2120 2516 de
2137 2482 2280 2515 natione

409 2552 613 2592 Normanie,
637 2552 727 2585 istos
749 2552 943 2585 exhortans
965 2553 1008 2585 ad
1032 2554 1285 2587 remissionem
1308 2567 1373 2588 sue
1395 2556 1547 2593 offense,
1569 2556 1660 2589 alios
1681 2537 1914 2588 commonens
1935 2552 1979 2585 ad
2007 2550 2149 2584 dulcem
2179 2554 2281 2594 repa-

410 2619 582 2651 rationem
604 2619 749 2663 injurie.

496 2686 585 2718 Cum
607 2685 744 2718 diutius
766 2685 849 2718 huic
872 2687 1034 2719 tractatui
1058 2688 1155 2732 pacis
1178 2688 1396 2722 intendisset
1416 2696 1451 2722 et
1471 2689 1631 2722 nondum
1653 2689 1828 2734 perficere
1849 2686 2078 2725 valuisset,...
2097 2681 2281 2726 colloquio

410 2750 528 2783 habito
551 2763 629 2783 cum
652 2751 902 2784 illustrissimo
928 2753 1090 2798 principe
1114 2754 1260 2787 domino
1284 2756 1374 2789 duce
1396 2756 1534 2789 Biturie
1555 2755 1733 2790 avunculo
1755 2766 1821 2787 suo
1843 2760 1927 2787 tunc
1948 2756 2092 2785 tenente
2119 2748 2279 2782 Parisius

407 2817 524 2850 locum
551 2817 649 2861 regis
674 2817 835 2850 absentis
862 2825 897 2851 et
922 2819 1111 2853 existentis
1138 2821 1173 2853 in
1201 2833 1267 2854 suo
1295 2823 1454 2856 exercitu
1480 2829 1560 2855 ante
1587 2822 1765 2856 civitatem
1796 2827 1831 2853 et
1857 2819 1976 2853 villam
2002 2815 2279 2850 Atrebatensem

408 2884 451 2916 all
474 2883 777 2928 expugnationem
805 2896 951 2917 suorum
981 2885 1209 2920 inimicorum
1238 2895 1273 2921 et
1298 2889 1503 2931 rebellium,
1526 2889 1668 2922 tandem
1695 2887 1874 2921 celebrata
1892 2884 2055 2930 'solemni
2082 2893 2289 2930 congrega·-
