2502 3418
269 341 366 378 1425]
612 355 658 376 ΑΒ
693 355 797 377 ANNO
834 354 1120 376 mecerxxxxw
1155 353 1285 382 USQUE
1320 354 1367 376 An
1403 354 1540 376 ANNUM
1575 355 1778 377 mccccmi.
2067 346 2129 378 441

267 429 421 475 quedam
448 429 698 463 ordinationes
727 441 837 474 super
863 429 1120 474 dispositione,
1150 428 1360 473 provisione
1388 435 1422 461 et
1447 428 1640 461 collatione
1669 429 1919 470 ecclesiarum,
1951 437 2131 463 monaste-

267 498 418 538 riorum,
441 497 656 542 dignitatum
680 503 714 530 et
734 496 885 530 aliorum
908 495 1170 528 beneficiorum
1193 495 1524 528 ecclesiasticorum
1553 496 1770 528 secularium
1793 503 1825 528 et
1852 497 2072 541 regularium
2096 497 2131 529 in

267 564 339 597 tuis
360 575 475 609 regno
497 563 646 596 Franeie
667 570 702 596 et
727 562 936 608 dalphinatu
957 562 1160 596 Viennensi
1180 562 1473 603 consistentium,
1502 569 1536 595 et
1561 574 1672 607 super
1702 562 1811 595 rebus
1837 563 1918 595 aliis
1943 563 2130 605 ecclesias,

269 631 500 672 monasteria,
523 631 719 676 dignitates
741 637 776 663 et
795 629 971 663 beneficia
993 629 1203 674 hujusmodi
1225 641 1291 662 nec
1313 641 1385 662 non
1402 630 1698 673 jurisdictionem
1721 637 1755 662 et
1779 630 2027 663 auctoritatem
2050 643 2131 675 pre-

267 698 336 731 fate
358 698 458 731 sedis
474 696 795 739 concernentibus,
816 704 850 730 tu
874 704 957 730 tunc
975 697 1011 729 in
1028 696 1133 729 annis
1150 696 1380 741 juvenilibus
1397 697 1619 729 constitutus
1641 704 1675 729 et
1696 696 1891 741 dalphinus
1908 697 2131 730 Viennensis

267 765 310 798 ad
331 765 577 798 inductionem
605 771 639 798 et
666 764 940 810 persuasionem
970 764 1149 796 dictorum
1180 763 1414 808 prelatorum,
1443 764 1660 809 principum,
1684 776 1875 809 procerum
1903 771 1936 796 et
1963 764 2132 797 consilia—

268 832 404 865 riorum
426 833 512 865 dicti
529 832 579 865 tui
597 832 776 877 genitoris
794 831 1189 876 solempniterjurasti,
1208 831 1322 863 dictas
1339 831 1591 864 ordinationes
1609 831 1869 864 inviolabiliter
1886 831 2081 864 observare
2098 838 2133 864 et

269 912 450 944 nunquam
477 900 514 932 in
542 899 760 932 contrarium
789 898 964 939 relaxare,
992 898 1117 931 venire
1144 905 1205 931 aut
1231 898 1368 943 aliquid
1398 910 1462 943 per
1490 905 1522 931 te
1550 898 1607 931 vel
1635 899 1743 931 alium
1772 899 1997 944 impetrare¹.
2030 900 2132 932 Post-

269 967 414 1000 modum
437 973 473 999 tu
495 973 660 1011 tanquam
684 966 944 999 devotissimus
967 965 1122 998 ecclesie
1144 965 1241 998 filius
1263 972 1298 998 et
1318 965 1645 998 christianissimus
1673 966 1843 1011 princeps
1868 966 2044 999 incedens
2070 978 2134 1011 per

267 1034 422 1079 vestigia
451 1033 737 1066 clarissimorum
766 1045 892 1078 regum
926 1033 1075 1066 Francie
1101 1033 1379 1078 progenitorum
1406 1040 1564 1074 tuorum,
1592 1046 1609 1065 a
1636 1033 1769 1078 quibus
1799 1045 1944 1078 semper
1974 1033 2133 1078 dignitas

268 1101 363 1134 dicte
384 1101 484 1134 sedis
505 1101 679 1146 precipuo
705 1100 952 1133 solicitudinis
979 1100 1100 1133 studio
1127 1100 1276 1132 defensa
1306 1100 1372 1132 fuit
1398 1107 1431 1133 et
1457 1099 1607 1133 libertas
1634 1100 1882 1133 ecclesiastica
1907 1107 2131 1142 conservata,

267 1168 462 1201 intendens
484 1168 581 1213 quod
601 1168 805 1201 auctoritati
826 1174 861 1201 et
875 1167 1127 1212 jurisdictioni
1149 1167 1285 1212 prefate
1310 1167 1409 1200 sedis
1431 1180 1469 1200 ac
1486 1167 1697 1212 apostolicis
1714 1167 1831 1200 literis
1848 1174 1882 1200 et
1898 1168 2135 1213 processibus

266 1235 351 1268 inde
377 1235 513 1268 secutis
539 1235 633 1268 circa
664 1235 840 1280 premissa
871 1235 907 1267 in
932 1234 1003 1267 tuis
1033 1246 1148 1279 regno
1179 1241 1216 1267 et
1245 1234 1455 1279 dalphinatu
1485 1235 1687 1268 Viennensi
1717 1235 1760 1267 ab
1791 1234 1962 1268 omnibus
1990 1234 2136 1268 realiter

269 1303 493 1344 obediretur,
521 1302 665 1335 easdem
693 1302 943 1335 ordinationes
970 1308 1005 1334 et
1030 1313 1151 1334 earum
1179 1302 1346 1334 effectum
1373 1308 1545 1346 quantum
1571 1302 1614 1334 ad
1642 1309 1725 1335 tunc
1751 1303 1884 1344 sutura,
1911 1303 2004 1335 sicut
2029 1302 2136 1336 nobis

269 1382 385 1415 nuper
406 1382 470 1415 per
494 1376 576 1402 tuos
602 1369 811 1415 solempnes
836 1376 999 1402 oratores
1025 1369 1069 1401 ad
1095 1375 1254 1402 nostram
1283 1369 1502 1414 presentiam
1532 1369 1733 1402 destinatos
1759 1376 1794 1402 et
1821 1376 1985 1414 patentes
2012 1370 2136 1403 literas

269 1437 389 1482 regias
415 1437 622 1478 intimasti²,
650 1437 808 1469 totaliter
835 1436 1016 1477 relaxasti,
1045 1435 1253 1468 substulisti
1279 1443 1313 1468 et
1339 1436 1443 1469 ctiam
1470 1436 1649 1469 amovisti.
1682 1438 1833 1481 Propter
1864 1437 1961 1481 quod
1993 1437 2137 1470 dubitas

268 1504 416 1537 venisse
438 1510 560 1537 contra
584 1504 759 1548 prefatum
783 1516 847 1549 per
864 1510 910 1544 te,
930 1510 968 1536 ut
985 1491 1178 1548 prefertur,
1197 1503 1240 1536 de
1264 1503 1505 1536 observandis
1527 1504 1664 1537 eisdem
1690 1503 1983 1537 ordinationibus
2011 1504 2137 1549 presti-

270 1578 342 1604 tum
360 1572 620 1616 juramentum.
643 1572 755 1616 [Papa
771 1572 898 1605 scribit
917 1569 1088 1604 Carolum
1104 1569 1151 1603 aci
1166 1570 1424 1604 observantiam
1445 1570 1747 1616 dictz'juramenti
1766 1582 1832 1604 non
1854 1571 1978 1613 teneri,
1997 1583 2137 1616 eumque

268 1637 315 1672 ad
334 1638 505 1672 cautelam
530 1638 707 1678 absolvit.]
730 1639 856 1671 Datum
880 1639 990 1670 Rome
1017 1637 1112 1682 apud
1139 1638 1289 1670 Sanctos
1314 1637 1514 1682 Apostolos
1546 1638 1614 1670 kal.
1638 1637 1736 1679 Maii,
1765 1638 1996 1682 pontificatus
2022 1638 2138 1671 nostri

269 1717 362 1738 anno
385 1712 523 1738 octavo.

1560 1751 1614 1782 Jo.
1641 1751 1824 1782 ERMONUS.

364 1849 426 1879 Reg.
443 1849 499 1871 Vat.
517 1849 593 1871 Mart.
608 1849 637 1877 V,
654 1852 682 1871 η’)
697 1849 750 1877 356,
769 1849 813 1871 sol.
830 1848 864 1872 71².
880 1862 906 1866 —-
923 1849 1054 1871 Hactenus
1070 1856 1115 1871 eae
1131 1851 1233 1871 tantum
1248 1848 1436 1871 instructiones
1455 1851 1531 1871 notae
1549 1851 1633 1878 erant,
1650 1857 1716 1879 quas
1733 1848 1843 1871 Carolus
1858 1849 1902 1871 vn
1917 1848 1972 1871 suis
1988 1848 2140 1871 ambassia-

269 1892 381 1922 toribus,
397 1893 520 1924 Philippo
534 1893 615 1924 episc.
632 1893 768 1921 monensi,
781 1893 895 1916 Johanui
911 1893 1000 1916 abbati
1017 1894 1043 1916 S.
1053 1893 1122 1916 Petri
1133 1893 1283 1922 Viennens„
1297 1893 1439 1916 Guillelmo
1455 1893 1534 1916 Hotot
1546 1893 1638 1915 abbati
1651 1893 1682 1916 de
1698 1893 1873 1923 cormeriaco,
1887 1893 2001 1917 ,Iohanni
2018 1893 2138 1921 Gerardi,

268 1938 319 1969 leg.
337 1938 447 1967 doctori,
463 1938 577 1961 ,Iohanni
593 1938 624 1961 de
640 1938 840 1967 Montemorino,
856 1938 928 1961 dedit
942 1939 995 1969 (ap.
1012 1937 1151 1966 MAnTiaxE,
1172 1938 1251 1962 Tne-s.
1267 1945 1330 1962 που.
1347 1939 1453 1968 anecd„
1471 1938 1489 1966 Ι,
1504 1938 1564 1960 1759
1578 1940 1637 1969 sq.).

364 2021 387 2046 1.
404 2022 452 2046 An.
469 2022 538 2046 1418.
556 2022 613 2045 vid.
630 2030 710 2054 supra
726 2027 754 2045 n⁰
771 2022 841 2046 2101.
858 2036 885 2040 —
902 2021 925 2046 2.
941 2022 1037 2045 Eodem
1051 2030 1128 2052 anuo,
1146 2022 1280 2045 Februarii
1298 2022 1327 2045 10
1344 2022 1429 2052 (Arch.
1447 2024 1502 2047 nat..
1520 2022 1565 2045 Χὶιι
1580 2023 1649 2051 8604,
1668 2022 1712 2046 sol.
1730 2022 1791 2052 73b).

270 2189 414 2226 2252.
441 2200 515 2233 Cum,
527 2203 646 2235 propter
658 2199 734 2225 bella
748 2204 775 2225 et
788 2199 984 2226 dissensiones
995 2200 1168 2236 principum,
1183 2209 1197 2225 e
1208 2200 1357 2235 provincia
1375 2199 1530 2226 Turonensi
1546 2204 1572 2225 et
1583 2200 1757 2236 praesertim
1772 2209 1786 2226 e
1798 2199 1905 2226 ducatu
1916 2201 2088 2227 Britanniae
2099 2201 2139 2227 ad

359 2248 488 2274 Parisios
503 2249 565 2274 sine
582 2249 680 2274 mortis
693 2249 823 2284 periculo
837 2257 891 2274 non
907 2249 947 2274 sit
959 2258 1102 2283 accessus,
1123 2253 1152 2274 ut
1165 2248 1275 2284 aliquis
1292 2248 1397 2274 ibidem
1413 2249 1575 2284 theologiae
1589 2250 1676 2284 (quae
1690 2250 1718 2275 in
1730 2249 1798 2275 aliis
1812 2249 1919 2275 studiis
1933 2250 2140 2276 circumvicinis

354 2301 474 2333 propter
497 2298 591 2324 Paris.
624 2297 715 2323 studii
737 2298 996 2333 praeeminentiam
1021 2302 1048 2324 et
1071 2298 1245 2324 vicinitatem
1269 2307 1324 2324 non
1350 2299 1510 2332 ezer-cetur)
1534 2298 1695 2324 incumbere
1725 2299 1827 2334 possit,
1869 2299 2014 2324 Conanust
2046 2299 2139 2325 abbas

358 2348 390 2372 B.
404 2347 518 2373 Mariae
534 2347 568 2373 de
579 2347 694 2382 Begard
708 2348 868 2373 Trecorens.
884 2347 986 2382 dioec„
1006 2347 1072 2373 ord.
1090 2348 1216 2379 Cistera,
1232 2348 1259 2373 in
1267 2347 1390 2383 juvenili
1400 2352 1506 2381 aetate,
1521 2348 1587 2374 olim
1599 2348 1733 2381 Parisiis,
1748 2357 1820 2373 nunc
1833 2348 1995 2383 Andegavis
2009 2349 2137 2383 studens,

359 2396 485 2422 Martino
507 2396 687 2432 Vsupplicczt
703 2400 732 2422 ut
748 2406 809 2422 cum
827 2405 880 2422 uno
897 2397 1031 2431 religioso
1045 2397 1091 2422 sui
1110 2396 1226 2422 Ordinis
1242 2398 1270 2422 in
1286 2397 1486 2431 Andegavensi
1509 2397 1697 2423 Universitate
1707 2398 1770 2432 juri
1784 2397 1920 2423 canonico
1937 2398 2052 2424 studere
2069 2402 2095 2424 et
2111 2399 2139 2424 in

359 2454 394 2471 ea
408 2445 519 2480 gradus
535 2446 662 2481 recipere
676 2446 779 2481 possit,
797 2455 851 2471 non
872 2446 1055 2472 obstantibus
1072 2446 1334 2472 constitutionibus.
1352 2462 1386 2465 —
1403 2447 1463 2472 Fiat
1479 2448 1512 2472 ut
1528 2447 1638 2480 petitur
1653 2447 1689 2472 ad
1704 2447 1956 2480 quinquennium.
1973 2447 2006 2473 O.
2023 2462 2058 2467 —
2073 2448 2139 2474 Dat.

359 2496 450 2522 Rome
462 2495 541 2528 apud
556 2495 674 2521 Sanctos
689 2496 839 2529 Apostolos
854 2496 1011 2522 undecimo
1027 2496 1084 2523 kal.
1101 2496 1181 2525 Julii,
1198 2503 1277 2522 anno
1291 2497 1402 2522 octavo.

1529 2572 1606 2601 1425,
1621 2572 1738 2600 Juns1'2t,
1753 2573 1853 2598 Romae.

363 2607 426 2637 Reg.
443 2607 537 2637 suppl.
555 2606 659 2629 Martini
675 2607 703 2634 V,
721 2611 749 2629 n⁰
765 2607 818 2635 182,
832 2607 876 2631 sol.
894 2607 945 2630 160.

362 2691 386 2716 1.
403 2691 582 2722 Kaerengarii,
599 2691 681 2714 abbas
697 2691 730 2714 ab
747 2699 789 2714 an.
806 2691 874 2720 1420,
890 2691 1015 2716 Novemb.
1032 2692 1061 2714 22
1074 2692 1147 2722 (Reg.
1164 2692 1219 2715 Lat.
1236 2692 1311 2715 Mart.
1329 2692 1357 2720 V,
1374 2700 1415 2714 an.
1432 2693 1455 2719 4,
1469 2692 1515 2714 lib.
1530 2692 1567 2719 57,
1583 2692 1626 2714 sol.
1642 2691 1705 2720 187).

399 2961 462 2978 *ἢ*
480 2959 577 2982 Chart.
600 2958 679 2982 Univ.
697 2958 792 2982 Paris.
811 2957 851 2981 lv,
1988 2962 2017 2983 56
