<?xml version="1.0" encoding="UTF-8"?>
<!DOCTYPE html PUBLIC "-//W3C//DTD XHTML 1.0 Transitional//EN"
    "http://www.w3.org/TR/xhtml1/DTD/xhtml1-transitional.dtd">
<html xmlns="http://www.w3.org/1999/xhtml" xml:lang="en" lang="en">
 <head>
  <title>
</title>
<meta http-equiv="Content-Type" content="text/html;charset=utf-8" />
  <meta name='ocr-system' content='tesseract 3.04.00' />
  <meta name='ocr-capabilities' content='ocr_page ocr_carea ocr_par ocr_line ocrx_word'/>
</head>
<body>
  <div class='ocr_page' id='page_1' title='image "./chartulariumuniv04univuoft_0610.png"; bbox 0 0 2502 3418; ppageno 0'>
   <div class='ocr_carea' id='block_1_1' title="bbox 407 327 2274 364">
    <p class='ocr_par' dir='ltr' id='par_1_1' title="bbox 407 327 2274 364">
     <span class='ocr_line' id='line_1_1' title="bbox 407 327 2274 364; baseline -0.001 -1"><span class='ocrx_word' id='word_1_1' title='bbox 407 330 470 363; x_wconf 87' lang='lat'>566</span> <span class='ocrx_word' id='word_1_2' title='bbox 991 340 1309 362; x_wconf 63' lang='lat' dir='ltr'>anRTULAmum</span> <span class='ocrx_word' id='word_1_3' title='bbox 1345 340 1534 362; x_wconf 66' lang='lat' dir='ltr'>nntvssas.</span> <span class='ocrx_word' id='word_1_4' title='bbox 1570 340 1700 362; x_wconf 67' lang='lat' dir='ltr'><strong>PARIS.</strong></span> <span class='ocrx_word' id='word_1_5' title='bbox 2174 327 2274 364; x_wconf 87' lang='lat'><strong>[1435</strong></span> 
     </span>
    </p>
   </div>
   <div class='ocr_carea' id='block_1_2' title="bbox 406 414 2275 728">
    <p class='ocr_par' dir='ltr' id='par_1_2' title="bbox 406 414 2275 728">
     <span class='ocr_line' id='line_1_2' title="bbox 407 414 2275 460; baseline -0.001 -12"><span class='ocrx_word' id='word_1_6' title='bbox 407 415 556 448; x_wconf 84' lang='lat' dir='ltr'>Francie</span> <span class='ocrx_word' id='word_1_7' title='bbox 576 415 671 448; x_wconf 83' lang='lat' dir='ltr'>inter</span> <span class='ocrx_word' id='word_1_8' title='bbox 692 427 814 460; x_wconf 78' lang='lat' dir='ltr'>regem</span> <span class='ocrx_word' id='word_1_9' title='bbox 837 415 1008 448; x_wconf 85' lang='lat' dir='ltr'>Karolum</span> <span class='ocrx_word' id='word_1_10' title='bbox 1031 422 1066 448; x_wconf 91' lang='lat' dir='ltr'>et</span> <span class='ocrx_word' id='word_1_11' title='bbox 1090 427 1213 460; x_wconf 84' lang='lat' dir='ltr'>regem</span> <span class='ocrx_word' id='word_1_12' title='bbox 1236 415 1430 447; x_wconf 88' lang='lat' dir='ltr'>Henricum</span> <span class='ocrx_word' id='word_1_13' title='bbox 1453 415 1514 459; x_wconf 94' lang='lat' dir='ltr'>qui</span> <span class='ocrx_word' id='word_1_14' title='bbox 1538 426 1577 448; x_wconf 85' lang='lat' dir='ltr'>se</span> <span class='ocrx_word' id='word_1_15' title='bbox 1599 414 1826 448; x_wconf 85' lang='lat' dir='ltr'>nominabat²</span> <span class='ocrx_word' id='word_1_16' title='bbox 1848 426 1912 460; x_wconf 92' lang='lat' dir='ltr'>pro</span> <span class='ocrx_word' id='word_1_17' title='bbox 1938 426 2025 460; x_wconf 86' lang='lat' dir='ltr'>rege</span> <span class='ocrx_word' id='word_1_18' title='bbox 2048 415 2208 447; x_wconf 86' lang='lat' dir='ltr'>Francie.</span> <span class='ocrx_word' id='word_1_19' title='bbox 2232 416 2275 448; x_wconf 88' lang='lat' dir='ltr'>Et</span> 
     </span>
     <span class='ocr_line' id='line_1_3' title="bbox 406 481 2274 527; baseline -0.001 -12"><span class='ocrx_word' id='word_1_20' title='bbox 406 482 641 515; x_wconf 82' lang='lat' dir='ltr'>mittebantur</span> <span class='ocrx_word' id='word_1_21' title='bbox 668 482 712 515; x_wconf 85' lang='lat' dir='ltr'>de</span> <span class='ocrx_word' id='word_1_22' title='bbox 741 482 906 527; x_wconf 85' lang='lat' dir='ltr'>quolibet</span> <span class='ocrx_word' id='word_1_23' title='bbox 926 489 1018 515; x_wconf 86' lang='lat' dir='ltr'>statu</span> <span class='ocrx_word' id='word_1_24' title='bbox 1040 482 1126 515; x_wconf 83' lang='lat' dir='ltr'>ville</span> <span class='ocrx_word' id='word_1_25' title='bbox 1153 482 1371 515; x_wconf 88' lang='lat' dir='ltr'>Parisiensis</span> <span class='ocrx_word' id='word_1_26' title='bbox 1397 481 1732 515; x_wconf 87' lang='lat' dir='ltr'>ambassiatores....</span> <span class='ocrx_word' id='word_1_27' title='bbox 1765 482 1846 515; x_wconf 86' lang='lat' dir='ltr'>Fuit</span> <span class='ocrx_word' id='word_1_28' title='bbox 1872 481 2059 515; x_wconf 83' lang='lat' dir='ltr'>conclusio</span> <span class='ocrx_word' id='word_1_29' title='bbox 2094 481 2274 515; x_wconf 79' lang='lat' dir='ltr'>facultatis</span> 
     </span>
     <span class='ocr_line' id='line_1_4' title="bbox 407 549 2275 594; baseline 0 -13"><span class='ocrx_word' id='word_1_30' title='bbox 407 549 504 594; x_wconf 90' lang='lat' dir='ltr'>quod</span> <span class='ocrx_word' id='word_1_31' title='bbox 529 549 693 594; x_wconf 79' lang='lat' dir='ltr'>quelibet</span> <span class='ocrx_word' id='word_1_32' title='bbox 722 550 818 582; x_wconf 83' lang='lat' dir='ltr'>natio</span> <span class='ocrx_word' id='word_1_33' title='bbox 842 556 877 582; x_wconf 90' lang='lat' dir='ltr'>et</span> <span class='ocrx_word' id='word_1_34' title='bbox 901 549 1051 582; x_wconf 78' lang='lat' dir='ltr'>facultas</span> <span class='ocrx_word' id='word_1_35' title='bbox 1073 549 1228 593; x_wconf 83' lang='lat' dir='ltr'>eligeret</span> <span class='ocrx_word' id='word_1_36' title='bbox 1250 555 1285 581; x_wconf 91' lang='lat' dir='ltr'>et</span> <span class='ocrx_word' id='word_1_37' title='bbox 1311 549 1516 582; x_wconf 88' lang='lat' dir='ltr'>nominaret</span> <span class='ocrx_word' id='word_1_38' title='bbox 1540 549 1577 582; x_wconf 93' lang='lat' dir='ltr'>in</span> <span class='ocrx_word' id='word_1_39' title='bbox 1598 549 1856 591; x_wconf 76' lang='lat' dir='ltr'>Universitatc,</span> <span class='ocrx_word' id='word_1_40' title='bbox 1885 556 1921 582; x_wconf 90' lang='lat' dir='ltr'>et</span> <span class='ocrx_word' id='word_1_41' title='bbox 1949 549 2046 594; x_wconf 90' lang='lat' dir='ltr'>quod</span> <span class='ocrx_word' id='word_1_42' title='bbox 2075 549 2275 594; x_wconf 89' lang='lat' dir='ltr'>solempnis</span> 
     </span>
     <span class='ocr_line' id='line_1_5' title="bbox 406 615 2273 661; baseline -0.001 -12"><span class='ocrx_word' id='word_1_43' title='bbox 406 616 611 649; x_wconf 78' lang='lat' dir='ltr'>mitteretur</span> <span class='ocrx_word' id='word_1_44' title='bbox 642 616 894 657; x_wconf 84' lang='lat' dir='ltr'>ambassiator,</span> <span class='ocrx_word' id='word_1_45' title='bbox 930 623 965 649; x_wconf 85' lang='lat' dir='ltr'>et</span> <span class='ocrx_word' id='word_1_46' title='bbox 994 616 1194 649; x_wconf 86' lang='lat' dir='ltr'>nominavit</span> <span class='ocrx_word' id='word_1_47' title='bbox 1218 616 1433 661; x_wconf 77' lang='lat' dir='ltr'>magistrum</span> <span class='ocrx_word' id='word_1_48' title='bbox 1462 615 1661 649; x_wconf 79' lang='lat' dir='ltr'>Robertum</span> <span class='ocrx_word' id='word_1_49' title='bbox 1684 616 1873 658; x_wconf 69' lang='lat' dir='ltr'>Pefflevin,</span> <span class='ocrx_word' id='word_1_50' title='bbox 1904 623 1940 649; x_wconf 88' lang='lat' dir='ltr'>et</span> <span class='ocrx_word' id='word_1_51' title='bbox 1970 616 2089 661; x_wconf 86' lang='lat' dir='ltr'>quoad</span> <span class='ocrx_word' id='word_1_52' title='bbox 2127 616 2273 648; x_wconf 87' lang='lat' dir='ltr'>modum</span> 
     </span>
     <span class='ocr_line' id='line_1_6' title="bbox 406 682 2274 728; baseline -0.001 -12"><span class='ocrx_word' id='word_1_53' title='bbox 406 683 565 716; x_wconf 85' lang='lat' dir='ltr'>habendi</span> <span class='ocrx_word' id='word_1_54' title='bbox 600 684 772 728; x_wconf 85' lang='lat' dir='ltr'>pecunias</span> <span class='ocrx_word' id='word_1_55' title='bbox 806 683 975 728; x_wconf 86' lang='lat' dir='ltr'>imposita</span> <span class='ocrx_word' id='word_1_56' title='bbox 1016 683 1084 715; x_wconf 88' lang='lat' dir='ltr'>suit</span> <span class='ocrx_word' id='word_1_57' title='bbox 1117 682 1319 716; x_wconf 81' lang='lat' dir='ltr'>semibursa</span> <span class='ocrx_word' id='word_1_58' title='bbox 1355 689 1391 716; x_wconf 88' lang='lat' dir='ltr'>et</span> <span class='ocrx_word' id='word_1_59' title='bbox 1418 683 1486 716; x_wconf 89' lang='lat' dir='ltr'>fuit</span> <span class='ocrx_word' id='word_1_60' title='bbox 1515 689 1659 728; x_wconf 85' lang='lat' dir='ltr'>quotata</span> <span class='ocrx_word' id='word_1_61' title='bbox 1698 683 1743 716; x_wconf 86' lang='lat' dir='ltr'>ad</span> <span class='ocrx_word' id='word_1_62' title='bbox 1778 684 1952 716; x_wconf 88' lang='lat' dir='ltr'>francum.</span> <span class='ocrx_word' id='word_1_63' title='bbox 1991 684 2274 728; x_wconf 83' lang='lat' dir='ltr'>Verumptamen</span> 
     </span>
    </p>
   </div>
   <div class='ocr_carea' id='block_1_3' title="bbox 406 749 2273 858">
    <p class='ocr_par' dir='ltr' id='par_1_3' title="bbox 406 749 2273 858">
     <span class='ocr_line' id='line_1_7' title="bbox 407 749 2273 796; baseline 0 -13"><span class='ocrx_word' id='word_1_64' title='bbox 407 750 633 784; x_wconf 87' lang='lat' dir='ltr'>Universitas</span> <span class='ocrx_word' id='word_1_65' title='bbox 655 763 693 783; x_wconf 88' lang='lat' dir='ltr'>sc</span> <span class='ocrx_word' id='word_1_66' title='bbox 720 750 907 783; x_wconf 71' lang='lat' dir='ltr'>restrinxit</span> <span class='ocrx_word' id='word_1_67' title='bbox 933 749 977 782; x_wconf 90' lang='lat' dir='ltr'>ad</span> <span class='ocrx_word' id='word_1_68' title='bbox 998 756 1153 794; x_wconf 89' lang='lat' dir='ltr'>quatuor</span> <span class='ocrx_word' id='word_1_69' title='bbox 1180 749 1472 791; x_wconf 77' lang='lat' dir='ltr'>ambassiatores,</span> <span class='ocrx_word' id='word_1_70' title='bbox 1496 762 1648 795; x_wconf 89' lang='lat' dir='ltr'>quorum</span> <span class='ocrx_word' id='word_1_71' title='bbox 1671 762 1767 783; x_wconf 90' lang='lat' dir='ltr'>unus</span> <span class='ocrx_word' id='word_1_72' title='bbox 1792 750 1860 783; x_wconf 88' lang='lat' dir='ltr'>suit</span> <span class='ocrx_word' id='word_1_73' title='bbox 1889 762 1982 796; x_wconf 85' lang='lat' dir='ltr'>mag.</span> <span class='ocrx_word' id='word_1_74' title='bbox 2008 750 2045 782; x_wconf 90' lang='lat' dir='ltr'>in</span> <span class='ocrx_word' id='word_1_75' title='bbox 2076 749 2273 795; x_wconf 74' lang='lat' dir='ltr'>theologia,</span> 
     </span>
     <span class='ocr_line' id='line_1_8' title="bbox 406 812 2273 858; baseline 0 -13"><span class='ocrx_word' id='word_1_76' title='bbox 406 812 484 846; x_wconf 87' lang='lat' dir='ltr'>scil.</span> <span class='ocrx_word' id='word_1_77' title='bbox 513 825 607 858; x_wconf 83' lang='lat' dir='ltr'>mag.</span> <span class='ocrx_word' id='word_1_78' title='bbox 636 812 791 845; x_wconf 80' lang='lat' dir='ltr'>Thomas</span> <span class='ocrx_word' id='word_1_79' title='bbox 822 812 866 845; x_wconf 88' lang='lat' dir='ltr'>de</span> <span class='ocrx_word' id='word_1_80' title='bbox 897 812 1122 849; x_wconf 78' lang='lat' dir='ltr'>Courcellis·,</span> <span class='ocrx_word' id='word_1_81' title='bbox 1154 812 1340 845; x_wconf 82' lang='lat' dir='ltr'>secundus</span> <span class='ocrx_word' id='word_1_82' title='bbox 1367 812 1478 845; x_wconf 86' lang='lat' dir='ltr'>abbas</span> <span class='ocrx_word' id='word_1_83' title='bbox 1500 813 1628 846; x_wconf 86' lang='lat' dir='ltr'>Sancte</span> <span class='ocrx_word' id='word_1_84' title='bbox 1654 813 1866 855; x_wconf 71' lang='lat' dir='ltr'>Kafflerine,</span> <span class='ocrx_word' id='word_1_85' title='bbox 1888 813 2017 846; x_wconf 88' lang='lat' dir='ltr'>doctor</span> <span class='ocrx_word' id='word_1_86' title='bbox 2037 813 2074 845; x_wconf 91' lang='lat' dir='ltr'>in</span> <span class='ocrx_word' id='word_1_87' title='bbox 2095 812 2273 850; x_wconf 78' lang='lat' dir='ltr'>decretis;</span> 
     </span>
    </p>
   </div>
   <div class='ocr_carea' id='block_1_4' title="bbox 404 878 2278 1397">
    <p class='ocr_par' dir='ltr' id='par_1_4' title="bbox 405 878 2274 992">
     <span class='ocr_line' id='line_1_9' title="bbox 405 878 2274 925; baseline 0 -13"><span class='ocrx_word' id='word_1_88' title='bbox 405 880 534 913; x_wconf 80' lang='lat' dir='ltr'>tertius</span> <span class='ocrx_word' id='word_1_89' title='bbox 555 880 622 912; x_wconf 90' lang='lat' dir='ltr'>fuit</span> <span class='ocrx_word' id='word_1_90' title='bbox 643 891 735 924; x_wconf 82' lang='lat' dir='ltr'>mag.</span> <span class='ocrx_word' id='word_1_91' title='bbox 766 879 947 912; x_wconf 83' lang='lat' dir='ltr'>Robcrtus</span> <span class='ocrx_word' id='word_1_92' title='bbox 969 878 1156 921; x_wconf 82' lang='lat' dir='ltr'>Pethevin,</span> <span class='ocrx_word' id='word_1_93' title='bbox 1182 891 1276 924; x_wconf 85' lang='lat' dir='ltr'>mag.</span> <span class='ocrx_word' id='word_1_94' title='bbox 1304 880 1340 912; x_wconf 93' lang='lat' dir='ltr'>in</span> <span class='ocrx_word' id='word_1_95' title='bbox 1362 879 1559 921; x_wconf 79' lang='lat' dir='ltr'>medicina3</span> <span class='ocrx_word' id='word_1_96' title='bbox 1589 887 1739 925; x_wconf 79' lang='lat' dir='ltr'>quartus</span> <span class='ocrx_word' id='word_1_97' title='bbox 1767 892 1861 925; x_wconf 87' lang='lat' dir='ltr'>mag.</span> <span class='ocrx_word' id='word_1_98' title='bbox 1892 879 2074 913; x_wconf 87' lang='lat' dir='ltr'>Robertus</span> <span class='ocrx_word' id='word_1_99' title='bbox 2104 879 2274 914; x_wconf 86' lang='lat' dir='ltr'>Ciboulle</span> 
     </span>
     <span class='ocr_line' id='line_1_10' title="bbox 406 946 846 992; baseline 0 -13"><span class='ocrx_word' id='word_1_100' title='bbox 406 959 472 992; x_wconf 93' lang='lat' dir='ltr'>pro</span> <span class='ocrx_word' id='word_1_101' title='bbox 493 946 661 980; x_wconf 79' lang='lat' dir='ltr'>facultate</span> <span class='ocrx_word' id='word_1_102' title='bbox 682 946 846 979; x_wconf 79' lang='lat' dir='ltr'>artium³.</span> 
     </span>
    </p>

    <p class='ocr_par' dir='ltr' id='par_1_5' title="bbox 404 1014 2278 1397">
     <span class='ocr_line' id='line_1_11' title="bbox 495 1014 2276 1059; baseline 0 -13"><span class='ocrx_word' id='word_1_103' title='bbox 495 1015 582 1047; x_wconf 85' lang='lat' dir='ltr'>Item</span> <span class='ocrx_word' id='word_1_104' title='bbox 606 1021 796 1059; x_wconf 85' lang='lat' dir='ltr'>postquam</span> <span class='ocrx_word' id='word_1_105' title='bbox 828 1015 975 1047; x_wconf 86' lang='lat' dir='ltr'>suerunt</span> <span class='ocrx_word' id='word_1_106' title='bbox 1005 1014 1057 1047; x_wconf 86' lang='lat' dir='ltr'>eis</span> <span class='ocrx_word' id='word_1_107' title='bbox 1079 1015 1170 1047; x_wconf 82' lang='lat' dir='ltr'>facte</span> <span class='ocrx_word' id='word_1_108' title='bbox 1200 1014 1476 1056; x_wconf 69' lang='lat' dir='ltr'>instructiones,</span> <span class='ocrx_word' id='word_1_109' title='bbox 1501 1022 1735 1048; x_wconf 87' lang='lat' dir='ltr'>recesserunt</span> <span class='ocrx_word' id='word_1_110' title='bbox 1761 1015 1798 1048; x_wconf 90' lang='lat' dir='ltr'>in</span> <span class='ocrx_word' id='word_1_111' title='bbox 1822 1015 1880 1048; x_wconf 91' lang='lat' dir='ltr'>die</span> <span class='ocrx_word' id='word_1_112' title='bbox 1902 1015 2016 1048; x_wconf 84' lang='lat' dir='ltr'>sancti</span> <span class='ocrx_word' id='word_1_113' title='bbox 2042 1014 2218 1047; x_wconf 90' lang='lat' dir='ltr'>Ludovici</span> <span class='ocrx_word' id='word_1_114' title='bbox 2239 1014 2276 1047; x_wconf 90' lang='lat' dir='ltr'>in</span> 
     </span>
     <span class='ocr_line' id='line_1_12' title="bbox 407 1081 2277 1128; baseline 0 -14"><span class='ocrx_word' id='word_1_115' title='bbox 407 1093 531 1114; x_wconf 84' lang='lat' dir='ltr'>mense</span> <span class='ocrx_word' id='word_1_116' title='bbox 557 1082 747 1127; x_wconf 71' lang='lat' dir='ltr'>Augusfi‘,</span> <span class='ocrx_word' id='word_1_117' title='bbox 771 1088 806 1114; x_wconf 88' lang='lat' dir='ltr'>et</span> <span class='ocrx_word' id='word_1_118' title='bbox 827 1081 1044 1115; x_wconf 85' lang='lat' dir='ltr'>reddierunt</span> <span class='ocrx_word' id='word_1_119' title='bbox 1063 1083 1102 1114; x_wconf 73' lang='lat'>4⁰</span> <span class='ocrx_word' id='word_1_120' title='bbox 1122 1082 1268 1123; x_wconf 79' lang='lat' dir='ltr'>Octob.‚</span> <span class='ocrx_word' id='word_1_121' title='bbox 1298 1089 1333 1115; x_wconf 87' lang='lat' dir='ltr'>et</span> <span class='ocrx_word' id='word_1_122' title='bbox 1367 1083 1457 1115; x_wconf 82' lang='lat' dir='ltr'>sacta</span> <span class='ocrx_word' id='word_1_123' title='bbox 1488 1083 1556 1115; x_wconf 87' lang='lat' dir='ltr'>suit</span> <span class='ocrx_word' id='word_1_124' title='bbox 1576 1082 1702 1116; x_wconf 83' lang='lat' dir='ltr'>relatio</span> <span class='ocrx_word' id='word_1_125' title='bbox 1724 1083 1821 1128; x_wconf 93' lang='lat' dir='ltr'>quod</span> <span class='ocrx_word' id='word_1_126' title='bbox 1842 1083 2012 1116; x_wconf 89' lang='lat' dir='ltr'>dominus</span> <span class='ocrx_word' id='word_1_127' title='bbox 2040 1082 2277 1127; x_wconf 87' lang='lat' dir='ltr'>Bourgondie</span> 
     </span>
     <span class='ocr_line' id='line_1_13' title="bbox 406 1143 2278 1195; baseline 0.001 -15"><span class='ocrx_word' id='word_1_128' title='bbox 406 1143 528 1193; x_wconf 84' lang='lat' dir='ltr'>pacem</span> <span class='ocrx_word' id='word_1_129' title='bbox 550 1149 686 1181; x_wconf 85' lang='lat' dir='ltr'>fecerat</span> <span class='ocrx_word' id='word_1_130' title='bbox 704 1160 784 1181; x_wconf 86' lang='lat' dir='ltr'>cum</span> <span class='ocrx_word' id='word_1_131' title='bbox 807 1160 893 1193; x_wconf 84' lang='lat' dir='ltr'>rege</span> <span class='ocrx_word' id='word_1_132' title='bbox 916 1149 1065 1182; x_wconf 86' lang='lat' dir='ltr'>Francie</span> <span class='ocrx_word' id='word_1_133' title='bbox 1090 1153 1165 1190; x_wconf 83' lang='lat' dir='ltr'>[ms.</span> <span class='ocrx_word' id='word_1_134' title='bbox 1190 1148 1349 1194; x_wconf 77' lang='lat' dir='ltr'>Anglie],</span> <span class='ocrx_word' id='word_1_135' title='bbox 1373 1156 1407 1182; x_wconf 87' lang='lat' dir='ltr'>et</span> <span class='ocrx_word' id='word_1_136' title='bbox 1434 1162 1562 1182; x_wconf 88' lang='lat' dir='ltr'>omnes</span> <span class='ocrx_word' id='word_1_137' title='bbox 1582 1150 1644 1195; x_wconf 94' lang='lat' dir='ltr'>qui</span> <span class='ocrx_word' id='word_1_138' title='bbox 1664 1149 1801 1183; x_wconf 83' lang='lat' dir='ltr'>vellent</span> <span class='ocrx_word' id='word_1_139' title='bbox 1822 1157 1946 1183; x_wconf 86' lang='lat' dir='ltr'>tenere</span> <span class='ocrx_word' id='word_1_140' title='bbox 1967 1156 2168 1190; x_wconf 75' lang='lat' dir='ltr'>tractatum,</span> <span class='ocrx_word' id='word_1_141' title='bbox 2197 1160 2278 1194; x_wconf 89' lang='lat' dir='ltr'>pre-</span> 
     </span>
     <span class='ocr_line' id='line_1_14' title="bbox 405 1215 2277 1263; baseline 0.001 -15"><span class='ocrx_word' id='word_1_142' title='bbox 405 1215 571 1248; x_wconf 85' lang='lat' dir='ltr'>sentibus</span> <span class='ocrx_word' id='word_1_143' title='bbox 607 1215 790 1248; x_wconf 90' lang='lat' dir='ltr'>cardinale</span> <span class='ocrx_word' id='word_1_144' title='bbox 813 1216 941 1248; x_wconf 82' lang='lat' dir='ltr'>Sancte</span> <span class='ocrx_word' id='word_1_145' title='bbox 963 1216 1092 1249; x_wconf 87' lang='lat' dir='ltr'>Crucis</span> <span class='ocrx_word' id='word_1_146' title='bbox 1123 1217 1159 1248; x_wconf 90' lang='lat' dir='ltr'>in</span> <span class='ocrx_word' id='word_1_147' title='bbox 1186 1216 1432 1249; x_wconf 81' lang='lat' dir='ltr'>Jherusalem⁵</span> <span class='ocrx_word' id='word_1_148' title='bbox 1461 1224 1495 1249; x_wconf 86' lang='lat' dir='ltr'>ct</span> <span class='ocrx_word' id='word_1_149' title='bbox 1525 1217 1708 1250; x_wconf 85' lang='lat' dir='ltr'>cardinale</span> <span class='ocrx_word' id='word_1_150' title='bbox 1729 1217 1864 1263; x_wconf 79' lang='lat' dir='ltr'>Cipri⁶.</span> <span class='ocrx_word' id='word_1_151' title='bbox 1895 1219 1938 1250; x_wconf 86' lang='lat' dir='ltr'>Et</span> <span class='ocrx_word' id='word_1_152' title='bbox 1972 1217 2166 1250; x_wconf 88' lang='lat' dir='ltr'>remanssit</span> <span class='ocrx_word' id='word_1_153' title='bbox 2194 1216 2277 1250; x_wconf 92' lang='lat' dir='ltr'>villa</span> 
     </span>
     <span class='ocr_line' id='line_1_15' title="bbox 404 1282 2278 1330; baseline 0.001 -15"><span class='ocrx_word' id='word_1_154' title='bbox 404 1283 621 1316; x_wconf 84' lang='lat' dir='ltr'>Parisiensis</span> <span class='ocrx_word' id='word_1_155' title='bbox 639 1295 710 1315; x_wconf 87' lang='lat' dir='ltr'>non</span> <span class='ocrx_word' id='word_1_156' title='bbox 728 1282 1014 1328; x_wconf 87' lang='lat' dir='ltr'>comprehenssa</span> <span class='ocrx_word' id='word_1_157' title='bbox 1035 1283 1104 1316; x_wconf 89' lang='lat' dir='ltr'>sub</span> <span class='ocrx_word' id='word_1_158' title='bbox 1126 1290 1291 1325; x_wconf 77' lang='lat' dir='ltr'>tractatu,</span> <span class='ocrx_word' id='word_1_159' title='bbox 1309 1284 1374 1317; x_wconf 88' lang='lat' dir='ltr'>sed</span> <span class='ocrx_word' id='word_1_160' title='bbox 1395 1283 1464 1317; x_wconf 84' lang='lat' dir='ltr'>sul)</span> <span class='ocrx_word' id='word_1_161' title='bbox 1481 1284 1689 1317; x_wconf 86' lang='lat' dir='ltr'>obediendo</span> <span class='ocrx_word' id='word_1_162' title='bbox 1711 1285 1789 1330; x_wconf 86' lang='lat' dir='ltr'>regi</span> <span class='ocrx_word' id='word_1_163' title='bbox 1810 1285 1957 1330; x_wconf 79' lang='lat' dir='ltr'>Anglie,</span> <span class='ocrx_word' id='word_1_164' title='bbox 1976 1284 2037 1330; x_wconf 92' lang='lat' dir='ltr'>qui</span> <span class='ocrx_word' id='word_1_165' title='bbox 2059 1296 2131 1317; x_wconf 93' lang='lat' dir='ltr'>non</span> <span class='ocrx_word' id='word_1_166' title='bbox 2152 1283 2278 1317; x_wconf 85' lang='lat' dir='ltr'>habuit</span> 
     </span>
     <span class='ocr_line' id='line_1_16' title="bbox 406 1350 2276 1397; baseline 0.001 -15"><span class='ocrx_word' id='word_1_167' title='bbox 406 1356 590 1383; x_wconf 86' lang='lat' dir='ltr'>tractatum</span> <span class='ocrx_word' id='word_1_168' title='bbox 613 1362 692 1383; x_wconf 87' lang='lat' dir='ltr'>cum</span> <span class='ocrx_word' id='word_1_169' title='bbox 721 1362 808 1396; x_wconf 87' lang='lat' dir='ltr'>rege</span> <span class='ocrx_word' id='word_1_170' title='bbox 832 1350 967 1384; x_wconf 87' lang='lat' dir='ltr'>Karolo</span> <span class='ocrx_word' id='word_1_171' title='bbox 990 1351 1151 1384; x_wconf 84' lang='lat' dir='ltr'>Francie.</span> <span class='ocrx_word' id='word_1_172' title='bbox 1183 1352 1226 1384; x_wconf 86' lang='lat' dir='ltr'>Et</span> <span class='ocrx_word' id='word_1_173' title='bbox 1258 1351 1355 1384; x_wconf 90' lang='lat' dir='ltr'>illam</span> <span class='ocrx_word' id='word_1_174' title='bbox 1383 1351 1534 1397; x_wconf 86' lang='lat' dir='ltr'>regebat</span> <span class='ocrx_word' id='word_1_175' title='bbox 1558 1352 1754 1397; x_wconf 82' lang='lat' dir='ltr'>episcopus</span> <span class='ocrx_word' id='word_1_176' title='bbox 1780 1352 2004 1385; x_wconf 87' lang='lat' dir='ltr'>Morinensis</span> <span class='ocrx_word' id='word_1_177' title='bbox 2038 1351 2276 1385; x_wconf 83' lang='lat' dir='ltr'>cancellarius</span> 
     </span>
    </p>
   </div>
   <div class='ocr_carea' id='block_1_5' title="bbox 405 1417 2115 1549">
    <p class='ocr_par' dir='ltr' id='par_1_6' title="bbox 405 1417 2115 1549">
     <span class='ocr_line' id='line_1_17' title="bbox 405 1417 1162 1462; baseline 0.003 -13"><span class='ocrx_word' id='word_1_178' title='bbox 405 1429 469 1462; x_wconf 92' lang='lat' dir='ltr'>pro</span> <span class='ocrx_word' id='word_1_179' title='bbox 492 1429 578 1462; x_wconf 86' lang='lat' dir='ltr'>rege</span> <span class='ocrx_word' id='word_1_180' title='bbox 599 1417 732 1462; x_wconf 88' lang='lat' dir='ltr'>Anglie</span> <span class='ocrx_word' id='word_1_181' title='bbox 754 1417 791 1450; x_wconf 90' lang='lat' dir='ltr'>in</span> <span class='ocrx_word' id='word_1_182' title='bbox 812 1417 977 1462; x_wconf 85' lang='lat' dir='ltr'>partibus</span> <span class='ocrx_word' id='word_1_183' title='bbox 1000 1418 1162 1451; x_wconf 79' lang='lat' dir='ltr'>Francie.</span> 
     </span>
     <span class='ocr_line' id='line_1_18' title="bbox 497 1516 2115 1549; baseline 0.001 -10"><span class='ocrx_word' id='word_1_184' title='bbox 497 1516 641 1539; x_wconf 74' lang='lat' dir='ltr'>Comment.</span> <span class='ocrx_word' id='word_1_185' title='bbox 657 1517 706 1539; x_wconf 88' lang='lat' dir='ltr'>sac.</span> <span class='ocrx_word' id='word_1_186' title='bbox 722 1516 801 1546; x_wconf 60' lang='lat' dir='ltr'>med„</span> <span class='ocrx_word' id='word_1_187' title='bbox 814 1517 845 1546; x_wconf 85' lang='lat'>11,</span> <span class='ocrx_word' id='word_1_188' title='bbox 862 1525 889 1548; x_wconf 89' lang='lat' dir='ltr'>p.</span> <span class='ocrx_word' id='word_1_189' title='bbox 905 1518 928 1540; x_wconf 80' lang='lat'>6.</span> <span class='ocrx_word' id='word_1_190' title='bbox 946 1530 973 1534; x_wconf 90' lang='lat'>—</span> <span class='ocrx_word' id='word_1_191' title='bbox 990 1517 1018 1540; x_wconf 85' lang='lat' dir='ltr'>ln</span> <span class='ocrx_word' id='word_1_192' title='bbox 1034 1517 1112 1542; x_wconf 77' lang='lat' dir='ltr'>Arch.</span> <span class='ocrx_word' id='word_1_193' title='bbox 1134 1520 1188 1541; x_wconf 79' lang='lat' dir='ltr'>nat.</span> <span class='ocrx_word' id='word_1_194' title='bbox 1202 1517 1297 1547; x_wconf 60' lang='lat' dir='ltr'>Paris„</span> <span class='ocrx_word' id='word_1_195' title='bbox 1315 1517 1338 1540; x_wconf 88' lang='lat' dir='ltr'><strong><em>M</em></strong></span> <span class='ocrx_word' id='word_1_196' title='bbox 1355 1517 1393 1546; x_wconf 81' lang='lat'>71,</span> <span class='ocrx_word' id='word_1_197' title='bbox 1410 1522 1439 1540; x_wconf 85' lang='lat' dir='ltr'>n⁰</span> <span class='ocrx_word' id='word_1_198' title='bbox 1452 1518 1490 1547; x_wconf 77' lang='lat'>88,</span> <span class='ocrx_word' id='word_1_199' title='bbox 1507 1517 1692 1549; x_wconf 78' lang='lat' dir='ltr'>apographum</span> <span class='ocrx_word' id='word_1_200' title='bbox 1709 1526 1778 1541; x_wconf 74' lang='lat' dir='ltr'>saec-</span> <span class='ocrx_word' id='word_1_201' title='bbox 1794 1525 1858 1547; x_wconf 82' lang='lat' dir='ltr'>xvn‚</span> <span class='ocrx_word' id='word_1_202' title='bbox 1875 1517 1920 1541; x_wconf 86' lang='lat' dir='ltr'>ubi</span> <span class='ocrx_word' id='word_1_203' title='bbox 1935 1518 1969 1541; x_wconf 81' lang='lat' dir='ltr'>ad</span> <span class='ocrx_word' id='word_1_204' title='bbox 1984 1526 2027 1541; x_wconf 87' lang='lat' dir='ltr'>an.</span> <span class='ocrx_word' id='word_1_205' title='bbox 2045 1518 2115 1541; x_wconf 85' lang='grc'><strong>1436.</strong></span> 
     </span>
    </p>
   </div>
   <div class='ocr_carea' id='block_1_6' title="bbox 400 1600 2278 2082">
    <p class='ocr_par' dir='ltr' id='par_1_7' title="bbox 400 1600 2278 2082">
     <span class='ocr_line' id='line_1_19' title="bbox 494 1600 2278 1634; baseline 0 -9"><span class='ocrx_word' id='word_1_206' title='bbox 494 1600 518 1625; x_wconf 86' lang='lat'>1.</span> <span class='ocrx_word' id='word_1_207' title='bbox 536 1601 657 1632; x_wconf 83' lang='lat' dir='ltr'>Intellige</span> <span class='ocrx_word' id='word_1_208' title='bbox 671 1610 682 1624; x_wconf 90' lang='lat'>«</span> <span class='ocrx_word' id='word_1_209' title='bbox 698 1601 839 1625; x_wconf 80' lang='lat' dir='ltr'>mittendos</span> <span class='ocrx_word' id='word_1_210' title='bbox 855 1610 878 1625; x_wconf 91' lang='lat'>».</span> <span class='ocrx_word' id='word_1_211' title='bbox 895 1616 925 1620; x_wconf 91' lang='lat'>—</span> <span class='ocrx_word' id='word_1_212' title='bbox 940 1601 965 1627; x_wconf 85' lang='lat'>2.</span> <span class='ocrx_word' id='word_1_213' title='bbox 982 1602 1051 1625; x_wconf 86' lang='lat' dir='ltr'>Haec</span> <span class='ocrx_word' id='word_1_214' title='bbox 1069 1602 1149 1625; x_wconf 85' lang='lat' dir='ltr'>verba</span> <span class='ocrx_word' id='word_1_215' title='bbox 1164 1602 1279 1625; x_wconf 84' lang='lat' dir='ltr'>notanda</span> <span class='ocrx_word' id='word_1_216' title='bbox 1300 1605 1370 1626; x_wconf 74' lang='lat' dir='ltr'>sunt.</span> <span class='ocrx_word' id='word_1_217' title='bbox 1388 1603 1469 1625; x_wconf 84' lang='lat' dir='ltr'>Antea</span> <span class='ocrx_word' id='word_1_218' title='bbox 1491 1602 1655 1626; x_wconf 81' lang='lat' dir='ltr'>Universitas</span> <span class='ocrx_word' id='word_1_219' title='bbox 1672 1602 1740 1626; x_wconf 77' lang='lat' dir='ltr'>idem</span> <span class='ocrx_word' id='word_1_220' title='bbox 1756 1602 1863 1626; x_wconf 88' lang='lat' dir='ltr'>omnino</span> <span class='ocrx_word' id='word_1_221' title='bbox 1882 1602 1914 1625; x_wconf 89' lang='lat' dir='ltr'>de</span> <span class='ocrx_word' id='word_1_222' title='bbox 1934 1602 2028 1626; x_wconf 78' lang='lat' dir='ltr'>Car-olo</span> <span class='ocrx_word' id='word_1_223' title='bbox 2050 1603 2096 1625; x_wconf 90' lang='lat' dir='ltr'>VII</span> <span class='ocrx_word' id='word_1_224' title='bbox 2117 1602 2278 1634; x_wconf 84' lang='lat' dir='ltr'>pronuntia-</span> 
     </span>
     <span class='ocr_line' id='line_1_20' title="bbox 402 1645 2277 1679; baseline 0.001 -11"><span class='ocrx_word' id='word_1_225' title='bbox 402 1645 439 1668; x_wconf 90' lang='lat' dir='ltr'>vit</span> <span class='ocrx_word' id='word_1_226' title='bbox 454 1653 459 1668; x_wconf 82' lang='lat' dir='ltr'>z</span> <span class='ocrx_word' id='word_1_227' title='bbox 477 1654 488 1668; x_wconf 88' lang='lat'>«</span> <span class='ocrx_word' id='word_1_228' title='bbox 508 1645 553 1668; x_wconf 87' lang='lat' dir='ltr'>ille</span> <span class='ocrx_word' id='word_1_229' title='bbox 569 1646 612 1677; x_wconf 86' lang='lat' dir='ltr'>qui</span> <span class='ocrx_word' id='word_1_230' title='bbox 627 1654 654 1669; x_wconf 84' lang='lat' dir='ltr'>se</span> <span class='ocrx_word' id='word_1_231' title='bbox 670 1646 735 1669; x_wconf 81' lang='lat' dir='ltr'>dicit</span> <span class='ocrx_word' id='word_1_232' title='bbox 750 1654 838 1677; x_wconf 79' lang='lat' dir='ltr'>regem</span> <span class='ocrx_word' id='word_1_233' title='bbox 854 1647 980 1670; x_wconf 84' lang='lat' dir='ltr'>Franciae</span> <span class='ocrx_word' id='word_1_234' title='bbox 997 1655 1007 1669; x_wconf 81' lang='grc' dir='ltr'>ι)</span> <span class='ocrx_word' id='word_1_235' title='bbox 1023 1647 1201 1676; x_wconf 63' lang='grc' dir='ltr'>(Οωοιιῑιιᾼτ,</span> <span class='ocrx_word' id='word_1_236' title='bbox 1216 1647 1248 1675; x_wconf 85' lang='grc' dir='ltr'>Π,</span> <span class='ocrx_word' id='word_1_237' title='bbox 1264 1655 1291 1678; x_wconf 90' lang='lat' dir='ltr'>p.</span> <span class='ocrx_word' id='word_1_238' title='bbox 1308 1648 1371 1676; x_wconf 81' lang='lat'><strong>353).</strong></span> <span class='ocrx_word' id='word_1_239' title='bbox 1389 1648 1472 1678; x_wconf 78' lang='lat' dir='ltr'>Aegre</span> <span class='ocrx_word' id='word_1_240' title='bbox 1485 1647 1537 1670; x_wconf 88' lang='lat' dir='ltr'>dux</span> <span class='ocrx_word' id='word_1_241' title='bbox 1551 1647 1730 1678; x_wconf 83' lang='lat' dir='ltr'>Burgundiae,</span> <span class='ocrx_word' id='word_1_242' title='bbox 1743 1647 1817 1678; x_wconf 83' lang='lat' dir='ltr'>cujus</span> <span class='ocrx_word' id='word_1_243' title='bbox 1833 1647 1921 1678; x_wconf 86' lang='lat' dir='ltr'>potius</span> <span class='ocrx_word' id='word_1_244' title='bbox 1935 1655 2014 1679; x_wconf 86' lang='lat' dir='ltr'>quam</span> <span class='ocrx_word' id='word_1_245' title='bbox 2030 1647 2156 1670; x_wconf 83' lang='lat' dir='ltr'>Franciae</span> <span class='ocrx_word' id='word_1_246' title='bbox 2169 1655 2277 1670; x_wconf 74' lang='lat' dir='ltr'>causam</span> 
     </span>
     <span class='ocr_line' id='line_1_21' title="bbox 400 1690 2277 1723; baseline 0.001 -10"><span class='ocrx_word' id='word_1_247' title='bbox 400 1690 496 1713; x_wconf 84' lang='lat' dir='ltr'>abhinc</span> <span class='ocrx_word' id='word_1_248' title='bbox 509 1694 547 1714; x_wconf 84' lang='lat' dir='ltr'>tot</span> <span class='ocrx_word' id='word_1_249' title='bbox 561 1691 637 1714; x_wconf 86' lang='lat' dir='ltr'>annis</span> <span class='ocrx_word' id='word_1_250' title='bbox 654 1691 819 1714; x_wconf 80' lang='lat' dir='ltr'>Universitas</span> <span class='ocrx_word' id='word_1_251' title='bbox 835 1694 976 1723; x_wconf 82' lang='lat' dir='ltr'>prosecuta</span> <span class='ocrx_word' id='word_1_252' title='bbox 991 1694 1039 1720; x_wconf 80' lang='lat' dir='ltr'>est,</span> <span class='ocrx_word' id='word_1_253' title='bbox 1055 1691 1126 1723; x_wconf 82' lang='lat' dir='ltr'>parti</span> <span class='ocrx_word' id='word_1_254' title='bbox 1144 1691 1232 1715; x_wconf 83' lang='lat' dir='ltr'>Caroli</span> <span class='ocrx_word' id='word_1_255' title='bbox 1247 1692 1293 1715; x_wconf 73' lang='lat' dir='ltr'>vll</span> <span class='ocrx_word' id='word_1_256' title='bbox 1311 1700 1338 1715; x_wconf 80' lang='lat' dir='ltr'>se</span> <span class='ocrx_word' id='word_1_257' title='bbox 1354 1691 1467 1715; x_wconf 86' lang='lat' dir='ltr'>amicum</span> <span class='ocrx_word' id='word_1_258' title='bbox 1485 1692 1650 1720; x_wconf 71' lang='lat' dir='ltr'>monstravit,</span> <span class='ocrx_word' id='word_1_259' title='bbox 1664 1691 1828 1715; x_wconf 80' lang='lat' dir='ltr'>Universitas</span> <span class='ocrx_word' id='word_1_260' title='bbox 1840 1692 1919 1715; x_wconf 81' lang='lat' dir='ltr'>etiam</span> <span class='ocrx_word' id='word_1_261' title='bbox 1931 1700 1992 1715; x_wconf 83' lang='lat' dir='ltr'>suos</span> <span class='ocrx_word' id='word_1_262' title='bbox 2004 1700 2097 1715; x_wconf 78' lang='lat' dir='ltr'>sensus</span> <span class='ocrx_word' id='word_1_263' title='bbox 2109 1700 2139 1715; x_wconf 88' lang='lat' dir='ltr'>eo</span> <span class='ocrx_word' id='word_1_264' title='bbox 2152 1692 2277 1715; x_wconf 80' lang='lat' dir='ltr'>libentius</span> 
     </span>
     <span class='ocr_line' id='line_1_22' title="bbox 402 1735 2275 1768; baseline 0.001 -10"><span class='ocrx_word' id='word_1_265' title='bbox 402 1735 520 1764; x_wconf 84' lang='lat' dir='ltr'>mutavit,</span> <span class='ocrx_word' id='word_1_266' title='bbox 541 1736 610 1767; x_wconf 88' lang='lat' dir='ltr'>quod</span> <span class='ocrx_word' id='word_1_267' title='bbox 626 1736 725 1759; x_wconf 82' lang='lat' dir='ltr'>ultimis</span> <span class='ocrx_word' id='word_1_268' title='bbox 741 1736 817 1759; x_wconf 82' lang='lat' dir='ltr'>annis</span> <span class='ocrx_word' id='word_1_269' title='bbox 833 1745 860 1759; x_wconf 86' lang='lat' dir='ltr'>se</span> <span class='ocrx_word' id='word_1_270' title='bbox 876 1744 1032 1768; x_wconf 82' lang='lat' dir='ltr'>oppressam</span> <span class='ocrx_word' id='word_1_271' title='bbox 1050 1736 1083 1759; x_wconf 85' lang='lat' dir='ltr'>ab</span> <span class='ocrx_word' id='word_1_272' title='bbox 1099 1736 1190 1768; x_wconf 80' lang='lat' dir='ltr'>Anglis</span> <span class='ocrx_word' id='word_1_273' title='bbox 1206 1740 1334 1760; x_wconf 77' lang='lat' dir='ltr'>senserat.</span> <span class='ocrx_word' id='word_1_274' title='bbox 1345 1736 1411 1762; x_wconf 84' lang='lat'>—3.</span> <span class='ocrx_word' id='word_1_275' title='bbox 1431 1737 1458 1759; x_wconf 90' lang='lat' dir='ltr'>In</span> <span class='ocrx_word' id='word_1_276' title='bbox 1475 1737 1579 1762; x_wconf 71' lang='grc' dir='ltr'><strong>(ΗΜ-οη.</strong></span> <span class='ocrx_word' id='word_1_277' title='bbox 1593 1738 1626 1761; x_wconf 81' lang='lat' dir='ltr'>de</span> <span class='ocrx_word' id='word_1_278' title='bbox 1639 1737 1809 1767; x_wconf 65' lang='lat' dir='ltr'>Monstra-let,</span> <span class='ocrx_word' id='word_1_279' title='bbox 1827 1737 1854 1766; x_wconf 84' lang='lat' dir='ltr'>V,</span> <span class='ocrx_word' id='word_1_280' title='bbox 1870 1745 1896 1768; x_wconf 74' lang='lat' dir='ltr'>p,</span> <span class='ocrx_word' id='word_1_281' title='bbox 1912 1737 1956 1760; x_wconf 79' lang='lat'>1:37</span> <span class='ocrx_word' id='word_1_282' title='bbox 1970 1738 1994 1767; x_wconf 85' lang='lat' dir='ltr'>(e</span> <span class='ocrx_word' id='word_1_283' title='bbox 2009 1745 2060 1768; x_wconf 88' lang='lat' dir='ltr'>quo</span> <span class='ocrx_word' id='word_1_284' title='bbox 2082 1737 2157 1765; x_wconf 60' lang='lat' dir='ltr'>But„</span> <span class='ocrx_word' id='word_1_285' title='bbox 2174 1745 2201 1768; x_wconf 89' lang='lat' dir='ltr'>p.</span> <span class='ocrx_word' id='word_1_286' title='bbox 2215 1737 2275 1762; x_wconf 74' lang='lat'>42⁹:</span> 
     </span>
     <span class='ocr_line' id='line_1_23' title="bbox 400 1781 2278 1812; baseline 0 -8"><span class='ocrx_word' id='word_1_287' title='bbox 400 1783 530 1809; x_wconf 58' lang='lat' dir='ltr'>Atacem„</span> <span class='ocrx_word' id='word_1_288' title='bbox 547 1781 579 1810; x_wconf 78' lang='lat' dir='ltr'>II,</span> <span class='ocrx_word' id='word_1_289' title='bbox 595 1789 622 1812; x_wconf 87' lang='lat' dir='ltr'>p.</span> <span class='ocrx_word' id='word_1_290' title='bbox 641 1781 696 1811; x_wconf 84' lang='grc'><strong>481,</strong></span> <span class='ocrx_word' id='word_1_291' title='bbox 713 1784 767 1804; x_wconf 83' lang='lat' dir='ltr'>not.</span> <span class='ocrx_word' id='word_1_292' title='bbox 783 1782 805 1810; x_wconf 89' lang='grc'>3)</span> <span class='ocrx_word' id='word_1_293' title='bbox 822 1781 992 1804; x_wconf 77' lang='lat' dir='ltr'>nominantur</span> <span class='ocrx_word' id='word_1_294' title='bbox 1010 1781 1104 1811; x_wconf 82' lang='lat' dir='ltr'>abbas,</span> <span class='ocrx_word' id='word_1_295' title='bbox 1121 1781 1276 1811; x_wconf 77' lang='lat' dir='ltr'>Coureellis,</span> <span class='ocrx_word' id='word_1_296' title='bbox 1294 1781 1421 1811; x_wconf 77' lang='lat' dir='ltr'>Poitevin,</span> <span class='ocrx_word' id='word_1_297' title='bbox 1440 1782 1524 1805; x_wconf 79' lang='lat' dir='ltr'>Jehan</span> <span class='ocrx_word' id='word_1_298' title='bbox 1544 1782 1568 1805; x_wconf 87' lang='lat' dir='ltr'>lc</span> <span class='ocrx_word' id='word_1_299' title='bbox 1584 1782 1760 1805; x_wconf 76' lang='lat' dir='ltr'>Mousturdier</span> <span class='ocrx_word' id='word_1_300' title='bbox 1775 1785 1800 1805; x_wconf 83' lang='lat' dir='ltr'>et</span> <span class='ocrx_word' id='word_1_301' title='bbox 1815 1782 1973 1806; x_wconf 81' lang='lat' dir='ltr'>Guillelmus</span> <span class='ocrx_word' id='word_1_302' title='bbox 1990 1782 2096 1805; x_wconf 83' lang='lat' dir='ltr'>Breton.</span> <span class='ocrx_word' id='word_1_303' title='bbox 2115 1781 2166 1805; x_wconf 82' lang='lat' dir='ltr'>Sed</span> <span class='ocrx_word' id='word_1_304' title='bbox 2182 1781 2209 1804; x_wconf 91' lang='lat' dir='ltr'>hi</span> <span class='ocrx_word' id='word_1_305' title='bbox 2224 1781 2278 1804; x_wconf 84' lang='lat' dir='ltr'>duo</span> 
     </span>
     <span class='ocr_line' id='line_1_24' title="bbox 401 1819 2278 1858; baseline 0.001 -10"><span class='ocrx_word' id='word_1_306' title='bbox 401 1825 496 1855; x_wconf 79' lang='lat' dir='ltr'>ultimi,</span> <span class='ocrx_word' id='word_1_307' title='bbox 509 1825 628 1848; x_wconf 83' lang='lat' dir='ltr'>canonici</span> <span class='ocrx_word' id='word_1_308' title='bbox 644 1826 738 1854; x_wconf 83' lang='lat' dir='ltr'>Paris.,</span> <span class='ocrx_word' id='word_1_309' title='bbox 757 1827 862 1849; x_wconf 84' lang='lat' dir='ltr'>suerunt</span> <span class='ocrx_word' id='word_1_310' title='bbox 877 1826 994 1857; x_wconf 81' lang='lat' dir='ltr'>deputati</span> <span class='ocrx_word' id='word_1_311' title='bbox 1018 1835 1033 1849; x_wconf 85' lang='lat' dir='ltr'>a</span> <span class='ocrx_word' id='word_1_312' title='bbox 1048 1826 1165 1858; x_wconf 86' lang='lat' dir='ltr'>capitulo</span> <span class='ocrx_word' id='word_1_313' title='bbox 1185 1826 1270 1850; x_wconf 89' lang='lat' dir='ltr'>Paris.</span> <span class='ocrx_word' id='word_1_314' title='bbox 1288 1826 1352 1857; x_wconf 87' lang='lat' dir='ltr'>(vid.</span> <span class='ocrx_word' id='word_1_315' title='bbox 1375 1826 1459 1850; x_wconf 83' lang='lat' dir='ltr'>Me&#39;m.</span> <span class='ocrx_word' id='word_1_316' title='bbox 1477 1828 1510 1850; x_wconf 82' lang='lat' dir='ltr'>de</span> <span class='ocrx_word' id='word_1_317' title='bbox 1531 1827 1560 1851; x_wconf 84' lang='lat' dir='ltr'>la</span> <span class='ocrx_word' id='word_1_318' title='bbox 1579 1833 1632 1851; x_wconf 82' lang='lat' dir='ltr'>soc.</span> <span class='ocrx_word' id='word_1_319' title='bbox 1653 1828 1687 1850; x_wconf 79' lang='lat' dir='ltr'>de</span> <span class='ocrx_word' id='word_1_320' title='bbox 1707 1826 1788 1851; x_wconf 82' lang='lat' dir='ltr'>l&#39;hist.</span> <span class='ocrx_word' id='word_1_321' title='bbox 1809 1828 1842 1851; x_wconf 81' lang='lat' dir='ltr'>de</span> <span class='ocrx_word' id='word_1_322' title='bbox 1860 1827 1955 1856; x_wconf 79' lang='lat' dir='ltr'>Paris,</span> <span class='ocrx_word' id='word_1_323' title='bbox 1977 1827 2018 1851; x_wconf 85' lang='lat' dir='ltr'>lx.</span> <span class='ocrx_word' id='word_1_324' title='bbox 2039 1835 2066 1857; x_wconf 92' lang='lat' dir='ltr'>p.</span> <span class='ocrx_word' id='word_1_325' title='bbox 2087 1827 2150 1856; x_wconf 85' lang='lat'><strong>187),</strong></span> <span class='ocrx_word' id='word_1_326' title='bbox 2170 1829 2195 1849; x_wconf 81' lang='lat' dir='ltr'>et</span> <span class='ocrx_word' id='word_1_327' title='bbox 2216 1819 2278 1849; x_wconf 34' lang='lat' dir='ltr'>cum·</span> 
     </span>
     <span class='ocr_line' id='line_1_25' title="bbox 401 1870 2275 1903; baseline 0.001 -11"><span class='ocrx_word' id='word_1_328' title='bbox 401 1870 639 1893; x_wconf 80' lang='lat' dir='ltr'>ambassiatoribus</span> <span class='ocrx_word' id='word_1_329' title='bbox 656 1870 844 1894; x_wconf 78' lang='lat' dir='ltr'>Universitatis</span> <span class='ocrx_word' id='word_1_330' title='bbox 856 1872 923 1902; x_wconf 78' lang='lat' dir='ltr'>Aug.</span> <span class='ocrx_word' id='word_1_331' title='bbox 935 1871 965 1894; x_wconf 85' lang='lat'>25</span> <span class='ocrx_word' id='word_1_332' title='bbox 976 1871 1087 1903; x_wconf 78' lang='lat' dir='ltr'>profecti</span> <span class='ocrx_word' id='word_1_333' title='bbox 1104 1874 1165 1895; x_wconf 81' lang='lat' dir='ltr'>sunt</span> <span class='ocrx_word' id='word_1_334' title='bbox 1179 1871 1265 1901; x_wconf 76' lang='lat' dir='ltr'>(Arch.</span> <span class='ocrx_word' id='word_1_335' title='bbox 1278 1874 1342 1896; x_wconf 78' lang='lat' dir='ltr'>nat..</span> <span class='ocrx_word' id='word_1_336' title='bbox 1354 1871 1458 1900; x_wconf 74' lang='lat' dir='ltr'><strong>LL114,</strong></span> <span class='ocrx_word' id='word_1_337' title='bbox 1470 1880 1496 1902; x_wconf 86' lang='lat' dir='ltr'>p.</span> <span class='ocrx_word' id='word_1_338' title='bbox 1509 1872 1572 1901; x_wconf 76' lang='lat'><strong>104).</strong></span> <span class='ocrx_word' id='word_1_339' title='bbox 1587 1871 1743 1895; x_wconf 83' lang='lat' dir='ltr'>Guillelmus</span> <span class='ocrx_word' id='word_1_340' title='bbox 1757 1871 1882 1901; x_wconf 87' lang='lat' dir='ltr'>Britonis,</span> <span class='ocrx_word' id='word_1_341' title='bbox 1894 1879 1964 1902; x_wconf 85' lang='lat' dir='ltr'>mag.</span> <span class='ocrx_word' id='word_1_342' title='bbox 1978 1874 2029 1894; x_wconf 86' lang='lat' dir='ltr'>art.</span> <span class='ocrx_word' id='word_1_343' title='bbox 2041 1874 2066 1894; x_wconf 80' lang='lat' dir='ltr'>et</span> <span class='ocrx_word' id='word_1_344' title='bbox 2076 1871 2135 1894; x_wconf 83' lang='lat' dir='ltr'>bac.</span> <span class='ocrx_word' id='word_1_345' title='bbox 2148 1872 2275 1894; x_wconf 75' lang='lat' dir='ltr'>formatus</span> 
     </span>
     <span class='ocr_line' id='line_1_26' title="bbox 401 1914 2276 1947; baseline 0.001 -10"><span class='ocrx_word' id='word_1_346' title='bbox 401 1914 482 1938; x_wconf 87' lang='lat' dir='ltr'>theol.</span> <span class='ocrx_word' id='word_1_347' title='bbox 499 1915 593 1944; x_wconf 74' lang='lat' dir='ltr'>Paris.y</span> <span class='ocrx_word' id='word_1_348' title='bbox 610 1923 652 1938; x_wconf 89' lang='lat' dir='ltr'>an.</span> <span class='ocrx_word' id='word_1_349' title='bbox 666 1915 725 1938; x_wconf 83' lang='grc'><strong>1437</strong></span> <span class='ocrx_word' id='word_1_350' title='bbox 739 1915 852 1939; x_wconf 84' lang='lat' dir='ltr'>Pietavis</span> <span class='ocrx_word' id='word_1_351' title='bbox 870 1915 1029 1947; x_wconf 79' lang='lat' dir='ltr'>theologiam</span> <span class='ocrx_word' id='word_1_352' title='bbox 1046 1915 1111 1947; x_wconf 84' lang='lat' dir='ltr'>legit</span> <span class='ocrx_word' id='word_1_353' title='bbox 1127 1916 1231 1947; x_wconf 83' lang='lat' dir='ltr'>(suppl.</span> <span class='ocrx_word' id='word_1_354' title='bbox 1246 1916 1345 1947; x_wconf 83' lang='lat' dir='ltr'>Eugen.</span> <span class='ocrx_word' id='word_1_355' title='bbox 1361 1916 1401 1943; x_wconf 79' lang='lat' dir='ltr'>lv,</span> <span class='ocrx_word' id='word_1_356' title='bbox 1419 1920 1448 1938; x_wconf 89' lang='lat' dir='ltr'>n⁰</span> <span class='ocrx_word' id='word_1_357' title='bbox 1463 1916 1518 1944; x_wconf 81' lang='lat'>328,</span> <span class='ocrx_word' id='word_1_358' title='bbox 1535 1916 1579 1939; x_wconf 81' lang='lat' dir='ltr'>sol.</span> <span class='ocrx_word' id='word_1_359' title='bbox 1594 1916 1658 1945; x_wconf 77' lang='grc'><strong>240).</strong></span> <span class='ocrx_word' id='word_1_360' title='bbox 1668 1930 1700 1933; x_wconf 94' lang='grc'><strong>-</strong></span> <span class='ocrx_word' id='word_1_361' title='bbox 1711 1916 1737 1941; x_wconf 71' lang='lat' dir='ltr'>h.</span> <span class='ocrx_word' id='word_1_362' title='bbox 1751 1915 1924 1941; x_wconf 79' lang='lat' dir='ltr'>Parisienses.</span> <span class='ocrx_word' id='word_1_363' title='bbox 1936 1915 1990 1939; x_wconf 77' lang='lat' dir='ltr'>sive</span> <span class='ocrx_word' id='word_1_364' title='bbox 2004 1915 2088 1945; x_wconf 81' lang='lat' dir='ltr'>urbis,</span> <span class='ocrx_word' id='word_1_365' title='bbox 2102 1915 2157 1938; x_wconf 81' lang='lat' dir='ltr'>sive</span> <span class='ocrx_word' id='word_1_366' title='bbox 2169 1915 2276 1939; x_wconf 83' lang='lat' dir='ltr'>Univer-</span> 
     </span>
     <span class='ocr_line' id='line_1_27' title="bbox 401 1959 2275 1992; baseline 0.001 -10"><span class='ocrx_word' id='word_1_367' title='bbox 401 1959 497 1988; x_wconf 79' lang='lat' dir='ltr'>sitatis,</span> <span class='ocrx_word' id='word_1_368' title='bbox 511 1960 596 1982; x_wconf 84' lang='lat' dir='ltr'>solum</span> <span class='ocrx_word' id='word_1_369' title='bbox 611 1960 745 1991; x_wconf 82' lang='lat' dir='ltr'>Septemb.</span> <span class='ocrx_word' id='word_1_370' title='bbox 762 1960 773 1983; x_wconf 83' lang='lat'><strong>1</strong></span> <span class='ocrx_word' id='word_1_371' title='bbox 788 1960 937 1983; x_wconf 77' lang='lat' dir='ltr'>Atrebatem</span> <span class='ocrx_word' id='word_1_372' title='bbox 953 1960 1124 1984; x_wconf 82' lang='lat' dir='ltr'>advenerant.</span> <span class='ocrx_word' id='word_1_373' title='bbox 1140 1960 1197 1984; x_wconf 81' lang='lat' dir='ltr'>Vid.</span> <span class='ocrx_word' id='word_1_374' title='bbox 1215 1960 1284 1984; x_wconf 78' lang='lat' dir='ltr'>infra</span> <span class='ocrx_word' id='word_1_375' title='bbox 1298 1965 1326 1983; x_wconf 87' lang='lat' dir='ltr'>n⁰</span> <span class='ocrx_word' id='word_1_376' title='bbox 1341 1961 1411 1984; x_wconf 71' lang='lat'><strong>2463.</strong></span> <span class='ocrx_word' id='word_1_377' title='bbox 1428 1974 1456 1978; x_wconf 97' lang='lat'><strong>—</strong></span> <span class='ocrx_word' id='word_1_378' title='bbox 1475 1960 1500 1986; x_wconf 83' lang='lat'>5.</span> <span class='ocrx_word' id='word_1_379' title='bbox 1512 1960 1620 1984; x_wconf 85' lang='lat' dir='ltr'>Nicolao</span> <span class='ocrx_word' id='word_1_380' title='bbox 1635 1961 1667 1984; x_wconf 83' lang='lat' dir='ltr'>de</span> <span class='ocrx_word' id='word_1_381' title='bbox 1682 1960 1843 1992; x_wconf 78' lang='lat' dir='ltr'>Albergatis,</span> <span class='ocrx_word' id='word_1_382' title='bbox 1865 1961 1899 1983; x_wconf 90' lang='lat' dir='ltr'>ab</span> <span class='ocrx_word' id='word_1_383' title='bbox 1921 1968 1963 1984; x_wconf 89' lang='lat' dir='ltr'>an.</span> <span class='ocrx_word' id='word_1_384' title='bbox 1980 1961 2040 1983; x_wconf 76' lang='grc'><strong>1426</strong></span> <span class='ocrx_word' id='word_1_385' title='bbox 2055 1960 2198 1988; x_wconf 77' lang='lat' dir='ltr'>cardinale,</span> <span class='ocrx_word' id='word_1_386' title='bbox 2220 1960 2275 1991; x_wconf 86' lang='lat' dir='ltr'>jam</span> 
     </span>
     <span class='ocr_line' id='line_1_28' title="bbox 401 2004 2276 2037; baseline 0.001 -10"><span class='ocrx_word' id='word_1_387' title='bbox 401 2012 443 2027; x_wconf 81' lang='lat' dir='ltr'>an.</span> <span class='ocrx_word' id='word_1_388' title='bbox 463 2005 520 2027; x_wconf 79' lang='lat'>1432</span> <span class='ocrx_word' id='word_1_389' title='bbox 534 2005 567 2027; x_wconf 88' lang='lat' dir='ltr'>ab</span> <span class='ocrx_word' id='word_1_390' title='bbox 581 2004 697 2036; x_wconf 82' lang='lat' dir='ltr'>Eugenio</span> <span class='ocrx_word' id='word_1_391' title='bbox 711 2005 743 2028; x_wconf 89' lang='lat' dir='ltr'>lv</span> <span class='ocrx_word' id='word_1_392' title='bbox 756 2005 782 2028; x_wconf 86' lang='lat' dir='ltr'>in</span> <span class='ocrx_word' id='word_1_393' title='bbox 795 2005 933 2028; x_wconf 80' lang='lat' dir='ltr'>Franciam</span> <span class='ocrx_word' id='word_1_394' title='bbox 947 2006 979 2028; x_wconf 92' lang='lat' dir='ltr'>ad</span> <span class='ocrx_word' id='word_1_395' title='bbox 996 2013 1088 2037; x_wconf 83' lang='lat' dir='ltr'>pacem</span> <span class='ocrx_word' id='word_1_396' title='bbox 1103 2006 1299 2037; x_wconf 84' lang='lat' dir='ltr'>procurandam</span> <span class='ocrx_word' id='word_1_397' title='bbox 1315 2005 1406 2035; x_wconf 81' lang='lat' dir='ltr'>misso,</span> <span class='ocrx_word' id='word_1_398' title='bbox 1418 2005 1463 2028; x_wconf 90' lang='lat' dir='ltr'>ubi</span> <span class='ocrx_word' id='word_1_399' title='bbox 1479 2005 1677 2029; x_wconf 84' lang='lat' dir='ltr'>conventionem</span> <span class='ocrx_word' id='word_1_400' title='bbox 1693 2005 1949 2029; x_wconf 81' lang='lat' dir='ltr'>Autissiodorensem</span> <span class='ocrx_word' id='word_1_401' title='bbox 1965 2005 2106 2036; x_wconf 82' lang='lat' dir='ltr'>promovit.</span> <span class='ocrx_word' id='word_1_402' title='bbox 2119 2004 2178 2028; x_wconf 83' lang='lat' dir='ltr'>Vid.</span> <span class='ocrx_word' id='word_1_403' title='bbox 2194 2013 2276 2036; x_wconf 81' lang='lat' dir='ltr'>supra</span> 
     </span>
     <span class='ocr_line' id='line_1_29' title="bbox 402 2049 1740 2082; baseline 0.002 -11"><span class='ocrx_word' id='word_1_404' title='bbox 402 2057 428 2080; x_wconf 90' lang='lat' dir='ltr'>p.</span> <span class='ocrx_word' id='word_1_405' title='bbox 446 2050 499 2077; x_wconf 69' lang='lat'>548,</span> <span class='ocrx_word' id='word_1_406' title='bbox 516 2053 569 2072; x_wconf 80' lang='lat' dir='ltr'>not.</span> <span class='ocrx_word' id='word_1_407' title='bbox 585 2063 610 2067; x_wconf 94' lang='lat'>—</span> <span class='ocrx_word' id='word_1_408' title='bbox 624 2049 647 2074; x_wconf 82' lang='lat'>6.</span> <span class='ocrx_word' id='word_1_409' title='bbox 666 2050 775 2080; x_wconf 70' lang='lat' dir='ltr'>liugane</span> <span class='ocrx_word' id='word_1_410' title='bbox 788 2050 819 2072; x_wconf 83' lang='lat' dir='ltr'>de</span> <span class='ocrx_word' id='word_1_411' title='bbox 835 2050 994 2081; x_wconf 82' lang='lat' dir='ltr'>Lusignano,</span> <span class='ocrx_word' id='word_1_412' title='bbox 1011 2058 1138 2081; x_wconf 82' lang='lat' dir='ltr'>germano</span> <span class='ocrx_word' id='word_1_413' title='bbox 1155 2050 1225 2081; x_wconf 83' lang='lat' dir='ltr'>regis</span> <span class='ocrx_word' id='word_1_414' title='bbox 1239 2050 1329 2082; x_wconf 86' lang='lat' dir='ltr'>Cypri,</span> <span class='ocrx_word' id='word_1_415' title='bbox 1345 2053 1406 2073; x_wconf 83' lang='lat' dir='ltr'>tunc</span> <span class='ocrx_word' id='word_1_416' title='bbox 1421 2050 1546 2081; x_wconf 85' lang='lat' dir='ltr'>episcopo</span> <span class='ocrx_word' id='word_1_417' title='bbox 1562 2050 1740 2074; x_wconf 78' lang='lat' dir='ltr'>Praenestino.</span> 
     </span>
    </p>
   </div>
   <div class='ocr_carea' id='block_1_7' title="bbox 405 2231 2276 2367">
    <p class='ocr_par' dir='ltr' id='par_1_8' title="bbox 405 2231 2276 2367">
     <span class='ocr_line' id='line_1_30' title="bbox 405 2231 2276 2278; baseline 0 -10"><span class='ocrx_word' id='word_1_418' title='bbox 405 2231 549 2268; x_wconf 68' lang='lat'><strong>2461.</strong></span> <span class='ocrx_word' id='word_1_419' title='bbox 579 2241 754 2266; x_wconf 70' lang='lat' dir='ltr'>Universitas</span> <span class='ocrx_word' id='word_1_420' title='bbox 776 2241 873 2267; x_wconf 81' lang='lat' dir='ltr'>Paris.</span> <span class='ocrx_word' id='word_1_421' title='bbox 902 2241 1032 2276; x_wconf 79' lang='lat' dir='ltr'>queritur</span> <span class='ocrx_word' id='word_1_422' title='bbox 1054 2242 1082 2267; x_wconf 85' lang='lat' dir='ltr'>in</span> <span class='ocrx_word' id='word_1_423' title='bbox 1106 2241 1292 2268; x_wconf 80' lang='lat' dir='ltr'>Parlamento</span> <span class='ocrx_word' id='word_1_424' title='bbox 1316 2245 1415 2268; x_wconf 79' lang='lat' dir='ltr'>contra</span> <span class='ocrx_word' id='word_1_425' title='bbox 1443 2242 1606 2278; x_wconf 74' lang='lat' dir='ltr'>episcopum</span> <span class='ocrx_word' id='word_1_426' title='bbox 1630 2242 1725 2268; x_wconf 79' lang='lat' dir='ltr'>Paris.</span> <span class='ocrx_word' id='word_1_427' title='bbox 1743 2241 1778 2268; x_wconf 79' lang='lat' dir='ltr'>de</span> <span class='ocrx_word' id='word_1_428' title='bbox 1798 2241 1980 2278; x_wconf 79' lang='lat' dir='ltr'>impositione</span> <span class='ocrx_word' id='word_1_429' title='bbox 1997 2241 2055 2268; x_wconf 77' lang='lat' dir='ltr'>sibl</span> <span class='ocrx_word' id='word_1_430' title='bbox 2075 2242 2204 2277; x_wconf 75' lang='lat' dir='ltr'>injuncta</span> <span class='ocrx_word' id='word_1_431' title='bbox 2222 2250 2276 2278; x_wconf 81' lang='lat' dir='ltr'>pro</span> 
     </span>
     <span class='ocr_line' id='line_1_31' title="bbox 493 2290 1203 2318; baseline 0.001 -2"><span class='ocrx_word' id='word_1_432' title='bbox 493 2290 760 2316; x_wconf 75' lang='lat' dir='ltr'>ambassiatoribus</span> <span class='ocrx_word' id='word_1_433' title='bbox 777 2290 848 2316; x_wconf 84' lang='lat' dir='ltr'>cleri</span> <span class='ocrx_word' id='word_1_434' title='bbox 861 2290 1028 2316; x_wconf 79' lang='lat' dir='ltr'>Atrebatem</span> <span class='ocrx_word' id='word_1_435' title='bbox 1045 2291 1203 2318; x_wconf 80' lang='lat' dir='ltr'>mittendis.</span> 
     </span>
     <span class='ocr_line' id='line_1_32' title="bbox 1641 2337 1988 2367; baseline 0 -4"><span class='ocrx_word' id='word_1_436' title='bbox 1641 2338 1718 2367; x_wconf 76' lang='lat'><strong><em>1435,</em></strong></span> <span class='ocrx_word' id='word_1_437' title='bbox 1735 2337 1796 2363; x_wconf 70' lang='lat' dir='ltr'>dulit·</span> <span class='ocrx_word' id='word_1_438' title='bbox 1807 2338 1852 2367; x_wconf 83' lang='lat'>25,</span> <span class='ocrx_word' id='word_1_439' title='bbox 1871 2337 1988 2363; x_wconf 74' lang='lat' dir='ltr'>Parisiis.</span> 
     </span>
    </p>
   </div>
   <div class='ocr_carea' id='block_1_8' title="bbox 407 2424 2278 2875">
    <p class='ocr_par' dir='ltr' id='par_1_9' title="bbox 407 2424 2278 2875">
     <span class='ocr_line' id='line_1_33' title="bbox 497 2424 2275 2471; baseline 0.001 -15"><span class='ocrx_word' id='word_1_440' title='bbox 497 2425 606 2457; x_wconf 88' lang='lat' dir='ltr'>Entre</span> <span class='ocrx_word' id='word_1_441' title='bbox 627 2424 660 2457; x_wconf 95' lang='lat' dir='ltr'>le</span> <span class='ocrx_word' id='word_1_442' title='bbox 686 2431 830 2458; x_wconf 89' lang='lat' dir='ltr'>recteur</span> <span class='ocrx_word' id='word_1_443' title='bbox 853 2424 1076 2458; x_wconf 87' lang='lat' dir='ltr'>etmaistres</span> <span class='ocrx_word' id='word_1_444' title='bbox 1099 2425 1143 2458; x_wconf 91' lang='lat' dir='ltr'>de</span> <span class='ocrx_word' id='word_1_445' title='bbox 1171 2424 1406 2459; x_wconf 70' lang='lat' dir='ltr'>l&#39;Universite</span> <span class='ocrx_word' id='word_1_446' title='bbox 1434 2425 1477 2458; x_wconf 90' lang='lat' dir='ltr'>de</span> <span class='ocrx_word' id='word_1_447' title='bbox 1505 2425 1605 2459; x_wconf 86' lang='lat' dir='ltr'>Paris</span> <span class='ocrx_word' id='word_1_448' title='bbox 1641 2426 1926 2459; x_wconf 88' lang='lat' dir='ltr'>demandeurs...</span> <span class='ocrx_word' id='word_1_449' title='bbox 1957 2432 1990 2459; x_wconf 84' lang='lat' dir='ltr'>et</span> <span class='ocrx_word' id='word_1_450' title='bbox 2018 2425 2204 2471; x_wconf 82' lang='lat' dir='ltr'>l‘cvesque</span> <span class='ocrx_word' id='word_1_451' title='bbox 2230 2424 2275 2458; x_wconf 86' lang='lat' dir='ltr'>de</span> 
     </span>
     <span class='ocr_line' id='line_1_34' title="bbox 407 2491 2277 2538; baseline 0.001 -15"><span class='ocrx_word' id='word_1_452' title='bbox 407 2491 519 2532; x_wconf 72' lang='lat' dir='ltr'>Paris,</span> <span class='ocrx_word' id='word_1_453' title='bbox 543 2491 709 2524; x_wconf 89' lang='lat' dir='ltr'>maistres</span> <span class='ocrx_word' id='word_1_454' title='bbox 729 2493 863 2536; x_wconf 87' lang='lat' dir='ltr'>Jaques</span> <span class='ocrx_word' id='word_1_455' title='bbox 886 2492 1063 2533; x_wconf 76' lang='lat' dir='ltr'>Braulart⁷</span> <span class='ocrx_word' id='word_1_456' title='bbox 1086 2492 1293 2526; x_wconf 90' lang='lat' dir='ltr'>Guillaume</span> <span class='ocrx_word' id='word_1_457' title='bbox 1320 2492 1354 2525; x_wconf 83' lang='lat' dir='ltr'>le</span> <span class='ocrx_word' id='word_1_458' title='bbox 1382 2494 1516 2526; x_wconf 88' lang='lat' dir='ltr'>Breton</span> <span class='ocrx_word' id='word_1_459' title='bbox 1537 2499 1572 2529; x_wconf 76' lang='lat' dir='ltr'>et</span> <span class='ocrx_word' id='word_1_460' title='bbox 1592 2492 1757 2538; x_wconf 83' lang='lat' dir='ltr'>Philippe</span> <span class='ocrx_word' id='word_1_461' title='bbox 1780 2493 1824 2526; x_wconf 87' lang='lat' dir='ltr'>dc</span> <span class='ocrx_word' id='word_1_462' title='bbox 1844 2494 1965 2526; x_wconf 89' lang='lat' dir='ltr'>Dreux</span> <span class='ocrx_word' id='word_1_463' title='bbox 1995 2492 2218 2526; x_wconf 89' lang='lat' dir='ltr'>desendeurs</span> <span class='ocrx_word' id='word_1_464' title='bbox 2242 2499 2277 2526; x_wconf 87' lang='lat' dir='ltr'>et</span> 
     </span>
     <span class='ocr_line' id='line_1_35' title="bbox 409 2558 2277 2606; baseline 0.002 -15"><span class='ocrx_word' id='word_1_465' title='bbox 409 2570 603 2603; x_wconf 86' lang='lat' dir='ltr'>opposans.</span> <span class='ocrx_word' id='word_1_466' title='bbox 627 2559 774 2592; x_wconf 84' lang='lat' dir='ltr'>Maistre</span> <span class='ocrx_word' id='word_1_467' title='bbox 795 2558 909 2592; x_wconf 78' lang='lat' dir='ltr'>Jehan</span> <span class='ocrx_word' id='word_1_468' title='bbox 931 2559 1082 2592; x_wconf 90' lang='lat' dir='ltr'>Luillier</span> <span class='ocrx_word' id='word_1_469' title='bbox 1098 2572 1190 2604; x_wconf 91' lang='lat' dir='ltr'>pour</span> <span class='ocrx_word' id='word_1_470' title='bbox 1210 2559 1264 2593; x_wconf 85' lang='lat' dir='ltr'>les</span> <span class='ocrx_word' id='word_1_471' title='bbox 1284 2560 1558 2605; x_wconf 85' lang='lat' dir='ltr'>complaignans</span> <span class='ocrx_word' id='word_1_472' title='bbox 1573 2561 1879 2603; x_wconf 78' lang='lat' dir='ltr'>[Universitatem</span> <span class='ocrx_word' id='word_1_473' title='bbox 1902 2560 2148 2606; x_wconf 80' lang='lat' dir='ltr'>eprivilegiis</span> <span class='ocrx_word' id='word_1_474' title='bbox 2168 2560 2277 2605; x_wconf 83' lang='lat' dir='ltr'>impo-</span> 
     </span>
     <span class='ocr_line' id='line_1_36' title="bbox 408 2625 2276 2673; baseline 0.001 -15"><span class='ocrx_word' id='word_1_475' title='bbox 408 2625 560 2659; x_wconf 82' lang='lat' dir='ltr'>sitorum</span> <span class='ocrx_word' id='word_1_476' title='bbox 588 2626 770 2659; x_wconf 81' lang='lat' dir='ltr'>immunem</span> <span class='ocrx_word' id='word_1_477' title='bbox 787 2627 877 2671; x_wconf 79' lang='lat' dir='ltr'>sore</span> <span class='ocrx_word' id='word_1_478' title='bbox 899 2629 1112 2670; x_wconf 82' lang='lat' dir='ltr'>memorat];</span> <span class='ocrx_word' id='word_1_479' title='bbox 1140 2627 1443 2660; x_wconf 85' lang='lat' dir='ltr'>semblablement</span> <span class='ocrx_word' id='word_1_480' title='bbox 1469 2635 1552 2660; x_wconf 89' lang='lat' dir='ltr'>sont</span> <span class='ocrx_word' id='word_1_481' title='bbox 1579 2628 1773 2672; x_wconf 85' lang='lat' dir='ltr'>demourez</span> <span class='ocrx_word' id='word_1_482' title='bbox 1796 2628 1930 2673; x_wconf 84' lang='lat' dir='ltr'>quittez</span> <span class='ocrx_word' id='word_1_483' title='bbox 1952 2628 1996 2660; x_wconf 92' lang='lat' dir='ltr'>de</span> <span class='ocrx_word' id='word_1_484' title='bbox 2019 2627 2180 2672; x_wconf 86' lang='lat' dir='ltr'>l&#39;impost</span> <span class='ocrx_word' id='word_1_485' title='bbox 2214 2626 2276 2672; x_wconf 87' lang='lat' dir='ltr'>qui</span> 
     </span>
     <span class='ocr_line' id='line_1_37' title="bbox 410 2693 2276 2739; baseline 0.002 -15"><span class='ocrx_word' id='word_1_486' title='bbox 410 2693 502 2724; x_wconf 82' lang='lat' dir='ltr'>avoit</span> <span class='ocrx_word' id='word_1_487' title='bbox 525 2696 601 2725; x_wconf 84' lang='lat' dir='ltr'>este</span> <span class='ocrx_word' id='word_1_488' title='bbox 630 2693 781 2726; x_wconf 78' lang='lat' dir='ltr'>mis&#39;sus</span> <span class='ocrx_word' id='word_1_489' title='bbox 804 2706 866 2738; x_wconf 85' lang='lat' dir='ltr'>par</span> <span class='ocrx_word' id='word_1_490' title='bbox 889 2693 922 2726; x_wconf 88' lang='lat' dir='ltr'>le</span> <span class='ocrx_word' id='word_1_491' title='bbox 944 2694 1093 2727; x_wconf 91' lang='lat' dir='ltr'>Conseil</span> <span class='ocrx_word' id='word_1_492' title='bbox 1120 2695 1272 2739; x_wconf 83' lang='lat' dir='ltr'>general</span> <span class='ocrx_word' id='word_1_493' title='bbox 1296 2702 1331 2728; x_wconf 90' lang='lat' dir='ltr'>et</span> <span class='ocrx_word' id='word_1_494' title='bbox 1350 2707 1395 2728; x_wconf 88' lang='lat' dir='ltr'>en</span> <span class='ocrx_word' id='word_1_495' title='bbox 1416 2702 1480 2728; x_wconf 87' lang='lat' dir='ltr'>ont</span> <span class='ocrx_word' id='word_1_496' title='bbox 1502 2695 1613 2728; x_wconf 84' lang='lat' dir='ltr'>bulle.</span> <span class='ocrx_word' id='word_1_497' title='bbox 1644 2696 1687 2728; x_wconf 86' lang='lat' dir='ltr'>Et</span> <span class='ocrx_word' id='word_1_498' title='bbox 1712 2695 1940 2728; x_wconf 86' lang='lat' dir='ltr'>neantmoins</span> <span class='ocrx_word' id='word_1_499' title='bbox 1971 2695 2024 2728; x_wconf 92' lang='lat' dir='ltr'>les</span> <span class='ocrx_word' id='word_1_500' title='bbox 2053 2694 2276 2727; x_wconf 86' lang='lat' dir='ltr'>desendeurs</span> 
     </span>
     <span class='ocr_line' id='line_1_38' title="bbox 412 2761 2278 2808; baseline 0.002 -17"><span class='ocrx_word' id='word_1_501' title='bbox 412 2765 446 2791; x_wconf 87' lang='lat' dir='ltr'>et</span> <span class='ocrx_word' id='word_1_502' title='bbox 462 2771 644 2803; x_wconf 85' lang='lat' dir='ltr'>opposans</span> <span class='ocrx_word' id='word_1_503' title='bbox 666 2772 705 2792; x_wconf 90' lang='lat' dir='ltr'>se</span> <span class='ocrx_word' id='word_1_504' title='bbox 722 2767 804 2793; x_wconf 83' lang='lat' dir='ltr'>sont</span> <span class='ocrx_word' id='word_1_505' title='bbox 826 2761 870 2793; x_wconf 88' lang='lat' dir='ltr'>de</span> <span class='ocrx_word' id='word_1_506' title='bbox 888 2761 1020 2794; x_wconf 87' lang='lat' dir='ltr'>nouvel</span> <span class='ocrx_word' id='word_1_507' title='bbox 1042 2762 1210 2795; x_wconf 88' lang='lat' dir='ltr'>ess&#39;orciez</span> <span class='ocrx_word' id='word_1_508' title='bbox 1227 2762 1271 2795; x_wconf 89' lang='lat' dir='ltr'>de</span> <span class='ocrx_word' id='word_1_509' title='bbox 1295 2762 1527 2795; x_wconf 88' lang='lat' dir='ltr'>contraindre</span> <span class='ocrx_word' id='word_1_510' title='bbox 1549 2762 1603 2796; x_wconf 89' lang='lat' dir='ltr'>les</span> <span class='ocrx_word' id='word_1_511' title='bbox 1624 2770 1797 2808; x_wconf 86' lang='lat' dir='ltr'>suppostz</span> <span class='ocrx_word' id='word_1_512' title='bbox 1813 2763 1858 2795; x_wconf 90' lang='lat' dir='ltr'>de</span> <span class='ocrx_word' id='word_1_513' title='bbox 1879 2762 2115 2796; x_wconf 71' lang='lat' dir='ltr'>l&#39;Universite</span> <span class='ocrx_word' id='word_1_514' title='bbox 2138 2764 2156 2795; x_wconf 71' lang='lat' dir='ltr'>a</span> <span class='ocrx_word' id='word_1_515' title='bbox 2176 2762 2278 2807; x_wconf 89' lang='lat' dir='ltr'>paier</span> 
     </span>
     <span class='ocr_line' id='line_1_39' title="bbox 414 2825 2274 2875; baseline 0.002 -18"><span class='ocrx_word' id='word_1_516' title='bbox 414 2837 487 2869; x_wconf 80' lang='lat' dir='ltr'>ung</span> <span class='ocrx_word' id='word_1_517' title='bbox 503 2825 653 2858; x_wconf 85' lang='lat' dir='ltr'>subside</span> <span class='ocrx_word' id='word_1_518' title='bbox 675 2832 738 2871; x_wconf 84' lang='lat' dir='ltr'>p&#39;ar</span> <span class='ocrx_word' id='word_1_519' title='bbox 754 2827 922 2860; x_wconf 80' lang='lat' dir='ltr'>citations</span> <span class='ocrx_word' id='word_1_520' title='bbox 940 2832 997 2869; x_wconf 87' lang='lat' dir='ltr'>[et]</span> <span class='ocrx_word' id='word_1_521' title='bbox 1019 2830 1239 2868; x_wconf 89' lang='lat' dir='ltr'>monicions;</span> <span class='ocrx_word' id='word_1_522' title='bbox 1259 2842 1351 2875; x_wconf 88' lang='lat' dir='ltr'>pour</span> <span class='ocrx_word' id='word_1_523' title='bbox 1368 2842 1408 2862; x_wconf 87' lang='lat' dir='ltr'>ce</span> <span class='ocrx_word' id='word_1_524' title='bbox 1425 2830 1659 2867; x_wconf 76' lang='lat' dir='ltr'>l&#39;Universite</span> <span class='ocrx_word' id='word_1_525' title='bbox 1681 2843 1698 2863; x_wconf 92' lang='lat' dir='ltr'>a</span> <span class='ocrx_word' id='word_1_526' title='bbox 1714 2831 1777 2863; x_wconf 90' lang='lat' dir='ltr'>sait</span> <span class='ocrx_word' id='word_1_527' title='bbox 1798 2836 1968 2863; x_wconf 85' lang='lat' dir='ltr'>executer</span> <span class='ocrx_word' id='word_1_528' title='bbox 1984 2842 2021 2862; x_wconf 84' lang='lat' dir='ltr'>sa</span> <span class='ocrx_word' id='word_1_529' title='bbox 2043 2828 2274 2874; x_wconf 83' lang='lat' dir='ltr'>eomplainte,</span> 
     </span>
    </p>
   </div>
   <div class='ocr_carea' id='block_1_9' title="bbox 414 2895 2273 2943">
    <p class='ocr_par' dir='ltr' id='par_1_10' title="bbox 414 2895 2273 2943">
     <span class='ocr_line' id='line_1_40' title="bbox 414 2895 2273 2943; baseline 0.003 -20"><span class='ocrx_word' id='word_1_530' title='bbox 414 2895 431 2924; x_wconf 70' lang='grc' dir='ltr'>ἐι</span> <span class='ocrx_word' id='word_1_531' title='bbox 446 2904 539 2937; x_wconf 62' lang='lat' dir='ltr'>quo)v</span> <span class='ocrx_word' id='word_1_532' title='bbox 552 2905 590 2925; x_wconf 77' lang='lat' dir='ltr'>se</span> <span class='ocrx_word' id='word_1_533' title='bbox 606 2900 688 2925; x_wconf 81' lang='lat' dir='ltr'>sont</span> <span class='ocrx_word' id='word_1_534' title='bbox 703 2906 860 2938; x_wconf 85' lang='lat' dir='ltr'>opposez</span> <span class='ocrx_word' id='word_1_535' title='bbox 877 2895 1062 2940; x_wconf 86' lang='lat' dir='ltr'>l&#39;cvesque</span> <span class='ocrx_word' id='word_1_536' title='bbox 1078 2897 1122 2929; x_wconf 86' lang='lat' dir='ltr'>de</span> <span class='ocrx_word' id='word_1_537' title='bbox 1140 2897 1252 2938; x_wconf 78' lang='lat' dir='ltr'>Paris7</span> <span class='ocrx_word' id='word_1_538' title='bbox 1267 2897 1385 2930; x_wconf 69' lang='lat' dir='ltr'>l&#39;abbe</span> <span class='ocrx_word' id='word_1_539' title='bbox 1402 2898 1446 2930; x_wconf 93' lang='lat' dir='ltr'>de</span> <span class='ocrx_word' id='word_1_540' title='bbox 1463 2898 1561 2931; x_wconf 83' lang='lat' dir='ltr'>Saint</span> <span class='ocrx_word' id='word_1_541' title='bbox 1573 2898 1642 2942; x_wconf 81' lang='lat' dir='ltr'>(sic)</span> <span class='ocrx_word' id='word_1_542' title='bbox 1656 2904 1690 2930; x_wconf 88' lang='lat' dir='ltr'>et</span> <span class='ocrx_word' id='word_1_543' title='bbox 1706 2905 1827 2931; x_wconf 86' lang='lat' dir='ltr'>autres</span> <span class='ocrx_word' id='word_1_544' title='bbox 1842 2898 1904 2943; x_wconf 88' lang='lat' dir='ltr'>qui</span> <span class='ocrx_word' id='word_1_545' title='bbox 1920 2903 1983 2930; x_wconf 81' lang='lat' dir='ltr'>ont</span> <span class='ocrx_word' id='word_1_546' title='bbox 1998 2900 2074 2930; x_wconf 80' lang='lat' dir='ltr'>este</span> <span class='ocrx_word' id='word_1_547' title='bbox 2091 2896 2273 2941; x_wconf 83' lang='lat' dir='ltr'>adjornez,</span> 
     </span>
    </p>
   </div>
  </div>
 </body>
</html>
