2502 3418
398 326 464 360 322
2168 328 2268 365 [1416

978 337 1295 360 CHARTULARIUM
1329 338 1519 361 UNIVERS.
1557 339 1684 360 PARls.

1367 413 1570 440 intersectione
1594 414 1703 440 tiranni
1727 414 1865 441 videntur
1887 415 1979 442 michi
2001 416 2174 446 scandalose,
2198 424 2267 443 cru-

1366 462 1443 489 deles
1457 464 1487 489 et
1500 462 1600 497 impie.

489 411 644 445 Dyonisius
653 412 760 445 Pagani
769 413 824 439 hoc
835 414 924 442 tenet,
936 412 1017 446 quod
1031 412 1084 439 iste
1093 412 1307 446 propositiones

418 462 489 487 sunt
504 461 668 487 scandalose
683 462 712 487 et
725 463 948 495 presumptuose
960 461 1045 488 dicte.

490 509 639 545 T[homas]
662 510 752 540 Hobe,
777 518 855 543 mag.
879 510 1017 537 Premisse
1039 510 1250 544 propositiones
1270 510 1306 537 de

1670 511 1715 544 [40
1729 519 1808 545 mag.
1826 511 1928 547 theol.]

1099 598 1252 634 [Licentiati
1267 600 1292 625 et
1308 598 1409 626 baccal.
1420 597 1561 634 formati]

491 671 535 697 Fr.
553 671 728 698 Guillelmus
744 671 861 704 Seguin,
879 671 912 697 O.
930 671 972 700 Ρ..
989 670 1036 697 lic.
1052 670 1083 696 in
1096 669 1229 697 theol.⁴⁰.

492 720 598 746 Paulus
613 720 727 750 Natalis,
744 720 790 746 lic.
807 720 838 745 in
854 720 943 746 theol.

491 769 666 795 Guillelmus
681 768 815 797 Bardelli.
831 768 876 794 lic.
894 768 924 793 in
942 767 1031 794 theol.

491 818 536 844 Fr.
567 817 740 844 Laurentius
769 817 936 846 Christiani,
968 816 1014 843 lic.
1045 817 1076 842 in
1105 816 1208 846 theol..
1233 816 1303 843 Ord.

401 867 525 893 Carmel.

490 917 534 942 Fr.
551 916 673 943 Jacobus
693 915 851 949 Forestarii,
873 915 974 941 bacall.
991 915 1078 941 form.
1095 914 1126 940 in
1139 914 1228 940 theol.
1239 913 1259 931 Η
1277 914 1306 940 et

400 966 593 999 presentatus.

489 1013 533 1038 Fr.
552 1013 683 1046 Philipus
697 1012 820 1045 Raydor.
837 1012 898 1038 hac.
916 1012 1004 1038 form.
1019 1012 1047 1038 et
1058 1019 1133 1044 pres.

487 1062 513 1088 J.
529 1062 565 1088 de
580 1061 819 1091 Gondainvillari,
834 1061 895 1087 hac.
913 1061 999 1086 form.
1009 1059 1043 1086 ⁴².

488 1109 532 1134 Fr.
550 1109 698 1135 Johannes
717 1108 857 1138 Pinsonis,
875 1108 908 1134 O.
927 1109 1116 1137 Premonstr..
1133 1108 1194 1134 bac.
1214 1107 1301 1133 form.

488 1157 532 1182 Fr.
547 1157 689 1182 Martinus
703 1157 825 1190 Billorry
835 1155 867 1186 ¹³.
883 1156 916 1183 Ο.
934 1156 1029 1185 Pred..
1043 1157 1105 1183 bac.
1122 1157 1207 1182 form.

487 1206 589 1232 Petrus
603 1206 744 1239 Guespin,
761 1206 823 1232 bac.
839 1206 926 1232 form.

485 1254 661 1280 Guillelmus
675 1254 801 1284 Martini.
815 1254 877 1280 bac.
895 1254 981 1280 form.

484 1303 657 1336 Radulphus
671 1303 838 1332 Recuchon‚
855 1303 916 1329 bac.
933 1303 1021 1329 form.

484 1352 528 1377 Fr.
545 1352 689 1386 Seguinus
701 1352 834 1386 Cognati,
851 1352 885 1378 Ο.
901 1353 1038 1382 Carmel..
1055 1352 1116 1379 bac.
1131 1352 1217 1378 form.

483 1401 543 1434 Ego
555 1401 676 1428 Michael
689 1401 830 1430 Brunelli,
847 1401 909 1428 hac.
925 1402 1011 1427 form.

482 1450 606 1476 Jacobus
618 1450 653 1477 de
668 1450 792 1479 Celeriis,
807 1451 868 1477 bac.
884 1451 970 1477 form.

1439 671 1484 697 Fr.
1501 671 1625 698 Jacobus
1640 671 1776 701 Villeti⁴⁴.
1793 672 1826 699 O.
1844 672 1954 703 Carm.,
1968 673 2029 699 bac.
2047 674 2133 699 form.

1438 720 1484 746 Fr.
1501 720 1602 747 Petrus
1616 721 1736 751 Morelli,
1753 721 1814 748 bac.
1832 722 1918 748 form.

1441 767 1597 801 Dompnus
1609 768 1757 796 Johannes
1771 770 1859 799 Ruffi.
1876 769 1939 797 bac.
1956 770 2043 796 form.

1436 817 1584 844 Johannes
1598 817 1635 844 de
1649 818 1744 848 Porta,
1761 818 1823 845 bac.
1839 819 1926 845 form.

1438 867 1587 894 ,lohannes
1599 868 1691 902 Petor,
1707 868 1768 895 bac.
1783 868 1912 895 form.⁴³.

1436 914 1522 940 Dom.
1539 914 1688 942 Johannes
1702 916 1738 942 de
1753 915 1837 946 villa.
1851 916 1912 943 bac.
1930 917 2017 942 form.

1436 964 1481 989 Fr.
1499 963 1676 991 Guillelmus
1690 964 1826 994 Merici⁴⁶.
1841 965 1875 991 Ο.
1891 965 1986 995 Pred..
2003 965 2064 992 bac.
2080 965 2167 992 form.

1436 1013 1481 1039 Fr.
1498 1013 1646 1040 Johannes
1660 1013 1845 1041 Trolehan¹⁷.
1860 1014 1921 1040 bac.
1937 1015 2021 1041 form.

1436 1062 1481 1088 Fr.
1497 1062 1645 1090 Johannes
1659 1063 1695 1090 de
1707 1064 1838 1093 Nemore.
1854 1063 1915 1090 bac.
1933 1064 2019 1090 form.

1435 1111 1480 1137 Fr.
1498 1111 1646 1138 Johannes
1659 1112 1695 1138 de
1709 1112 1867 1140 Montibus.
1883 1112 1944 1139 bac.
1962 1113 2048 1139 form.

1435 1159 1481 1186 Fr.
1499 1152 1601 1186 Petrus
1614 1160 1732 1190 Galteri.
1749 1161 1810 1187 bac.
1827 1161 1915 1187 form.

1434 1209 1480 1234 Fr.
1497 1209 1617 1243 Egidius
1631 1210 1668 1236 de
1683 1210 1789 1239 Platea.
1805 1210 1867 1237 bac.
1884 1210 1971 1236 form.

1434 1258 1577 1284 Robertus
1589 1258 1750 1292 Reginaldi,
1767 1259 1828 1285 hac.
1845 1259 1931 1285 form.

1433 1307 1535 1333 Petrus
1551 1307 1730 1338 Guillemeti,
1747 1308 1809 1335 bac.
1826 1309 1913 1334 form.

1432 1356 1568 1383 Albertus
1583 1357 1676 1387 Fabri.
1693 1357 1755 1383 bac.
1772 1357 1872 1388 form„
1889 1357 1922 1384 O.
1935 1357 2018 1384 Pred.

1432 1405 1617 1432 Guichardus
1629 1406 1806 1434 Boudillion.
1822 1407 1884 1433 hac.
1900 1408 1985 1433 form.
2002 1407 2033 1433 in
2046 1407 2136 1434 theol.

1691 1452 1717 1488 [4
1732 1454 1778 1480 lic.
1795 1454 1897 1484 theoL,
1915 1463 1947 1489 ²7
1961 1454 2038 1481 hacc.
2056 1453 2154 1490 sorm.]

1187 1539 1357 1575 [Baccalarei
1371 1541 1464 1576 theol.]

481 1610 526 1636 Fr.
545 1611 692 1637 Johannes
706 1611 742 1637 de
755 1611 932 1641 Hannoilles,
948 1611 1009 1638 bac.

481 1660 583 1686 Petrus
598 1660 722 1694 Forgeti,
737 1660 798 1687 bac.

480 1707 611 1733 Nicolaus
627 1707 742 1737 Sirenis.
760 1708 821 1734 bac.

480 1756 525 1782 Fr.
544 1757 662 1783 Michael
678 1757 765 1786 Viela,
782 1757 844 1783 bac.

480 1806 627 1832 Johannes
641 1806 736 1835 Probi,
752 1806 814 1832 hac.

480 1855 525 1880 Fr.
544 1855 684 1881 Henricus
699 1855 896 1883 Centurionis.
911 1855 972 1882 bac.

480 1903 526 1929 Fr.
544 1903 706 1938 H[enricus]
724 1904 808 1937 Lupi,
822 1904 884 1930 bac.

480 1953 582 1979 Petrus
596 1953 717 1982 Rabelli,
734 1953 795 1979 bac.

480 2001 574 2028 Abbas
589 2002 758 2028 monasterii
774 2002 809 2028 de
824 2002 1036 2029 Castellariis⁴⁸.

482 2052 528 2077 Fr.
545 2051 605 2077 Yvo
620 2050 718 2080 Eveni,
735 2051 797 2077 bac.

480 2099 524 2125 Fr.
542 2099 786 2125 Archambaudus
800 2099 836 2125 de
851 2099 1011 2130 Firmitate,
1027 2100 1089 2127 bac.

481 2148 526 2174 Fr.
544 2148 719 2174 Guillelmus
733 2148 769 2174 de
781 2148 919 2178 Acheriis,
936 2149 997 2175 bac.

480 2197 598 2231 Egidius
613 2197 649 2223 de
665 2197 788 2227 Priches‚
805 2197 866 2223 bac.

480 2247 627 2272 Johannes
641 2246 678 2272 de
692 2246 856 2275 Crannach.
873 2246 934 2273 bac.

481 2296 628 2322 Johannes
642 2295 679 2321 de
693 2295 802 2325 Londa.
819 2296 880 2322 bac.

482 2345 525 2370 Fr.
543 2345 691 2370 Johannes
706 2344 806 2373 David.
824 2344 856 2370 O.
872 2345 981 2374 Carm..
998 2345 1059 2372 bac.

482 2393 527 2418 Fr.
545 2392 692 2418 Johannes
705 2392 891 2422 Guillemere,
906 2393 967 2419 bac.

483 2441 528 2466 Fr.
546 2440 710 2466 Bernardus
725 2440 863 2470 Causacii,
878 2441 939 2468 bac.

483 2489 627 2514 Mattheus
643 2488 782 2518 Lormier,
800 2489 860 2515 bac.

485 2538 593 2571 Symon
608 2538 743 2568 Bicherii,
760 2539 821 2565 bac.

484 2586 626 2612 Johannis
641 2586 752 2615 Hervei,
768 2587 830 2613 bac.

482 2633 649 2659 Caum-idus
661 2634 697 2660 de
712 2635 830 2664 Heiwes,
847 2635 908 2662 bac.

482 2682 656 2708 Guillelmus
669 2683 788 2716 Quillet,
805 2684 866 2710 bac.

482 2731 601 2757 Michael
616 2732 652 2758 de
667 2732 806 2766 Creneyo,
824 2733 885 2759 bac.

481 2780 582 2805 Petrus
595 2780 748 2811 Michaelis,
765 2782 827 2808 bac.

483 2829 582 2854 Petrus
597 2829 632 2855 de
645 2829 820 2863 Clamengis,
838 2831 898 2857 hac.

482 2877 566 2909 Hugo
581 2877 616 2903 de
631 2877 804 2911 Orignyaco,
821 2879 881 2905 bac.

513 2924 553 2948 41.

1433 1613 1552 1647 Egidius
1567 1613 1726 1643 Carleriiw.
1742 1614 1804 1640 bac.

1431 1662 1550 1695 Egidius
1565 1663 1719 1693 Remondi,
1734 1663 1796 1690 bac.

1431 1711 1555 1738 Jacobus
1567 1712 1602 1738 de
1617 1712 1797 1746 Hemptines.
1814 1713 1876 1740 bac.

1431 1760 1593 1787 Alexander
1607 1761 1744 1791 Cavelier.
1760 1761 1821 1788 bac.

1431 1810 1579 1836 Johannes
1593 1810 1698 1838 Amici.
1714 1811 1777 1837 bac.

1433 1859 1600 1886 Franciscus
1615 1860 1784 1894 Patrignon.
1799 1860 1861 1887 bac.

1430 1908 1579 1935 Johannes
1591 1909 1748 1937 Benedicti.
1763 1909 1824 1936 bac.

1431 1956 1532 1983 Petrus
1547 1957 1650 1987 Benin,
1666 1957 1729 1984 bac.

1431 2007 1578 2033 Johannes
1593 2007 1628 2033 de
1641 2007 1780 2037 Rufl'ossa.
1796 2007 1856 2034 bac.

1431 2056 1569 2082 Vivianus
1584 2055 1726 2086 Roholeti,
1741 2056 1803 2083 bac.

1430 2104 1574 2131 Robertus
1588 2104 1702 2138 Fleury,
1716 2104 1777 2131 bac.

1429 2153 1605 2179 Guillelmus
1620 2154 1780 2183 Mestronis.
1797 2154 1858 2180 bac.

1428 2202 1569 2228 Johannis
1584 2202 1685 2232 Crassi,
1701 2203 1762 2229 bac.

1431 2250 1608 2276 Guillelmus
1621 2251 1757 2280 Horston.
1772 2251 1833 2277 bac.

1430 2299 1530 2324 Petrus
1542 2299 1578 2325 de
1593 2299 1810 2334 Longocampo,
1826 2301 1887 2327 bac.

1430 2348 1560 2374 Nicolaus
1574 2348 1609 2374 de
1624 2349 1759 2378 Belismo,
1775 2349 1836 2376 bac.

1429 2397 1603 2431 Radulphus
1617 2398 1643 2424 lc
1656 2398 1772 2427 Danois.
1789 2398 1850 2424 bac.

1429 2445 1576 2472 Johannes
1591 2446 1685 2476 Fabri,
1701 2447 1763 2472 bac.

1429 2495 1604 2521 Guillelmus
1617 2496 1723 2529 Hardy.
1741 2496 1802 2522 bac.

1430 2544 1476 2570 Fr.
1493 2544 1640 2571 Johannes
1655 2544 1803 2575 Hemarffi,
1819 2545 1881 2572 bac.

1429 2592 1474 2617 Fr.
1489 2591 1612 2618 Jacobus
1627 2592 1764 2622 Mercerii,
1780 2593 1842 2619 bae.

1430 2640 1606 2667 Guillelmus
1620 2641 1762 2670 Garnerii.
1777 2642 1837 2668 bac.

1429 2691 1558 2723 Rogerus
1573 2691 1692 2724 Boyvin,
1705 2691 1766 2717 hac.

1430 2739 1577 2766 Johannes
1589 2740 1740 2774 Belliguen
1747 2740 1781 2770 ²⁰,
1797 2741 1859 2767 bac.

1428 2787 1576 2813 Johannes
1588 2787 1700 2817 Clerici,
1716 2788 1778 2814 bac.

1429 2835 1587 2872 R[icardus]
1603 2837 1639 2864 de
1654 2837 1811 2871 Courceyo.
1825 2837 1887 2864 bac.

1429 2885 1625 2921 W[ilhelmus]
1640 2886 1676 2913 de
1691 2886 1879 2921 Loch[em]²¹‚
1893 2886 1954 2913 bac.
