2502 3418
412 314 477 348 508
845 327 849 331 ¹
992 323 1311 346 CHARTULARIUM
1346 323 1536 346 UNivERs.
1573 324 1702 346 mais.
2184 312 2280 350 [1431

414 440 559 488 2365-Ι
585 449 735 475 Ordinatio
750 448 905 483 facultatis
920 449 1024 475 decret.
1042 450 1078 475 de
1093 448 1185 474 rotulo
1198 449 1317 474 Romam
1330 448 1488 484 portando.

1605 519 1672 549 7431,
1687 519 1778 552 Aprilis
1794 521 1818 549 9,
1831 520 1870 549 21,
1885 520 1998 546 Parisiis.

500 607 592 649 [Die
607 617 696 640 nona
713 606 841 639 mensis
854 606 996 650 Aprilis
1000 606 1083 651 fuit
1095 605 1270 639 celebrata
1284 606 1516 651 congregatio
1534 606 1789 640 Urzii¹ersz'tatis
1803 607 2028 641 Parisiensis
2037 607 2131 652 apud
2142 609 2179 641 S.
2194 609 2282 642 Ber-

413 672 576 713 nardum,
598 678 632 706 et
637 672 802 717 facultas
817 672 1040 705 decretorum
1057 671 1231 705 conclusit
1247 671 1418 713 rotulum,
1436 673 1693 718 nominavitque
1712 673 1871 707 nuntium
1889 685 2004 716 suum,
2020 674 2096 708 scil.
2116 674 2281 708 decanum

413 739 653 773 Guerouldum
669 739 850 783 Boysselli
864 738 912 771 acl
921 737 1141 783 portandum
1157 737 1292 771 dictum
1312 738 1481 772 rotulum.
1481 741 1508 782 J

502 806 567 838 Die
589 805 728 839 sabbati
748 806 804 850 xxj
826 805 964 849 Aprilis
984 805 1052 837 fuit
1072 804 1253 838 celebrata
1274 806 1518 850 congregacio
1539 806 1576 838 in
1598 807 1728 840 Sancto
1754 808 1935 840 Maturino
1956 808 2000 840 ab
2022 808 2280 847 Universitate,

412 873 450 905 in
472 885 541 917 qua
556 873 624 905 fuit
640 872 811 905 conclusa
829 872 1035 916 presencia¹
1055 872 1240 916 presentis
1258 871 1367 904 rotuli
1384 871 1427 905 ab
1445 872 1630 906 ordinario
1648 874 1846 919 incipiente
1863 886 1881 907 a
1897 875 1991 908 festo
2012 874 2107 908 beati
2126 876 2281 921 Remigii

411 940 496 972 anni
518 939 662 972 Domini
684 938 870 971 millesimi
896 939 980 970 ΙΙΙΙ0
1004 938 1193 979 tricesimi,
1220 939 1406 983 usquead
1427 939 1558 972 festum
1581 939 1676 973 beati
1698 941 1853 986 Remigii
1874 941 1958 974 anni
1979 942 2153 974 tricesimi
2174 942 2281 987 primi

410 1006 608 1047 exclusive,
631 1012 666 1038 et
686 1005 782 1050 quod
803 1005 857 1037 illi
879 1005 1146 1049 reputabuntur
1169 1012 1375 1050 presentes,
1398 1006 1459 1050 qui
1484 1006 1632 1039 fuerunt
1652 1014 1844 1052 presentes
1864 1020 1930 1053 per
1949 1009 2121 1053 majorem
2143 1015 2279 1054 partem

409 1073 495 1106 dicti
517 1072 692 1105 ordinarii
713 1072 865 1104 finiendi
885 1084 904 1104 a
923 1072 1016 1105 festo
1038 1071 1230 1105 beatorum
1251 1072 1501 1117 apostolorum
1527 1074 1623 1106 Petri
1650 1080 1685 1107 et
1709 1073 1810 1107 Pauli
1835 1075 1919 1107 anni
1944 1075 2139 1108 trissesimi
2160 1076 2278 1120 primi.

408 1141 493 1172 Item
517 1139 615 1184 quod
637 1138 801 1183 probatio
824 1139 1049 1183 presentium
1072 1138 1132 1172 fiet
1154 1151 1219 1184 per
1244 1139 1432 1172 facultates
1458 1146 1494 1173 et
1518 1140 1703 1182 naciones,
1731 1141 1778 1174 ita
1804 1141 1902 1186 quod
1928 1141 2090 1186 quelibet
2116 1142 2218 1175 nacio
2245 1149 2281 1176 et

407 1206 557 1239 facultas
573 1205 786 1238 inrotulabit
802 1217 903 1246 suos,
923 1212 958 1238 et
973 1206 1208 1250 postmodum
1221 1205 1283 1239 fiet
1293 1218 1389 1239 unus
1401 1206 1544 1240 rotulus
1555 1208 1772 1249 communis,
1788 1209 1892 1253 cujus
1906 1208 2069 1253 quelibet
2079 1209 2230 1243 facultas
2246 1216 2282 1243 et

408 1273 510 1306 nacio
527 1272 674 1305 habebit
689 1272 842 1317 copiam.
1743 1275 1787 1308 G.
1816 1276 2031 1308 BoYSSELLY.

499 1371 607 1393 Memor.
620 1371 670 1393 fac.
684 1370 790 1397 decret..
806 1370 825 1398 Ι,
843 1370 888 1393 fol.
906 1370 960 1393 134.
976 1383 1006 1387 —
1019 1370 1048 1393 In
1064 1371 1156 1394 eadem
1171 1371 1376 1402 congregatione
1392 1373 1443 1395 fac.
1459 1372 1529 1395 decr.
1546 1372 1747 1396 inrotulatorem
1760 1373 1840 1404 elegit
1854 1381 1925 1404 mag.
1936 1373 1996 1397 Joh.
2012 1374 2127 1398 Joliveti.
2141 1374 2279 1398 Caeterum

406 1415 458 1438 vid.
472 1415 542 1438 infra
557 1419 586 1437 n⁰
601 1415 670 1439 2396.

500 1499 525 1524 1.
543 1500 562 1523 Ι.
579 1508 611 1528 e.,
628 1499 755 1530 temporis
778 1499 895 1530 spatium
910 1499 1048 1523 definitum
1063 1503 1111 1527 est,
1128 1500 1198 1523 intra
1214 1500 1284 1531 quod
1299 1499 1326 1523 in
1341 1501 1428 1523 rotulo
1449 1500 1593 1532 inscriptus
1610 1501 1720 1525 Parisiis
1736 1510 1794 1526 esse
1808 1502 1908 1535 debuit,
1924 1506 1953 1526 ut
1969 1511 2095 1534 praesens
2113 1503 2164 1526 dici
2178 1506 2279 1535 posset.

406 1666 551 1703 2366.
574 1675 695 1701 Botulus
714 1675 825 1711 primus
846 1675 1046 1701 Universitatis
1061 1676 1158 1702 Paris.
1176 1676 1216 1702 ad
1230 1677 1392 1711 Eugenium
1409 1679 1452 1703 IV
1467 1678 1571 1703 missus
1589 1687 1608 1704 a
1627 1687 1735 1704 summo
1753 1679 1891 1714 pontifice
1909 1678 1963 1704 sub
1977 1688 1992 1705 ‹
2007 1688 2019 1704 ν
2036 1678 2094 1706 kal.
2110 1679 2183 1704 Maii
2203 1688 2279 1705 anno

493 1725 585 1760 primo
599 1733 614 1750 »
629 1725 771 1759 signatur.

1641 1763 1709 1792 7431,
1725 1763 1817 1795 Aprilis
1831 1764 1876 1793 27,
1892 1764 1993 1790 Romae.

496 1849 539 1872 Sic
555 1857 633 1880 saepe
646 1848 672 1871 in
686 1848 807 1879 epistolis
824 1849 935 1880 Eugenii
952 1849 993 1876 IV,
1006 1858 1030 1873 v.
1044 1858 1069 1880 g.
1085 1849 1162 1873 Arch.
1179 1853 1244 1878 nat„
1256 1850 1274 1873 L
1288 1851 1341 1877 320,
1355 1854 1383 1873 n⁰
1395 1851 1421 1878 1;
1435 1850 1514 1874 Arch.
1528 1851 1594 1878 Vnt.⁷
1610 1851 1673 1882 Reg.
1689 1851 1785 1880 Later„
1797 1859 1840 1875 nn.
1855 1852 1876 1879 3,
1894 1851 1940 1875 lib.
1954 1852 2007 1881 112,
2024 1852 2068 1874 sol.
2085 1851 2136 1876 85¹³.
2148 1852 2183 1875 Ut
2194 1860 2278 1883 paene

402 1894 576 1916 communiter
589 1893 676 1921 fiebat,
694 1893 797 1916 rotulus
814 1896 942 1925 quantum
956 1893 989 1916 ud
1005 1894 1131 1917 beneficia
1149 1895 1211 1923 (non
1223 1897 1351 1925 quantum
1366 1895 1399 1917 ad
1415 1894 1541 1918 articulos
1558 1899 1718 1924 communes)
1734 1895 1784 1919 suit
1797 1904 1808 1919 α
1822 1895 1962 1919 untedatus
1978 1906 2000 1925 ι,
2019 1904 2079 1919 nam
2092 1895 2177 1919 nuntii
2192 1897 2278 1920 solum

403 1946 492 1961 mense
503 1938 610 1961 Octobri
623 1938 740 1969 ejusdem
752 1938 814 1961 anni
828 1946 887 1961 cum
899 1938 986 1961 rotulo
997 1939 1105 1961 Romam
1117 1938 1230 1970 profecti
1245 1942 1315 1962 sunt.
1326 1953 1354 1956 —
1365 1939 1536 1963 Solummodo
1547 1940 1672 1964 Articuli
1681 1946 1844 1965 communes
1855 1944 1999 1972 supersunt
2010 1940 2072 1970 (vid.
2083 1941 2152 1964 intra
2161 1941 2277 1975 1102403)-

403 1983 422 2005 Ε
434 1983 538 2006 natione
552 1982 688 2006 Gallicana
706 1983 751 2005 144
767 1982 891 2014 magistri
907 1983 1131 2006 enumerabuntur
1148 1983 1212 2012 (vid.
1227 1983 1304 2012 Bur„
1320 1984 1349 2012 V,
1365 1992 1391 2015 p.
1404 1984 1469 2013 408).

403 2149 548 2186 2367.
570 2158 792 2193 Assignationes
809 2158 1048 2184 baccalureorum
1068 2159 1134 2185 Ord.
1149 2159 1255 2186 Praed.
1270 2168 1324 2195 pro
1338 2159 1434 2186 studio
1449 2160 1621 2186 Parisiensi.

1571 2239 1641 2268 7437,
1657 2239 1726 2265 circa
1739 2239 1800 2265 Maii
1810 2239 1855 2268 20,
1870 2240 1989 2272 LugdunI.

491 2325 697 2358 Conventui
718 2325 917 2358 Parisiensi
938 2325 1127 2370 provincie
1150 2326 1300 2359 Francie
1322 2327 1365 2359 ad
1386 2326 1583 2371 legendum
1611 2327 1816 2360 Sententias
1844 2327 1881 2359 in
1909 2328 2050 2372 magnis
2072 2326 2184 2360 scolis
2209 2339 2274 2372 pro

403 2403 496 2423 anno
518 2392 634 2436 primo
655 2392 887 2437 assignamus
909 2404 974 2437 pro
995 2393 1111 2425 forma
1140 2399 1175 2425 et
1199 2393 1313 2438 gradu
1342 2394 1543 2438 magisterii
1570 2394 1716 2426 fratrem
1744 2394 1910 2427 Petrum¹
1939 2394 2061 2427 Vineti
2087 2394 2274 2439 provincie

403 2459 564 2499 Francie,
587 2459 644 2490 cui
671 2458 928 2492 substituimus
954 2459 1099 2492 fratrem
1127 2459 1328 2492 Johannem
1358 2460 1436 2493 Ade
1467 2461 1631 2505 ejusdem
1662 2460 1867 2506 provincie;
1897 2472 1963 2506 pro
1989 2461 2151 2494 secundo
2179 2473 2273 2494 anno

402 2525 582 2557 extraneis
603 2524 726 2557 debito
747 2526 895 2558 fratrem
917 2526 1149 2559 Leonardum
1172 2526 1217 2559 de
1232 2528 1379 2569 Janua2,
1395 2527 1582 2572 provincie
1603 2527 1834 2569 Lombardie,
1855 2527 1914 2560 cui
1935 2527 2191 2560 substituimus
2207 2527 2274 2560 fra—

401 2598 490 2623 trem
507 2591 706 2624 Johannem
724 2592 768 2624 de
786 2593 899 2625 Ponte
921 2600 1127 2626 conventus
1144 2594 1322 2626 Metensis
1339 2594 1527 2639 provincie
1549 2594 1711 2627 Francie.
1734 2595 1774 2626 In
1796 2594 1916 2639 parvis
1936 2594 2047 2627 scolis
2068 2606 2134 2639 pro
2155 2594 2272 2639 primo

400 2670 492 2690 anno
510 2659 654 2690 fratrem
676 2658 918 2692 Guillermum
942 2660 1112 2692 Scutiferi
1134 2667 1336 2693 conventus
1354 2661 1584 2694 Redonensis
1605 2661 1769 2705 ejusdem
1796 2661 1999 2706 provincie3
2022 2673 2086 2706 pro
2109 2661 2271 2694 secundo

398 2736 484 2757 vero
501 2736 593 2756 anno
615 2725 652 2756 in
669 2725 807 2757 eisdem
830 2725 942 2759 scolis
967 2727 1114 2759 fratrem
1139 2728 1287 2760 Ivonem
1309 2727 1435 2760 Nurbu
1458 2728 1541 2770 (sic)
1557 2728 1694 2773 prefate
1711 2727 1910 2772 provincie,
1933 2728 1991 2760 cui
2013 2727 2271 2760 substituimus

398 2791 541 2840 fratrem
564 2790 774 2824 Nicholaum
797 2792 948 2833 [Suni?].

487 2857 542 2888 Ad
563 2857 757 2901 legendum
773 2870 860 2891 vero
883 2859 1036 2892 Bibliam
1061 2872 1126 2905 pro
1144 2860 1290 2894 duobus
1306 2862 1411 2895 annis
1428 2861 1669 2906 sequentibus
1688 2862 1834 2895 fratrem
1850 2863 1995 2894 Petrum
2012 2861 2192 2902 Turluri³,
2211 2861 2268 2894 cui
