<?xml version="1.0" encoding="UTF-8"?>
<!DOCTYPE html PUBLIC "-//W3C//DTD XHTML 1.0 Transitional//EN"
    "http://www.w3.org/TR/xhtml1/DTD/xhtml1-transitional.dtd">
<html xmlns="http://www.w3.org/1999/xhtml" xml:lang="en" lang="en">
 <head>
  <title>
</title>
<meta http-equiv="Content-Type" content="text/html;charset=utf-8" />
  <meta name='ocr-system' content='tesseract 3.04.00' />
  <meta name='ocr-capabilities' content='ocr_page ocr_carea ocr_par ocr_line ocrx_word'/>
</head>
<body>
  <div class='ocr_page' id='page_1' title='image "./chartulariumuniv04univuoft_0118.png"; bbox 0 0 2502 3418; ppageno 0'>
   <div class='ocr_carea' id='block_1_1' title="bbox 449 312 2303 353">
    <p class='ocr_par' dir='ltr' id='par_1_1' title="bbox 449 312 2303 353">
     <span class='ocr_line' id='line_1_1' title="bbox 449 312 2303 353; baseline -0.005 0"><span class='ocrx_word' id='word_1_1' title='bbox 449 321 488 353; x_wconf 74' lang='lat'>74</span> <span class='ocrx_word' id='word_1_2' title='bbox 1019 328 1337 350; x_wconf 68' lang='lat' dir='ltr'>CHARTULAnlUM</span> <span class='ocrx_word' id='word_1_3' title='bbox 1372 327 1560 349; x_wconf 68' lang='lat' dir='ltr'>univssas.</span> <span class='ocrx_word' id='word_1_4' title='bbox 1599 325 1727 347; x_wconf 69' lang='lat' dir='ltr'>PAnis.</span> <span class='ocrx_word' id='word_1_5' title='bbox 2204 312 2303 348; x_wconf 78' lang='lat'>[1403</span> 
     </span>
    </p>
   </div>
   <div class='ocr_carea' id='block_1_2' title="bbox 538 397 2163 447">
    <p class='ocr_par' dir='ltr' id='par_1_2' title="bbox 538 397 2163 447">
     <span class='ocr_line' id='line_1_2' title="bbox 538 397 2163 447; baseline -0.004 -12"><span class='ocrx_word' id='word_1_6' title='bbox 538 405 623 436; x_wconf 92' lang='lat' dir='ltr'>Item</span> <span class='ocrx_word' id='word_1_7' title='bbox 647 403 689 435; x_wconf 90' lang='lat' dir='ltr'>ad</span> <span class='ocrx_word' id='word_1_8' title='bbox 711 403 804 435; x_wconf 90' lang='lat' dir='ltr'>idem</span> <span class='ocrx_word' id='word_1_9' title='bbox 828 403 871 435; x_wconf 90' lang='lat' dir='ltr'>de</span> <span class='ocrx_word' id='word_1_10' title='bbox 893 402 965 435; x_wconf 91' lang='lat' dir='ltr'>illis</span> <span class='ocrx_word' id='word_1_11' title='bbox 987 403 1047 447; x_wconf 92' lang='lat' dir='ltr'>qui</span> <span class='ocrx_word' id='word_1_12' title='bbox 1069 409 1229 447; x_wconf 86' lang='lat' dir='ltr'>tempore</span> <span class='ocrx_word' id='word_1_13' title='bbox 1252 401 1345 434; x_wconf 90' lang='lat' dir='ltr'>dicte</span> <span class='ocrx_word' id='word_1_14' title='bbox 1367 401 1447 433; x_wconf 91' lang='lat' dir='ltr'>date</span> <span class='ocrx_word' id='word_1_15' title='bbox 1468 412 1541 433; x_wconf 90' lang='lat' dir='ltr'>non</span> <span class='ocrx_word' id='word_1_16' title='bbox 1561 399 1741 432; x_wconf 88' lang='lat' dir='ltr'>habebant</span> <span class='ocrx_word' id='word_1_17' title='bbox 1761 404 1887 430; x_wconf 86' lang='lat' dir='ltr'>etatem</span> <span class='ocrx_word' id='word_1_18' title='bbox 1910 397 2163 442; x_wconf 89' lang='lat' dir='ltr'>legitimam....</span> 
     </span>
    </p>
   </div>
   <div class='ocr_carea' id='block_1_3' title="bbox 539 464 2307 513">
    <p class='ocr_par' dir='ltr' id='par_1_3' title="bbox 539 464 2307 513">
     <span class='ocr_line' id='line_1_3' title="bbox 539 464 2307 513; baseline -0.002 -11"><span class='ocrx_word' id='word_1_19' title='bbox 539 471 625 502; x_wconf 90' lang='lat' dir='ltr'>Item</span> <span class='ocrx_word' id='word_1_20' title='bbox 647 470 691 502; x_wconf 93' lang='lat' dir='ltr'>ad</span> <span class='ocrx_word' id='word_1_21' title='bbox 711 470 804 502; x_wconf 92' lang='lat' dir='ltr'>idem</span> <span class='ocrx_word' id='word_1_22' title='bbox 828 470 871 501; x_wconf 95' lang='lat' dir='ltr'>de</span> <span class='ocrx_word' id='word_1_23' title='bbox 892 469 964 501; x_wconf 91' lang='lat' dir='ltr'>illis</span> <span class='ocrx_word' id='word_1_24' title='bbox 986 469 1046 513; x_wconf 93' lang='lat' dir='ltr'>qui</span> <span class='ocrx_word' id='word_1_25' title='bbox 1068 475 1229 513; x_wconf 90' lang='lat' dir='ltr'>tempore</span> <span class='ocrx_word' id='word_1_26' title='bbox 1251 468 1344 500; x_wconf 89' lang='lat' dir='ltr'>dicte</span> <span class='ocrx_word' id='word_1_27' title='bbox 1367 467 1446 500; x_wconf 88' lang='lat' dir='ltr'>date</span> <span class='ocrx_word' id='word_1_28' title='bbox 1468 467 1553 499; x_wconf 87' lang='lat' dir='ltr'>dicti</span> <span class='ocrx_word' id='word_1_29' title='bbox 1576 465 1683 498; x_wconf 91' lang='lat' dir='ltr'>rotuli</span> <span class='ocrx_word' id='word_1_30' title='bbox 1705 464 1883 497; x_wconf 88' lang='lat' dir='ltr'>habebant</span> <span class='ocrx_word' id='word_1_31' title='bbox 1905 464 2080 497; x_wconf 87' lang='lat' dir='ltr'>beneficia</span> <span class='ocrx_word' id='word_1_32' title='bbox 2097 477 2166 509; x_wconf 85' lang='lat' dir='ltr'>que</span> <span class='ocrx_word' id='word_1_33' title='bbox 2184 471 2307 509; x_wconf 89' lang='lat' dir='ltr'>postea</span> 
     </span>
    </p>
   </div>
   <div class='ocr_carea' id='block_1_4' title="bbox 449 531 2305 580">
    <p class='ocr_par' dir='ltr' id='par_1_4' title="bbox 449 531 2305 580">
     <span class='ocr_line' id='line_1_4' title="bbox 449 531 2305 580; baseline -0.003 -11"><span class='ocrx_word' id='word_1_34' title='bbox 449 537 666 569; x_wconf 87' lang='lat' dir='ltr'>dimiserunt</span> <span class='ocrx_word' id='word_1_35' title='bbox 686 536 742 569; x_wconf 93' lang='lat' dir='ltr'>vel</span> <span class='ocrx_word' id='word_1_36' title='bbox 772 536 1001 580; x_wconf 87' lang='lat' dir='ltr'>postmodum</span> <span class='ocrx_word' id='word_1_37' title='bbox 1030 535 1185 568; x_wconf 79' lang='lat' dir='ltr'>assecuti</span> <span class='ocrx_word' id='word_1_38' title='bbox 1214 541 1298 567; x_wconf 90' lang='lat' dir='ltr'>sunt</span> <span class='ocrx_word' id='word_1_39' title='bbox 1329 533 1504 566; x_wconf 86' lang='lat' dir='ltr'>beneficia</span> <span class='ocrx_word' id='word_1_40' title='bbox 1526 544 1594 577; x_wconf 88' lang='lat' dir='ltr'>que</span> <span class='ocrx_word' id='word_1_41' title='bbox 1626 544 1720 564; x_wconf 90' lang='lat' dir='ltr'>nunc</span> <span class='ocrx_word' id='word_1_42' title='bbox 1746 531 1964 576; x_wconf 89' lang='lat' dir='ltr'>exprimunt,</span> <span class='ocrx_word' id='word_1_43' title='bbox 1993 531 2050 564; x_wconf 89' lang='lat' dir='ltr'>vel</span> <span class='ocrx_word' id='word_1_44' title='bbox 2078 532 2138 576; x_wconf 92' lang='lat' dir='ltr'>qui</span> <span class='ocrx_word' id='word_1_45' title='bbox 2168 531 2305 564; x_wconf 89' lang='lat' dir='ltr'>nullum</span> 
     </span>
    </p>
   </div>
   <div class='ocr_carea' id='block_1_5' title="bbox 442 597 2310 2848">
    <p class='ocr_par' dir='ltr' id='par_1_5' title="bbox 448 597 2310 847">
     <span class='ocr_line' id='line_1_5' title="bbox 449 597 2307 644; baseline -0.003 -8"><span class='ocrx_word' id='word_1_46' title='bbox 449 610 532 636; x_wconf 90' lang='lat' dir='ltr'>tunc</span> <span class='ocrx_word' id='word_1_47' title='bbox 553 602 732 635; x_wconf 87' lang='lat' dir='ltr'>habebant</span> <span class='ocrx_word' id='word_1_48' title='bbox 752 601 966 634; x_wconf 86' lang='lat' dir='ltr'>beneficium</span> <span class='ocrx_word' id='word_1_49' title='bbox 989 608 1021 634; x_wconf 91' lang='lat' dir='ltr'>et</span> <span class='ocrx_word' id='word_1_50' title='bbox 1050 613 1144 633; x_wconf 91' lang='lat' dir='ltr'>nunc</span> <span class='ocrx_word' id='word_1_51' title='bbox 1165 600 1297 633; x_wconf 85' lang='lat' dir='ltr'>habent</span> <span class='ocrx_word' id='word_1_52' title='bbox 1318 612 1386 644; x_wconf 91' lang='lat' dir='ltr'>que</span> <span class='ocrx_word' id='word_1_53' title='bbox 1413 599 1618 644; x_wconf 82' lang='lat' dir='ltr'>exprimunt</span> <span class='ocrx_word' id='word_1_54' title='bbox 1638 598 1694 631; x_wconf 90' lang='lat' dir='ltr'>vel</span> <span class='ocrx_word' id='word_1_55' title='bbox 1721 598 1781 642; x_wconf 86' lang='lat' dir='ltr'>qui</span> <span class='ocrx_word' id='word_1_56' title='bbox 1811 604 1894 630; x_wconf 86' lang='lat' dir='ltr'>tunc</span> <span class='ocrx_word' id='word_1_57' title='bbox 1923 597 2103 631; x_wconf 82' lang='lat' dir='ltr'>habebant</span> <span class='ocrx_word' id='word_1_58' title='bbox 2132 597 2307 631; x_wconf 87' lang='lat' dir='ltr'>beneficia</span> 
     </span>
     <span class='ocr_line' id='line_1_6' title="bbox 449 664 2310 713; baseline -0.002 -11"><span class='ocrx_word' id='word_1_59' title='bbox 449 676 553 702; x_wconf 84' lang='lat' dir='ltr'>etlam</span> <span class='ocrx_word' id='word_1_60' title='bbox 575 675 694 701; x_wconf 87' lang='lat' dir='ltr'>curata</span> <span class='ocrx_word' id='word_1_61' title='bbox 716 680 785 713; x_wconf 93' lang='lat' dir='ltr'>que</span> <span class='ocrx_word' id='word_1_62' title='bbox 806 680 901 700; x_wconf 92' lang='lat' dir='ltr'>nunc</span> <span class='ocrx_word' id='word_1_63' title='bbox 923 667 1098 706; x_wconf 85' lang='lat' dir='ltr'>obtinent,</span> <span class='ocrx_word' id='word_1_64' title='bbox 1119 674 1154 699; x_wconf 92' lang='lat' dir='ltr'>ut</span> <span class='ocrx_word' id='word_1_65' title='bbox 1176 679 1253 699; x_wconf 88' lang='lat' dir='ltr'>cum</span> <span class='ocrx_word' id='word_1_66' title='bbox 1277 666 1403 711; x_wconf 86' lang='lat' dir='ltr'>gratiis</span> <span class='ocrx_word' id='word_1_67' title='bbox 1425 666 1477 698; x_wconf 92' lang='lat' dir='ltr'>eis</span> <span class='ocrx_word' id='word_1_68' title='bbox 1498 665 1600 698; x_wconf 87' lang='lat' dir='ltr'>sactis</span> <span class='ocrx_word' id='word_1_69' title='bbox 1621 664 1678 697; x_wconf 82' lang='lat' dir='ltr'>vel</span> <span class='ocrx_word' id='word_1_70' title='bbox 1700 664 1830 696; x_wconf 78' lang='lat' dir='ltr'>{iendis</span> <span class='ocrx_word' id='word_1_71' title='bbox 1851 664 1887 696; x_wconf 92' lang='lat' dir='ltr'>in</span> <span class='ocrx_word' id='word_1_72' title='bbox 1909 664 2005 696; x_wconf 89' lang='lat' dir='ltr'>dicto</span> <span class='ocrx_word' id='word_1_73' title='bbox 2028 664 2145 697; x_wconf 89' lang='lat' dir='ltr'>rotulo</span> <span class='ocrx_word' id='word_1_74' title='bbox 2167 665 2310 709; x_wconf 84' lang='lat' dir='ltr'>possint</span> 
     </span>
     <span class='ocr_line' id='line_1_7' title="bbox 449 730 2309 777; baseline -0.003 -8"><span class='ocrx_word' id='word_1_75' title='bbox 449 736 541 769; x_wconf 91' lang='lat' dir='ltr'>dicta</span> <span class='ocrx_word' id='word_1_76' title='bbox 563 735 737 768; x_wconf 82' lang='lat' dir='ltr'>beneficia</span> <span class='ocrx_word' id='word_1_77' title='bbox 763 735 866 767; x_wconf 91' lang='lat' dir='ltr'>etiam</span> <span class='ocrx_word' id='word_1_78' title='bbox 894 741 1013 767; x_wconf 89' lang='lat' dir='ltr'>curata</span> <span class='ocrx_word' id='word_1_79' title='bbox 1034 734 1204 774; x_wconf 86' lang='lat' dir='ltr'>retinere,</span> <span class='ocrx_word' id='word_1_80' title='bbox 1229 740 1263 766; x_wconf 89' lang='lat' dir='ltr'>et</span> <span class='ocrx_word' id='word_1_81' title='bbox 1284 734 1354 765; x_wconf 93' lang='lat' dir='ltr'>duo</span> <span class='ocrx_word' id='word_1_82' title='bbox 1376 731 1659 777; x_wconf 80' lang='lat' dir='ltr'>incompatibilia</span> <span class='ocrx_word' id='word_1_83' title='bbox 1681 743 1797 776; x_wconf 86' lang='lat' dir='ltr'>usque</span> <span class='ocrx_word' id='word_1_84' title='bbox 1818 731 1862 763; x_wconf 89' lang='lat' dir='ltr'>ad</span> <span class='ocrx_word' id='word_1_85' title='bbox 1883 730 2070 763; x_wconf 87' lang='lat' dir='ltr'>biennium</span> <span class='ocrx_word' id='word_1_86' title='bbox 2093 742 2171 764; x_wconf 84' lang='lat' dir='ltr'>curn</span> <span class='ocrx_word' id='word_1_87' title='bbox 2197 731 2309 764; x_wconf 88' lang='lat' dir='ltr'>facul-</span> 
     </span>
     <span class='ocr_line' id='line_1_8' title="bbox 448 801 822 847; baseline -0.008 -11"><span class='ocrx_word' id='word_1_88' title='bbox 448 810 517 836; x_wconf 87' lang='lat' dir='ltr'>tate</span> <span class='ocrx_word' id='word_1_89' title='bbox 539 801 822 847; x_wconf 87' lang='lat' dir='ltr'>permutandi....</span> 
     </span>
    </p>

    <p class='ocr_par' dir='ltr' id='par_1_6' title="bbox 447 864 2308 1047">
     <span class='ocr_line' id='line_1_9' title="bbox 537 864 2308 913; baseline -0.001 -12"><span class='ocrx_word' id='word_1_90' title='bbox 537 871 623 901; x_wconf 87' lang='lat' dir='ltr'>Item</span> <span class='ocrx_word' id='word_1_91' title='bbox 646 869 816 913; x_wconf 87' lang='lat' dir='ltr'>dignetur</span> <span class='ocrx_word' id='word_1_92' title='bbox 837 868 1006 900; x_wconf 87' lang='lat' dir='ltr'>sanctitas</span> <span class='ocrx_word' id='word_1_93' title='bbox 1028 874 1144 900; x_wconf 87' lang='lat' dir='ltr'>vestra</span> <span class='ocrx_word' id='word_1_94' title='bbox 1167 866 1350 899; x_wconf 90' lang='lat' dir='ltr'>declarare</span> <span class='ocrx_word' id='word_1_95' title='bbox 1372 872 1407 898; x_wconf 90' lang='lat' dir='ltr'>et</span> <span class='ocrx_word' id='word_1_96' title='bbox 1428 865 1625 898; x_wconf 74' lang='lat' dir='ltr'><strong>decernere</strong></span> <span class='ocrx_word' id='word_1_97' title='bbox 1652 864 1891 909; x_wconf 79' lang='lat' dir='ltr'>prejudicium</span> <span class='ocrx_word' id='word_1_98' title='bbox 1914 876 1987 897; x_wconf 92' lang='lat' dir='ltr'>non</span> <span class='ocrx_word' id='word_1_99' title='bbox 2014 864 2092 897; x_wconf 89' lang='lat' dir='ltr'>fieri</span> <span class='ocrx_word' id='word_1_100' title='bbox 2121 865 2308 899; x_wconf 88' lang='lat' dir='ltr'>nonnullis</span> 
     </span>
     <span class='ocr_line' id='line_1_10' title="bbox 447 930 2307 980; baseline -0.001 -12"><span class='ocrx_word' id='word_1_101' title='bbox 447 937 483 968; x_wconf 91' lang='lat' dir='ltr'>in</span> <span class='ocrx_word' id='word_1_102' title='bbox 504 935 664 980; x_wconf 79' lang='lat' dir='ltr'>presenti</span> <span class='ocrx_word' id='word_1_103' title='bbox 691 934 808 967; x_wconf 90' lang='lat' dir='ltr'>rotulo</span> <span class='ocrx_word' id='word_1_104' title='bbox 835 934 1135 978; x_wconf 79' lang='lat' dir='ltr'>supplicantibuS,</span> <span class='ocrx_word' id='word_1_105' title='bbox 1159 934 1219 978; x_wconf 88' lang='lat' dir='ltr'>qui</span> <span class='ocrx_word' id='word_1_106' title='bbox 1250 940 1411 977; x_wconf 86' lang='lat' dir='ltr'>tempore</span> <span class='ocrx_word' id='word_1_107' title='bbox 1439 932 1519 965; x_wconf 91' lang='lat' dir='ltr'>date</span> <span class='ocrx_word' id='word_1_108' title='bbox 1546 932 1632 964; x_wconf 90' lang='lat' dir='ltr'>dicti</span> <span class='ocrx_word' id='word_1_109' title='bbox 1658 931 1765 964; x_wconf 93' lang='lat' dir='ltr'>rotuli</span> <span class='ocrx_word' id='word_1_110' title='bbox 1796 930 1971 964; x_wconf 84' lang='lat' dir='ltr'>beneficia</span> <span class='ocrx_word' id='word_1_111' title='bbox 1992 931 2216 974; x_wconf 87' lang='lat' dir='ltr'>obtinebant,</span> <span class='ocrx_word' id='word_1_112' title='bbox 2238 944 2307 978; x_wconf 89' lang='lat' dir='ltr'>que</span> 
     </span>
     <span class='ocr_line' id='line_1_11' title="bbox 447 1002 865 1047; baseline -0.007 -12"><span class='ocrx_word' id='word_1_113' title='bbox 447 1009 571 1047; x_wconf 88' lang='lat' dir='ltr'>postea</span> <span class='ocrx_word' id='word_1_114' title='bbox 593 1002 865 1034; x_wconf 89' lang='lat' dir='ltr'>dimiserunt....</span> 
     </span>
    </p>

    <p class='ocr_par' dir='ltr' id='par_1_7' title="bbox 446 1065 2308 1179">
     <span class='ocr_line' id='line_1_12' title="bbox 535 1065 2308 1112; baseline -0.001 -12"><span class='ocrx_word' id='word_1_115' title='bbox 535 1070 622 1101; x_wconf 90' lang='lat' dir='ltr'>Item</span> <span class='ocrx_word' id='word_1_116' title='bbox 655 1075 689 1100; x_wconf 90' lang='lat' dir='ltr'>et</span> <span class='ocrx_word' id='word_1_117' title='bbox 719 1068 814 1112; x_wconf 93' lang='lat' dir='ltr'>quod</span> <span class='ocrx_word' id='word_1_118' title='bbox 845 1067 898 1099; x_wconf 92' lang='lat' dir='ltr'>illi</span> <span class='ocrx_word' id='word_1_119' title='bbox 928 1067 989 1111; x_wconf 87' lang='lat' dir='ltr'>qui</span> <span class='ocrx_word' id='word_1_120' title='bbox 1024 1067 1261 1099; x_wconf 89' lang='lat' dir='ltr'>obtinuerunt</span> <span class='ocrx_word' id='word_1_121' title='bbox 1281 1066 1456 1098; x_wconf 85' lang='lat' dir='ltr'>beneficia</span> <span class='ocrx_word' id='word_1_122' title='bbox 1476 1072 1596 1098; x_wconf 89' lang='lat' dir='ltr'>curata</span> <span class='ocrx_word' id='word_1_123' title='bbox 1618 1072 1701 1110; x_wconf 90' lang='lat' dir='ltr'>post</span> <span class='ocrx_word' id='word_1_124' title='bbox 1728 1065 1842 1098; x_wconf 88' lang='lat' dir='ltr'>datam</span> <span class='ocrx_word' id='word_1_125' title='bbox 1873 1065 1959 1098; x_wconf 87' lang='lat' dir='ltr'>dicti</span> <span class='ocrx_word' id='word_1_126' title='bbox 1981 1066 2089 1099; x_wconf 89' lang='lat' dir='ltr'>rotuli</span> <span class='ocrx_word' id='word_1_127' title='bbox 2110 1066 2254 1111; x_wconf 84' lang='lat' dir='ltr'>possint</span> <span class='ocrx_word' id='word_1_128' title='bbox 2273 1072 2308 1099; x_wconf 88' lang='lat' dir='ltr'>et</span> 
     </span>
     <span class='ocr_line' id='line_1_13' title="bbox 446 1132 1891 1179; baseline -0.002 -12"><span class='ocrx_word' id='word_1_129' title='bbox 446 1135 586 1168; x_wconf 89' lang='lat' dir='ltr'>valeant</span> <span class='ocrx_word' id='word_1_130' title='bbox 607 1135 656 1167; x_wconf 90' lang='lat' dir='ltr'>uti</span> <span class='ocrx_word' id='word_1_131' title='bbox 677 1134 804 1179; x_wconf 85' lang='lat' dir='ltr'>gratiis</span> <span class='ocrx_word' id='word_1_132' title='bbox 825 1134 878 1166; x_wconf 91' lang='lat' dir='ltr'>eis</span> <span class='ocrx_word' id='word_1_133' title='bbox 899 1134 1001 1166; x_wconf 84' lang='lat' dir='ltr'>sactis</span> <span class='ocrx_word' id='word_1_134' title='bbox 1021 1133 1078 1166; x_wconf 90' lang='lat' dir='ltr'>vel</span> <span class='ocrx_word' id='word_1_135' title='bbox 1099 1133 1230 1166; x_wconf 86' lang='lat' dir='ltr'>fiendis</span> <span class='ocrx_word' id='word_1_136' title='bbox 1251 1133 1355 1166; x_wconf 89' lang='lat' dir='ltr'>etiam</span> <span class='ocrx_word' id='word_1_137' title='bbox 1378 1133 1496 1177; x_wconf 90' lang='lat' dir='ltr'>quoad</span> <span class='ocrx_word' id='word_1_138' title='bbox 1517 1132 1693 1165; x_wconf 89' lang='lat' dir='ltr'>beneficia</span> <span class='ocrx_word' id='word_1_139' title='bbox 1714 1139 1891 1165; x_wconf 87' lang='lat' dir='ltr'>curata....</span> 
     </span>
    </p>

    <p class='ocr_par' dir='ltr' id='par_1_8' title="bbox 445 1199 2308 1568">
     <span class='ocr_line' id='line_1_14' title="bbox 534 1199 2308 1245; baseline 0 -12"><span class='ocrx_word' id='word_1_140' title='bbox 534 1203 620 1233; x_wconf 87' lang='lat' dir='ltr'>Item</span> <span class='ocrx_word' id='word_1_141' title='bbox 643 1201 739 1245; x_wconf 93' lang='lat' dir='ltr'>quod</span> <span class='ocrx_word' id='word_1_142' title='bbox 760 1201 923 1245; x_wconf 77' lang='lat' dir='ltr'>magistri</span> <span class='ocrx_word' id='word_1_143' title='bbox 944 1200 980 1232; x_wconf 93' lang='lat' dir='ltr'>in</span> <span class='ocrx_word' id='word_1_144' title='bbox 1002 1212 1102 1233; x_wconf 89' lang='lat' dir='ltr'>sacra</span> <span class='ocrx_word' id='word_1_145' title='bbox 1123 1200 1266 1245; x_wconf 86' lang='lat' dir='ltr'>pagina,</span> <span class='ocrx_word' id='word_1_146' title='bbox 1289 1200 1457 1232; x_wconf 90' lang='lat' dir='ltr'>doctores</span> <span class='ocrx_word' id='word_1_147' title='bbox 1480 1199 1722 1240; x_wconf 80' lang='lat' dir='ltr'>decretorum,</span> <span class='ocrx_word' id='word_1_148' title='bbox 1746 1200 1909 1244; x_wconf 78' lang='lat' dir='ltr'>magistri</span> <span class='ocrx_word' id='word_1_149' title='bbox 1937 1200 1974 1232; x_wconf 92' lang='lat' dir='ltr'>in</span> <span class='ocrx_word' id='word_1_150' title='bbox 1999 1200 2177 1233; x_wconf 89' lang='lat' dir='ltr'>medicina</span> <span class='ocrx_word' id='word_1_151' title='bbox 2199 1207 2234 1233; x_wconf 88' lang='lat' dir='ltr'>et</span> <span class='ocrx_word' id='word_1_152' title='bbox 2252 1211 2308 1233; x_wconf 88' lang='lat' dir='ltr'>ar-</span> 
     </span>
     <span class='ocr_line' id='line_1_15' title="bbox 446 1266 2308 1312; baseline 0 -12"><span class='ocrx_word' id='word_1_153' title='bbox 446 1268 543 1301; x_wconf 87' lang='lat' dir='ltr'>tibus</span> <span class='ocrx_word' id='word_1_154' title='bbox 565 1279 687 1300; x_wconf 87' lang='lat' dir='ltr'>eorum</span> <span class='ocrx_word' id='word_1_155' title='bbox 710 1267 861 1312; x_wconf 80' lang='lat' dir='ltr'>quilibet</span> <span class='ocrx_word' id='word_1_156' title='bbox 883 1267 998 1312; x_wconf 82' lang='lat' dir='ltr'>possit</span> <span class='ocrx_word' id='word_1_157' title='bbox 1016 1267 1067 1299; x_wconf 90' lang='lat' dir='ltr'>uti</span> <span class='ocrx_word' id='word_1_158' title='bbox 1090 1266 1233 1299; x_wconf 85' lang='lat' dir='ltr'>duobus</span> <span class='ocrx_word' id='word_1_159' title='bbox 1254 1267 1381 1311; x_wconf 88' lang='lat' dir='ltr'>gratiis</span> <span class='ocrx_word' id='word_1_160' title='bbox 1403 1273 1437 1298; x_wconf 89' lang='lat' dir='ltr'>et</span> <span class='ocrx_word' id='word_1_161' title='bbox 1458 1278 1526 1298; x_wconf 89' lang='lat' dir='ltr'>una</span> <span class='ocrx_word' id='word_1_162' title='bbox 1548 1266 1795 1299; x_wconf 85' lang='lat' dir='ltr'>nominatione</span> <span class='ocrx_word' id='word_1_163' title='bbox 1823 1267 1923 1311; x_wconf 85' lang='lat' dir='ltr'>regia</span> <span class='ocrx_word' id='word_1_164' title='bbox 1943 1266 2001 1300; x_wconf 86' lang='lat' dir='ltr'>vel</span> <span class='ocrx_word' id='word_1_165' title='bbox 2028 1266 2178 1300; x_wconf 87' lang='lat' dir='ltr'>alterius</span> <span class='ocrx_word' id='word_1_166' title='bbox 2205 1279 2308 1312; x_wconf 85' lang='lat' dir='ltr'>rega-</span> 
     </span>
     <span class='ocr_line' id='line_1_16' title="bbox 447 1333 2308 1379; baseline 0 -12"><span class='ocrx_word' id='word_1_167' title='bbox 447 1335 533 1368; x_wconf 88' lang='lat' dir='ltr'>lium</span> <span class='ocrx_word' id='word_1_168' title='bbox 555 1334 742 1367; x_wconf 86' lang='lat' dir='ltr'>concessis</span> <span class='ocrx_word' id='word_1_169' title='bbox 762 1334 819 1367; x_wconf 89' lang='lat' dir='ltr'>vel</span> <span class='ocrx_word' id='word_1_170' title='bbox 840 1334 1086 1367; x_wconf 89' lang='lat' dir='ltr'>concedendis</span> <span class='ocrx_word' id='word_1_171' title='bbox 1107 1334 1210 1366; x_wconf 88' lang='lat' dir='ltr'>etiam</span> <span class='ocrx_word' id='word_1_172' title='bbox 1232 1333 1351 1378; x_wconf 84' lang='lat' dir='ltr'>quoad</span> <span class='ocrx_word' id='word_1_173' title='bbox 1376 1333 1659 1378; x_wconf 85' lang='lat' dir='ltr'>incompatibilia</span> <span class='ocrx_word' id='word_1_174' title='bbox 1687 1333 1877 1375; x_wconf 89' lang='lat' dir='ltr'>beneficia,</span> <span class='ocrx_word' id='word_1_175' title='bbox 1904 1334 2044 1366; x_wconf 87' lang='lat' dir='ltr'>etiamsi</span> <span class='ocrx_word' id='word_1_176' title='bbox 2065 1334 2102 1366; x_wconf 90' lang='lat' dir='ltr'>in</span> <span class='ocrx_word' id='word_1_177' title='bbox 2124 1346 2191 1367; x_wconf 90' lang='lat' dir='ltr'>una</span> <span class='ocrx_word' id='word_1_178' title='bbox 2212 1334 2308 1379; x_wconf 84' lang='lat' dir='ltr'>ipsa-</span> 
     </span>
     <span class='ocr_line' id='line_1_17' title="bbox 447 1400 2307 1446; baseline 0 -12"><span class='ocrx_word' id='word_1_179' title='bbox 447 1414 524 1434; x_wconf 91' lang='lat' dir='ltr'>rum</span> <span class='ocrx_word' id='word_1_180' title='bbox 556 1401 600 1434; x_wconf 92' lang='lat' dir='ltr'>de</span> <span class='ocrx_word' id='word_1_181' title='bbox 630 1401 696 1434; x_wconf 88' lang='lat' dir='ltr'>alia</span> <span class='ocrx_word' id='word_1_182' title='bbox 726 1401 860 1433; x_wconf 88' lang='lat' dir='ltr'>mentio</span> <span class='ocrx_word' id='word_1_183' title='bbox 890 1413 962 1433; x_wconf 93' lang='lat' dir='ltr'>non</span> <span class='ocrx_word' id='word_1_184' title='bbox 988 1400 1172 1438; x_wconf 73' lang='lat' dir='ltr'>habeatur,</span> <span class='ocrx_word' id='word_1_185' title='bbox 1196 1407 1231 1433; x_wconf 90' lang='lat' dir='ltr'>et</span> <span class='ocrx_word' id='word_1_186' title='bbox 1256 1400 1352 1445; x_wconf 93' lang='lat' dir='ltr'>quod</span> <span class='ocrx_word' id='word_1_187' title='bbox 1380 1400 1626 1445; x_wconf 87' lang='lat' dir='ltr'>pendentibus</span> <span class='ocrx_word' id='word_1_188' title='bbox 1654 1400 1793 1433; x_wconf 89' lang='lat' dir='ltr'>ess&#39;ectis</span> <span class='ocrx_word' id='word_1_189' title='bbox 1821 1401 1996 1434; x_wconf 88' lang='lat' dir='ltr'>dictarum</span> <span class='ocrx_word' id='word_1_190' title='bbox 2027 1401 2221 1446; x_wconf 85' lang='lat' dir='ltr'>gratiarum</span> <span class='ocrx_word' id='word_1_191' title='bbox 2249 1400 2307 1434; x_wconf 88' lang='lat' dir='ltr'>vel</span> 
     </span>
     <span class='ocr_line' id='line_1_18' title="bbox 445 1467 2304 1514; baseline -0.001 -13"><span class='ocrx_word' id='word_1_192' title='bbox 445 1468 593 1501; x_wconf 86' lang='lat' dir='ltr'>alterius</span> <span class='ocrx_word' id='word_1_193' title='bbox 625 1468 783 1513; x_wconf 88' lang='lat' dir='ltr'>ipsarum</span> <span class='ocrx_word' id='word_1_194' title='bbox 818 1467 970 1512; x_wconf 88' lang='lat' dir='ltr'>quilibet</span> <span class='ocrx_word' id='word_1_195' title='bbox 1001 1479 1126 1500; x_wconf 86' lang='lat' dir='ltr'>eorum</span> <span class='ocrx_word' id='word_1_196' title='bbox 1155 1467 1271 1512; x_wconf 85' lang='lat' dir='ltr'>possit</span> <span class='ocrx_word' id='word_1_197' title='bbox 1298 1473 1502 1512; x_wconf 86' lang='lat' dir='ltr'>permutare</span> <span class='ocrx_word' id='word_1_198' title='bbox 1531 1479 1640 1499; x_wconf 91' lang='lat' dir='ltr'>unum</span> <span class='ocrx_word' id='word_1_199' title='bbox 1677 1467 1893 1500; x_wconf 87' lang='lat' dir='ltr'>beneficium</span> <span class='ocrx_word' id='word_1_200' title='bbox 1924 1467 2195 1514; x_wconf 87' lang='lat' dir='ltr'>incompatibile</span> <span class='ocrx_word' id='word_1_201' title='bbox 2225 1479 2304 1501; x_wconf 92' lang='lat' dir='ltr'>cum</span> 
     </span>
     <span class='ocr_line' id='line_1_19' title="bbox 445 1534 858 1568; baseline -0.005 0"><span class='ocrx_word' id='word_1_202' title='bbox 445 1535 515 1568; x_wconf 86' lang='lat' dir='ltr'>alio</span> <span class='ocrx_word' id='word_1_203' title='bbox 535 1535 592 1568; x_wconf 91' lang='lat' dir='ltr'>vel</span> <span class='ocrx_word' id='word_1_204' title='bbox 614 1534 858 1567; x_wconf 89' lang='lat' dir='ltr'>dimisibili....</span> 
     </span>
    </p>

    <p class='ocr_par' dir='ltr' id='par_1_9' title="bbox 442 1601 2308 1979">
     <span class='ocr_line' id='line_1_20' title="bbox 532 1601 2306 1647; baseline 0.001 -14"><span class='ocrx_word' id='word_1_205' title='bbox 532 1603 619 1634; x_wconf 83' lang='lat' dir='ltr'>Item</span> <span class='ocrx_word' id='word_1_206' title='bbox 642 1608 676 1634; x_wconf 90' lang='lat' dir='ltr'>et</span> <span class='ocrx_word' id='word_1_207' title='bbox 697 1601 793 1645; x_wconf 91' lang='lat' dir='ltr'>quod</span> <span class='ocrx_word' id='word_1_208' title='bbox 814 1601 928 1645; x_wconf 86' lang='lat' dir='ltr'>gratie</span> <span class='ocrx_word' id='word_1_209' title='bbox 950 1601 1170 1645; x_wconf 83' lang='lat' dir='ltr'>expectative</span> <span class='ocrx_word' id='word_1_210' title='bbox 1191 1613 1270 1633; x_wconf 92' lang='lat' dir='ltr'>cum</span> <span class='ocrx_word' id='word_1_211' title='bbox 1293 1601 1451 1634; x_wconf 83' lang='lat' dir='ltr'>clausola</span> <span class='ocrx_word' id='word_1_212' title='bbox 1471 1601 1650 1645; x_wconf 63' lang='lat' dir='ltr'>anteferri</span> <span class='ocrx_word' id='word_1_213' title='bbox 1665 1613 1730 1634; x_wconf 86' lang='lat' dir='ltr'>seu</span> <span class='ocrx_word' id='word_1_214' title='bbox 1751 1601 1858 1634; x_wconf 90' lang='lat' dir='ltr'>tertio</span> <span class='ocrx_word' id='word_1_215' title='bbox 1879 1602 1962 1634; x_wconf 90' lang='lat' dir='ltr'>idus</span> <span class='ocrx_word' id='word_1_216' title='bbox 1982 1608 2042 1634; x_wconf 88' lang='lat' dir='ltr'>aut</span> <span class='ocrx_word' id='word_1_217' title='bbox 2061 1602 2129 1635; x_wconf 87' lang='lat' dir='ltr'>alia</span> <span class='ocrx_word' id='word_1_218' title='bbox 2147 1613 2306 1647; x_wconf 88' lang='lat' dir='ltr'>quacun-</span> 
     </span>
     <span class='ocr_line' id='line_1_21' title="bbox 444 1667 2305 1713; baseline 0.001 -14"><span class='ocrx_word' id='word_1_219' title='bbox 444 1680 512 1712; x_wconf 93' lang='lat' dir='ltr'>que</span> <span class='ocrx_word' id='word_1_220' title='bbox 540 1668 619 1700; x_wconf 88' lang='lat' dir='ltr'>data</span> <span class='ocrx_word' id='word_1_221' title='bbox 646 1667 926 1712; x_wconf 86' lang='lat' dir='ltr'>quibuscunque</span> <span class='ocrx_word' id='word_1_222' title='bbox 954 1668 1134 1712; x_wconf 76' lang='lat' dir='ltr'>personiS,</span> <span class='ocrx_word' id='word_1_223' title='bbox 1157 1669 1407 1712; x_wconf 84' lang='lat' dir='ltr'>cujuscunque</span> <span class='ocrx_word' id='word_1_224' title='bbox 1436 1674 1563 1708; x_wconf 83' lang='lat' dir='ltr'>status,</span> <span class='ocrx_word' id='word_1_225' title='bbox 1593 1668 1780 1713; x_wconf 85' lang='lat' dir='ltr'>dignitatis</span> <span class='ocrx_word' id='word_1_226' title='bbox 1801 1668 1858 1701; x_wconf 91' lang='lat' dir='ltr'>vel</span> <span class='ocrx_word' id='word_1_227' title='bbox 1886 1668 2107 1702; x_wconf 91' lang='lat' dir='ltr'>conditionis</span> <span class='ocrx_word' id='word_1_228' title='bbox 2138 1669 2305 1709; x_wconf 75' lang='lat' dir='ltr'>existant,</span> 
     </span>
     <span class='ocr_line' id='line_1_22' title="bbox 443 1734 2308 1780; baseline 0.001 -13"><span class='ocrx_word' id='word_1_229' title='bbox 443 1746 617 1767; x_wconf 86' lang='lat' dir='ltr'>concesse</span> <span class='ocrx_word' id='word_1_230' title='bbox 638 1734 695 1767; x_wconf 93' lang='lat' dir='ltr'>vel</span> <span class='ocrx_word' id='word_1_231' title='bbox 716 1734 949 1766; x_wconf 87' lang='lat' dir='ltr'>concedende</span> <span class='ocrx_word' id='word_1_232' title='bbox 973 1734 1015 1766; x_wconf 91' lang='lat' dir='ltr'>de</span> <span class='ocrx_word' id='word_1_233' title='bbox 1038 1735 1222 1779; x_wconf 84' lang='lat' dir='ltr'>magistris</span> <span class='ocrx_word' id='word_1_234' title='bbox 1244 1735 1279 1766; x_wconf 89' lang='lat' dir='ltr'>in</span> <span class='ocrx_word' id='word_1_235' title='bbox 1305 1734 1372 1767; x_wconf 88' lang='lat' dir='ltr'>hoc</span> <span class='ocrx_word' id='word_1_236' title='bbox 1394 1734 1512 1767; x_wconf 89' lang='lat' dir='ltr'>rotulo</span> <span class='ocrx_word' id='word_1_237' title='bbox 1535 1735 1729 1768; x_wconf 87' lang='lat' dir='ltr'>nominatis</span> <span class='ocrx_word' id='word_1_238' title='bbox 1760 1735 1879 1780; x_wconf 86' lang='lat' dir='ltr'>quoad</span> <span class='ocrx_word' id='word_1_239' title='bbox 1905 1735 2172 1768; x_wconf 89' lang='lat' dir='ltr'>assecutionem</span> <span class='ocrx_word' id='word_1_240' title='bbox 2200 1735 2308 1768; x_wconf 88' lang='lat' dir='ltr'>bene-</span> 
     </span>
     <span class='ocr_line' id='line_1_23' title="bbox 442 1801 2307 1847; baseline 0.001 -13"><span class='ocrx_word' id='word_1_241' title='bbox 442 1801 513 1834; x_wconf 87' lang='lat' dir='ltr'>ficii</span> <span class='ocrx_word' id='word_1_242' title='bbox 534 1801 659 1845; x_wconf 87' lang='lat' dir='ltr'>vigore</span> <span class='ocrx_word' id='word_1_243' title='bbox 677 1801 784 1833; x_wconf 91' lang='lat' dir='ltr'>unius</span> <span class='ocrx_word' id='word_1_244' title='bbox 801 1801 914 1845; x_wconf 89' lang='lat' dir='ltr'>gratie</span> <span class='ocrx_word' id='word_1_245' title='bbox 936 1813 1039 1845; x_wconf 92' lang='lat' dir='ltr'>quam</span> <span class='ocrx_word' id='word_1_246' title='bbox 1063 1801 1216 1846; x_wconf 87' lang='lat' dir='ltr'>elegerit</span> <span class='ocrx_word' id='word_1_247' title='bbox 1236 1802 1463 1846; x_wconf 86' lang='lat' dir='ltr'>assequenda</span> <span class='ocrx_word' id='word_1_248' title='bbox 1488 1814 1560 1834; x_wconf 89' lang='lat' dir='ltr'>non</span> <span class='ocrx_word' id='word_1_249' title='bbox 1582 1802 1825 1846; x_wconf 87' lang='lat' dir='ltr'>prejudieent,</span> <span class='ocrx_word' id='word_1_250' title='bbox 1843 1802 1914 1835; x_wconf 89' lang='lat' dir='ltr'>nisi</span> <span class='ocrx_word' id='word_1_251' title='bbox 1935 1802 2024 1835; x_wconf 91' lang='lat' dir='ltr'>tales</span> <span class='ocrx_word' id='word_1_252' title='bbox 2045 1814 2216 1847; x_wconf 78' lang='lat' dir='ltr'>persone,</span> <span class='ocrx_word' id='word_1_253' title='bbox 2233 1813 2307 1835; x_wconf 87' lang='lat' dir='ltr'>car-</span> 
     </span>
     <span class='ocr_line' id='line_1_24' title="bbox 444 1867 2306 1913; baseline 0.002 -14"><span class='ocrx_word' id='word_1_254' title='bbox 444 1867 595 1908; x_wconf 71' lang='lat' dir='ltr'>(finales,</span> <span class='ocrx_word' id='word_1_255' title='bbox 623 1867 808 1909; x_wconf 83' lang='lat' dir='ltr'>auditores</span> <span class='ocrx_word' id='word_1_256' title='bbox 835 1868 926 1900; x_wconf 84' lang='lat' dir='ltr'>sacri</span> <span class='ocrx_word' id='word_1_257' title='bbox 950 1867 1082 1913; x_wconf 87' lang='lat' dir='ltr'>palatii,</span> <span class='ocrx_word' id='word_1_258' title='bbox 1106 1868 1299 1901; x_wconf 85' lang='lat' dir='ltr'>familiares</span> <span class='ocrx_word' id='word_1_259' title='bbox 1321 1880 1385 1901; x_wconf 90' lang='lat' dir='ltr'>seu</span> <span class='ocrx_word' id='word_1_260' title='bbox 1406 1868 1568 1901; x_wconf 86' lang='lat' dir='ltr'>officiarii</span> <span class='ocrx_word' id='word_1_261' title='bbox 1590 1869 1752 1913; x_wconf 88' lang='lat' dir='ltr'>ejusdem</span> <span class='ocrx_word' id='word_1_262' title='bbox 1776 1869 1976 1902; x_wconf 88' lang='lat' dir='ltr'>sanctitatis</span> <span class='ocrx_word' id='word_1_263' title='bbox 1996 1876 2116 1902; x_wconf 90' lang='lat' dir='ltr'>vestre</span> <span class='ocrx_word' id='word_1_264' title='bbox 2143 1869 2306 1902; x_wconf 89' lang='lat' dir='ltr'>continui</span> 
     </span>
     <span class='ocr_line' id='line_1_25' title="bbox 444 1934 1327 1979; baseline 0.002 -13"><span class='ocrx_word' id='word_1_265' title='bbox 444 1941 477 1967; x_wconf 92' lang='lat' dir='ltr'>et</span> <span class='ocrx_word' id='word_1_266' title='bbox 499 1934 762 1967; x_wconf 85' lang='lat' dir='ltr'>commensales</span> <span class='ocrx_word' id='word_1_267' title='bbox 783 1941 843 1967; x_wconf 93' lang='lat' dir='ltr'>aut</span> <span class='ocrx_word' id='word_1_268' title='bbox 862 1946 954 1979; x_wconf 88' lang='lat' dir='ltr'>eque</span> <span class='ocrx_word' id='word_1_269' title='bbox 975 1935 1139 1979; x_wconf 78' lang='lat' dir='ltr'>graduali</span> <span class='ocrx_word' id='word_1_270' title='bbox 1161 1935 1327 1968; x_wconf 84' lang='lat' dir='ltr'>existant.</span> 
     </span>
    </p>

    <p class='ocr_par' dir='ltr' id='par_1_10' title="bbox 443 2000 2304 2447">
     <span class='ocr_line' id='line_1_26' title="bbox 532 2000 2303 2048; baseline 0.002 -16"><span class='ocrx_word' id='word_1_271' title='bbox 532 2002 619 2032; x_wconf 86' lang='lat' dir='ltr'>Item</span> <span class='ocrx_word' id='word_1_272' title='bbox 647 2000 744 2045; x_wconf 90' lang='lat' dir='ltr'>quod</span> <span class='ocrx_word' id='word_1_273' title='bbox 776 2000 894 2033; x_wconf 86' lang='lat' dir='ltr'>littere</span> <span class='ocrx_word' id='word_1_274' title='bbox 922 2001 1100 2034; x_wconf 86' lang='lat' dir='ltr'>facultatis</span> <span class='ocrx_word' id='word_1_275' title='bbox 1133 2013 1196 2034; x_wconf 86' lang='lat' dir='ltr'>seu</span> <span class='ocrx_word' id='word_1_276' title='bbox 1224 2014 1451 2046; x_wconf 88' lang='lat' dir='ltr'>quecumque</span> <span class='ocrx_word' id='word_1_277' title='bbox 1482 2003 1596 2046; x_wconf 86' lang='lat' dir='ltr'>gratie</span> <span class='ocrx_word' id='word_1_278' title='bbox 1628 2003 1695 2035; x_wconf 90' lang='lat' dir='ltr'>sub</span> <span class='ocrx_word' id='word_1_279' title='bbox 1724 2015 1939 2048; x_wconf 88' lang='lat' dir='ltr'>quacunque</span> <span class='ocrx_word' id='word_1_280' title='bbox 1968 2003 2161 2036; x_wconf 87' lang='lat' dir='ltr'>verborum</span> <span class='ocrx_word' id='word_1_281' title='bbox 2192 2003 2303 2036; x_wconf 90' lang='lat' dir='ltr'>forma</span> 
     </span>
     <span class='ocr_line' id='line_1_27' title="bbox 444 2067 2304 2115; baseline 0.003 -17"><span class='ocrx_word' id='word_1_282' title='bbox 444 2067 547 2099; x_wconf 88' lang='lat' dir='ltr'>etiam</span> <span class='ocrx_word' id='word_1_283' title='bbox 568 2079 646 2099; x_wconf 89' lang='lat' dir='ltr'>cum</span> <span class='ocrx_word' id='word_1_284' title='bbox 670 2067 827 2099; x_wconf 86' lang='lat' dir='ltr'>clausola</span> <span class='ocrx_word' id='word_1_285' title='bbox 847 2068 1025 2112; x_wconf 75' lang='lat' dir='ltr'>anteferri</span> <span class='ocrx_word' id='word_1_286' title='bbox 1044 2080 1219 2101; x_wconf 82' lang='lat' dir='ltr'>concesse</span> <span class='ocrx_word' id='word_1_287' title='bbox 1235 2068 1292 2101; x_wconf 91' lang='lat' dir='ltr'>vel</span> <span class='ocrx_word' id='word_1_288' title='bbox 1313 2069 1547 2101; x_wconf 87' lang='lat' dir='ltr'>concedende</span> <span class='ocrx_word' id='word_1_289' title='bbox 1569 2069 1867 2115; x_wconf 72' lang='lat' dir='ltr'>archiepiscopis,</span> <span class='ocrx_word' id='word_1_290' title='bbox 1886 2070 2082 2115; x_wconf 89' lang='lat' dir='ltr'>episeopis,</span> <span class='ocrx_word' id='word_1_291' title='bbox 2100 2069 2304 2111; x_wconf 85' lang='lat' dir='ltr'>abbatibus,</span> 
     </span>
     <span class='ocr_line' id='line_1_28' title="bbox 443 2133 2303 2182; baseline 0.002 -17"><span class='ocrx_word' id='word_1_292' title='bbox 443 2133 650 2174; x_wconf 75' lang='lat' dir='ltr'>abbatissis,</span> <span class='ocrx_word' id='word_1_293' title='bbox 681 2133 877 2178; x_wconf 84' lang='lat' dir='ltr'>prioribus,</span> <span class='ocrx_word' id='word_1_294' title='bbox 907 2134 1094 2178; x_wconf 89' lang='lat' dir='ltr'>priorissis</span> <span class='ocrx_word' id='word_1_295' title='bbox 1122 2141 1157 2167; x_wconf 87' lang='lat' dir='ltr'>et</span> <span class='ocrx_word' id='word_1_296' title='bbox 1188 2135 1355 2179; x_wconf 89' lang='lat' dir='ltr'>capitulis</span> <span class='ocrx_word' id='word_1_297' title='bbox 1382 2135 1640 2168; x_wconf 87' lang='lat' dir='ltr'>cathedralium</span> <span class='ocrx_word' id='word_1_298' title='bbox 1673 2148 1737 2169; x_wconf 91' lang='lat' dir='ltr'>seu</span> <span class='ocrx_word' id='word_1_299' title='bbox 1766 2136 2039 2182; x_wconf 87' lang='lat' dir='ltr'>collegiatarum</span> <span class='ocrx_word' id='word_1_300' title='bbox 2069 2136 2303 2169; x_wconf 86' lang='lat' dir='ltr'>ecclesiarum</span> 
     </span>
     <span class='ocr_line' id='line_1_29' title="bbox 443 2200 2304 2248; baseline 0.003 -17"><span class='ocrx_word' id='word_1_301' title='bbox 443 2206 510 2232; x_wconf 88' lang='lat' dir='ltr'>tam</span> <span class='ocrx_word' id='word_1_302' title='bbox 533 2200 752 2245; x_wconf 84' lang='lat' dir='ltr'>regularium</span> <span class='ocrx_word' id='word_1_303' title='bbox 780 2212 883 2244; x_wconf 89' lang='lat' dir='ltr'>quam</span> <span class='ocrx_word' id='word_1_304' title='bbox 914 2201 1129 2234; x_wconf 85' lang='lat' dir='ltr'>secularium</span> <span class='ocrx_word' id='word_1_305' title='bbox 1162 2213 1227 2234; x_wconf 87' lang='lat' dir='ltr'>seu</span> <span class='ocrx_word' id='word_1_306' title='bbox 1256 2202 1535 2247; x_wconf 88' lang='lat' dir='ltr'>quibuscunque</span> <span class='ocrx_word' id='word_1_307' title='bbox 1563 2203 1643 2235; x_wconf 89' lang='lat' dir='ltr'>aliis</span> <span class='ocrx_word' id='word_1_308' title='bbox 1673 2203 1843 2248; x_wconf 84' lang='lat' dir='ltr'>personis</span> <span class='ocrx_word' id='word_1_309' title='bbox 1869 2203 1912 2236; x_wconf 92' lang='lat' dir='ltr'>de</span> <span class='ocrx_word' id='word_1_310' title='bbox 1943 2203 2168 2248; x_wconf 90' lang='lat' dir='ltr'>providendo</span> <span class='ocrx_word' id='word_1_311' title='bbox 2195 2203 2304 2236; x_wconf 87' lang='lat' dir='ltr'>certis</span> 
     </span>
     <span class='ocr_line' id='line_1_30' title="bbox 443 2265 2304 2315; baseline 0.003 -18"><span class='ocrx_word' id='word_1_312' title='bbox 443 2265 585 2298; x_wconf 90' lang='lat' dir='ltr'>clericis</span> <span class='ocrx_word' id='word_1_313' title='bbox 606 2278 670 2298; x_wconf 89' lang='lat' dir='ltr'>seu</span> <span class='ocrx_word' id='word_1_314' title='bbox 692 2267 860 2311; x_wconf 86' lang='lat' dir='ltr'>personis</span> <span class='ocrx_word' id='word_1_315' title='bbox 886 2267 1039 2312; x_wconf 73' lang='lat' dir='ltr'>ydoneis</span> <span class='ocrx_word' id='word_1_316' title='bbox 1060 2268 1209 2300; x_wconf 90' lang='lat' dir='ltr'>alterius</span> <span class='ocrx_word' id='word_1_317' title='bbox 1234 2268 1375 2301; x_wconf 89' lang='lat' dir='ltr'>vicibus</span> <span class='ocrx_word' id='word_1_318' title='bbox 1403 2275 1462 2301; x_wconf 89' lang='lat' dir='ltr'>aut</span> <span class='ocrx_word' id='word_1_319' title='bbox 1488 2269 1578 2302; x_wconf 90' lang='lat' dir='ltr'>alios</span> <span class='ocrx_word' id='word_1_320' title='bbox 1605 2270 1649 2302; x_wconf 90' lang='lat' dir='ltr'>de</span> <span class='ocrx_word' id='word_1_321' title='bbox 1677 2269 1865 2303; x_wconf 88' lang='lat' dir='ltr'>beneficiis</span> <span class='ocrx_word' id='word_1_322' title='bbox 1885 2269 2165 2315; x_wconf 91' lang='lat' dir='ltr'>quibuscunque</span> <span class='ocrx_word' id='word_1_323' title='bbox 2192 2269 2304 2315; x_wconf 89' lang='lat' dir='ltr'>magi-</span> 
     </span>
     <span class='ocr_line' id='line_1_31' title="bbox 443 2332 2303 2382; baseline 0.003 -18"><span class='ocrx_word' id='word_1_324' title='bbox 443 2332 527 2365; x_wconf 90' lang='lat' dir='ltr'>stris</span> <span class='ocrx_word' id='word_1_325' title='bbox 554 2333 590 2364; x_wconf 91' lang='lat' dir='ltr'>in</span> <span class='ocrx_word' id='word_1_326' title='bbox 618 2332 812 2378; x_wconf 88' lang='lat' dir='ltr'>theologia,</span> <span class='ocrx_word' id='word_1_327' title='bbox 842 2334 1053 2367; x_wconf 91' lang='lat' dir='ltr'>doctoribus</span> <span class='ocrx_word' id='word_1_328' title='bbox 1075 2335 1317 2376; x_wconf 85' lang='lat' dir='ltr'>decretorum,</span> <span class='ocrx_word' id='word_1_329' title='bbox 1346 2336 1529 2380; x_wconf 85' lang='lat' dir='ltr'>magistris</span> <span class='ocrx_word' id='word_1_330' title='bbox 1559 2336 1595 2368; x_wconf 92' lang='lat' dir='ltr'>in</span> <span class='ocrx_word' id='word_1_331' title='bbox 1624 2337 1801 2369; x_wconf 82' lang='lat' dir='ltr'>medicina</span> <span class='ocrx_word' id='word_1_332' title='bbox 1828 2349 1867 2369; x_wconf 89' lang='lat' dir='ltr'>ac</span> <span class='ocrx_word' id='word_1_333' title='bbox 1894 2337 2077 2382; x_wconf 89' lang='lat' dir='ltr'>magistris</span> <span class='ocrx_word' id='word_1_334' title='bbox 2105 2337 2141 2369; x_wconf 92' lang='lat' dir='ltr'>in</span> <span class='ocrx_word' id='word_1_335' title='bbox 2166 2336 2303 2370; x_wconf 88' lang='lat' dir='ltr'>artibus</span> 
     </span>
     <span class='ocr_line' id='line_1_32' title="bbox 445 2399 2301 2447; baseline 0.003 -17"><span class='ocrx_word' id='word_1_336' title='bbox 445 2399 615 2443; x_wconf 87' lang='lat' dir='ltr'>predictis</span> <span class='ocrx_word' id='word_1_337' title='bbox 637 2399 848 2432; x_wconf 90' lang='lat' dir='ltr'>nullomodo</span> <span class='ocrx_word' id='word_1_338' title='bbox 870 2407 1023 2433; x_wconf 86' lang='lat' dir='ltr'>noceant</span> <span class='ocrx_word' id='word_1_339' title='bbox 1049 2408 1109 2433; x_wconf 90' lang='lat' dir='ltr'>aut</span> <span class='ocrx_word' id='word_1_340' title='bbox 1135 2402 1365 2446; x_wconf 86' lang='lat' dir='ltr'>prejudicent</span> <span class='ocrx_word' id='word_1_341' title='bbox 1385 2402 1625 2446; x_wconf 84' lang='lat' dir='ltr'>quovismodo</span> <span class='ocrx_word' id='word_1_342' title='bbox 1647 2404 1764 2447; x_wconf 87' lang='lat' dir='ltr'>quoad</span> <span class='ocrx_word' id='word_1_343' title='bbox 1790 2403 2056 2436; x_wconf 89' lang='lat' dir='ltr'>assecutionem</span> <span class='ocrx_word' id='word_1_344' title='bbox 2079 2403 2301 2436; x_wconf 90' lang='lat' dir='ltr'>beneficii....</span> 
     </span>
    </p>

    <p class='ocr_par' dir='ltr' id='par_1_11' title="bbox 445 2466 2303 2580">
     <span class='ocr_line' id='line_1_33' title="bbox 532 2466 2303 2515; baseline 0.004 -19"><span class='ocrx_word' id='word_1_345' title='bbox 532 2466 618 2497; x_wconf 90' lang='lat' dir='ltr'>Item</span> <span class='ocrx_word' id='word_1_346' title='bbox 640 2466 736 2510; x_wconf 91' lang='lat' dir='ltr'>quod</span> <span class='ocrx_word' id='word_1_347' title='bbox 764 2467 926 2511; x_wconf 85' lang='lat' dir='ltr'>magistri</span> <span class='ocrx_word' id='word_1_348' title='bbox 955 2467 990 2499; x_wconf 92' lang='lat' dir='ltr'>in</span> <span class='ocrx_word' id='word_1_349' title='bbox 1017 2467 1212 2512; x_wconf 87' lang='lat' dir='ltr'>theologia,</span> <span class='ocrx_word' id='word_1_350' title='bbox 1240 2468 1408 2501; x_wconf 88' lang='lat' dir='ltr'>doctores</span> <span class='ocrx_word' id='word_1_351' title='bbox 1434 2469 1677 2510; x_wconf 89' lang='lat' dir='ltr'>decretorum,</span> <span class='ocrx_word' id='word_1_352' title='bbox 1705 2470 1868 2515; x_wconf 88' lang='lat' dir='ltr'>magistri</span> <span class='ocrx_word' id='word_1_353' title='bbox 1896 2470 1933 2502; x_wconf 92' lang='lat' dir='ltr'>in</span> <span class='ocrx_word' id='word_1_354' title='bbox 1958 2470 2134 2502; x_wconf 85' lang='lat' dir='ltr'>medicina</span> <span class='ocrx_word' id='word_1_355' title='bbox 2161 2481 2303 2502; x_wconf 89' lang='lat' dir='ltr'>necnon</span> 
     </span>
     <span class='ocr_line' id='line_1_34' title="bbox 445 2531 1713 2580; baseline 0.006 -18"><span class='ocrx_word' id='word_1_356' title='bbox 445 2531 605 2575; x_wconf 85' lang='lat' dir='ltr'>magistri</span> <span class='ocrx_word' id='word_1_357' title='bbox 628 2532 663 2563; x_wconf 93' lang='lat' dir='ltr'>in</span> <span class='ocrx_word' id='word_1_358' title='bbox 682 2532 818 2565; x_wconf 88' lang='lat' dir='ltr'>artibus</span> <span class='ocrx_word' id='word_1_359' title='bbox 840 2540 1030 2577; x_wconf 87' lang='lat' dir='ltr'>presentes</span> <span class='ocrx_word' id='word_1_360' title='bbox 1051 2534 1220 2567; x_wconf 89' lang='lat' dir='ltr'>omnibus</span> <span class='ocrx_word' id='word_1_361' title='bbox 1242 2534 1454 2568; x_wconf 89' lang='lat' dir='ltr'>absentibus</span> <span class='ocrx_word' id='word_1_362' title='bbox 1475 2537 1713 2580; x_wconf 87' lang='lat' dir='ltr'>preferantur.</span> 
     </span>
    </p>

    <p class='ocr_par' dir='ltr' id='par_1_12' title="bbox 442 2598 2302 2708">
     <span class='ocr_line' id='line_1_35' title="bbox 532 2598 2302 2649; baseline 0.005 -20"><span class='ocrx_word' id='word_1_363' title='bbox 532 2598 617 2629; x_wconf 86' lang='lat' dir='ltr'>Item</span> <span class='ocrx_word' id='word_1_364' title='bbox 647 2599 743 2642; x_wconf 92' lang='lat' dir='ltr'>quod</span> <span class='ocrx_word' id='word_1_365' title='bbox 769 2599 804 2631; x_wconf 93' lang='lat' dir='ltr'>in</span> <span class='ocrx_word' id='word_1_366' title='bbox 831 2600 1061 2633; x_wconf 89' lang='lat' dir='ltr'>facultatibus</span> <span class='ocrx_word' id='word_1_367' title='bbox 1089 2607 1124 2633; x_wconf 90' lang='lat' dir='ltr'>et</span> <span class='ocrx_word' id='word_1_368' title='bbox 1150 2601 1357 2634; x_wconf 87' lang='lat' dir='ltr'>nationibus</span> <span class='ocrx_word' id='word_1_369' title='bbox 1379 2602 1468 2634; x_wconf 92' lang='lat' dir='ltr'>ordo</span> <span class='ocrx_word' id='word_1_370' title='bbox 1495 2602 1603 2635; x_wconf 89' lang='lat' dir='ltr'>rotuli</span> <span class='ocrx_word' id='word_1_371' title='bbox 1630 2610 1664 2636; x_wconf 92' lang='lat' dir='ltr'>et</span> <span class='ocrx_word' id='word_1_372' title='bbox 1690 2603 1968 2637; x_wconf 89' lang='lat' dir='ltr'>inrotulatorum</span> <span class='ocrx_word' id='word_1_373' title='bbox 1994 2604 2126 2636; x_wconf 91' lang='lat' dir='ltr'>ceteris</span> <span class='ocrx_word' id='word_1_374' title='bbox 2155 2603 2302 2649; x_wconf 79' lang='lat' dir='ltr'>paribus</span> 
     </span>
     <span class='ocr_line' id='line_1_36' title="bbox 442 2662 822 2708; baseline 0.008 -13"><span class='ocrx_word' id='word_1_375' title='bbox 442 2662 680 2696; x_wconf 89' lang='lat' dir='ltr'>observentur</span> <span class='ocrx_word' id='word_1_376' title='bbox 696 2666 822 2708; x_wconf 35' lang='lat' dir='ltr'>(sici...</span> 
     </span>
    </p>

    <p class='ocr_par' dir='ltr' id='par_1_13' title="bbox 443 2731 2302 2848">
     <span class='ocr_line' id='line_1_37' title="bbox 531 2731 2302 2782; baseline 0.005 -21"><span class='ocrx_word' id='word_1_377' title='bbox 531 2731 617 2762; x_wconf 87' lang='lat' dir='ltr'>Item</span> <span class='ocrx_word' id='word_1_378' title='bbox 641 2732 734 2774; x_wconf 90' lang='lat' dir='ltr'>quod</span> <span class='ocrx_word' id='word_1_379' title='bbox 759 2733 918 2776; x_wconf 84' lang='lat' dir='ltr'>magistri</span> <span class='ocrx_word' id='word_1_380' title='bbox 941 2740 973 2765; x_wconf 89' lang='lat' dir='ltr'>et</span> <span class='ocrx_word' id='word_1_381' title='bbox 996 2733 1164 2766; x_wconf 86' lang='lat' dir='ltr'>doctores</span> <span class='ocrx_word' id='word_1_382' title='bbox 1186 2735 1357 2768; x_wconf 87' lang='lat' dir='ltr'>antedicti</span> <span class='ocrx_word' id='word_1_383' title='bbox 1379 2735 1512 2780; x_wconf 88' lang='lat' dir='ltr'>quibus</span> <span class='ocrx_word' id='word_1_384' title='bbox 1534 2736 1753 2769; x_wconf 86' lang='lat' dir='ltr'>concedatur</span> <span class='ocrx_word' id='word_1_385' title='bbox 1776 2738 1890 2782; x_wconf 86' lang='lat' dir='ltr'>gratia</span> <span class='ocrx_word' id='word_1_386' title='bbox 1911 2738 1954 2770; x_wconf 88' lang='lat' dir='ltr'>ad</span> <span class='ocrx_word' id='word_1_387' title='bbox 1976 2737 2203 2770; x_wconf 87' lang='lat' dir='ltr'>collationem</span> <span class='ocrx_word' id='word_1_388' title='bbox 2226 2737 2302 2782; x_wconf 86' lang='lat' dir='ltr'>epi-</span> 
     </span>
     <span class='ocr_line' id='line_1_38' title="bbox 443 2796 2300 2848; baseline 0.005 -21"><span class='ocrx_word' id='word_1_389' title='bbox 443 2796 557 2840; x_wconf 91' lang='lat' dir='ltr'>scopi,</span> <span class='ocrx_word' id='word_1_390' title='bbox 580 2796 703 2829; x_wconf 90' lang='lat' dir='ltr'>decani</span> <span class='ocrx_word' id='word_1_391' title='bbox 726 2805 757 2829; x_wconf 92' lang='lat' dir='ltr'>et</span> <span class='ocrx_word' id='word_1_392' title='bbox 779 2799 937 2842; x_wconf 86' lang='lat' dir='ltr'>capituli,</span> <span class='ocrx_word' id='word_1_393' title='bbox 957 2806 1039 2840; x_wconf 73' lang='lat' dir='ltr'>ete,</span> <span class='ocrx_word' id='word_1_394' title='bbox 1062 2812 1140 2832; x_wconf 90' lang='lat' dir='ltr'>cum</span> <span class='ocrx_word' id='word_1_395' title='bbox 1164 2813 1247 2833; x_wconf 86' lang='lat' dir='ltr'>cura</span> <span class='ocrx_word' id='word_1_396' title='bbox 1268 2802 1325 2834; x_wconf 88' lang='lat' dir='ltr'>vel</span> <span class='ocrx_word' id='word_1_397' title='bbox 1347 2803 1425 2835; x_wconf 91' lang='lat' dir='ltr'>sine</span> <span class='ocrx_word' id='word_1_398' title='bbox 1447 2815 1544 2844; x_wconf 91' lang='lat' dir='ltr'>cura,</span> <span class='ocrx_word' id='word_1_399' title='bbox 1567 2803 1671 2836; x_wconf 89' lang='lat' dir='ltr'>etiam</span> <span class='ocrx_word' id='word_1_400' title='bbox 1694 2804 1724 2836; x_wconf 88' lang='lat' dir='ltr'>si</span> <span class='ocrx_word' id='word_1_401' title='bbox 1746 2804 1980 2837; x_wconf 84' lang='lat' dir='ltr'>canonicatus</span> <span class='ocrx_word' id='word_1_402' title='bbox 2000 2811 2035 2836; x_wconf 89' lang='lat' dir='ltr'>et</span> <span class='ocrx_word' id='word_1_403' title='bbox 2056 2803 2239 2848; x_wconf 90' lang='lat' dir='ltr'>prebenda</span> <span class='ocrx_word' id='word_1_404' title='bbox 2260 2815 2300 2836; x_wconf 84' lang='lat' dir='ltr'>ae</span> 
     </span>
    </p>
   </div>
   <div class='ocr_carea' id='block_1_6' title="bbox 443 2862 2299 2943">
    <p class='ocr_par' dir='ltr' id='par_1_14' title="bbox 443 2862 2299 2943">
     <span class='ocr_line' id='line_1_39' title="bbox 443 2862 2299 2916; baseline 0.005 -23"><span class='ocrx_word' id='word_1_405' title='bbox 443 2862 599 2907; x_wconf 86' lang='lat' dir='ltr'>dignitas</span> <span class='ocrx_word' id='word_1_406' title='bbox 624 2871 851 2907; x_wconf 77' lang='lat' dir='ltr'>personatus,</span> <span class='ocrx_word' id='word_1_407' title='bbox 880 2866 1143 2899; x_wconf 88' lang='lat' dir='ltr'>administratio</span> <span class='ocrx_word' id='word_1_408' title='bbox 1163 2867 1220 2900; x_wconf 88' lang='lat' dir='ltr'>vel</span> <span class='ocrx_word' id='word_1_409' title='bbox 1251 2868 1405 2901; x_wconf 79' lang='lat' dir='ltr'>osticium</span> <span class='ocrx_word' id='word_1_410' title='bbox 1435 2870 1563 2902; x_wconf 88' lang='lat' dir='ltr'>existat</span> <span class='ocrx_word' id='word_1_411' title='bbox 1587 2870 1808 2915; x_wconf 87' lang='lat' dir='ltr'>acceptando</span> <span class='ocrx_word' id='word_1_412' title='bbox 1830 2870 2049 2916; x_wconf 89' lang='lat' dir='ltr'>prebendam</span> <span class='ocrx_word' id='word_1_413' title='bbox 2077 2870 2191 2916; x_wconf 83' lang='lat' dir='ltr'>possit</span> <span class='ocrx_word' id='word_1_414' title='bbox 2218 2882 2299 2902; x_wconf 88' lang='lat' dir='ltr'>cum</span> 
     </span>
     <span class='ocr_line' id='line_1_40' title="bbox 566 2920 602 2943; baseline 0.028 -1"><span class='ocrx_word' id='word_1_415' title='bbox 566 2920 602 2943; x_wconf 76' lang='grc' dir='ltr'>.</span> 
     </span>
    </p>
   </div>
   <div class='ocr_carea' id='block_1_7' title="bbox 2483 1719 2502 2020">
    <p class='ocr_par' dir='ltr' id='par_1_15' title="bbox 2483 1719 2502 2020">
     <span class='ocr_line' id='line_1_41' title="bbox 2483 1719 2502 2020; textangle 90"><span class='ocrx_word' id='word_1_416' title='bbox 2486 1920 2502 2020; x_wconf 37' lang='lat' dir='ltr'>&gt;La-esci:</span> <span class='ocrx_word' id='word_1_417' title='bbox 2494 1906 2499 1908; x_wconf 77' lang='grc' dir='ltr'><strong><em></em></strong></span> <span class='ocrx_word' id='word_1_418' title='bbox 2488 1875 2502 1889; x_wconf 52' lang='grc'>,4.</span> <span class='ocrx_word' id='word_1_419' title='bbox 2494 1839 2502 1862; x_wconf 39' lang='grc' dir='ltr'>*</span> <span class='ocrx_word' id='word_1_420' title='bbox 2483 1819 2499 1828; x_wconf 59' lang='grc' dir='ltr'></span> <span class='ocrx_word' id='word_1_421' title='bbox 2490 1751 2502 1794; x_wconf 43' lang='lat'>21</span> <span class='ocrx_word' id='word_1_422' title='bbox 2487 1719 2502 1743; x_wconf 48' lang='grc' dir='ltr'>,</span> 
     </span>
    </p>
   </div>
  </div>
 </body>
</html>
