2502 3418
243 331 338 367 1410]
587 343 634 364 AB
670 343 774 364 „xNNo
810 342 1097 363 mcccnxxxxiv
1131 342 1261 369 esoni:
1297 342 1344 363 AD
1378 342 1515 363 ANNUM
1551 343 1753 365 mccccmi.
2039 337 2098 369 ’177

241 417 390 451 ausibus
416 416 582 462 inprobis
604 416 844 461 temptaverit,
867 416 1036 448 afferetur
1057 415 1224 460 protinus
1245 417 1282 447 in
1303 415 1461 447 medium
1490 416 1586 448 bulla
1614 417 1693 455 ista,
1718 417 1914 461 dampnans
1944 426 1991 451 tot
2018 420 2101 451 arti-

241 485 343 517 culos
368 510 433 525 ....,
455 483 553 516 illico
575 483 636 528 qui
657 483 929 522 contradixerit,
951 482 1135 514 hereticus
1165 481 1495 523 anathematizatus,
1519 495 1599 527 ymo
1630 483 1905 515 interficiendus
1934 485 2017 528 igne
2046 486 2100 518 vel

242 552 363 597 gladio
394 562 457 596 per
484 550 655 583 auxilium
688 549 824 582 brachii
856 549 1032 582 secularis
1064 548 1304 588 accusabitur,
1335 549 1556 589 evocabitur,
1584 549 1833 590 convincetur,
1860 552 2101 595 condempna-

243 617 350 650 bitur.
378 616 523 661 Experti
546 616 747 660 loquimur;
772 627 851 648 nam
873 615 903 647 si
925 615 962 647 in
981 615 1089 648 viridi
1110 614 1177 647 hoc
1199 614 1345 655 faciunt,
1369 615 1405 646 id
1429 621 1483 647 est
1504 615 1676 654 Parisius,
1700 615 1759 647 ubi
1782 616 1889 648 sedes
1912 617 2021 660 reg-ia,
2041 618 2102 649 ubi

243 691 344 717 cetus
374 690 424 716 tot
454 683 686 728 prelatorum,
716 689 767 715 tot
796 682 984 714 doctorum
1016 682 1052 714 in
1079 688 1233 726 utroque
1259 682 1355 726 jure,
1392 688 1425 714 et
1454 681 1604 714 aliorum
1642 682 1789 723 residet,
1822 683 1857 714 in
1884 683 1983 715 arido
2017 684 2103 728 quid

242 750 385 791 sacient,
410 750 447 782 id
472 756 527 782 est
553 749 648 794 apud
674 748 842 782 subditos
869 749 1010 793 ydiotas
1037 755 1071 781 et
1096 748 1359 793 siinplices?....
1387 749 1483 791 Quin
1511 749 1614 781 etiam
1643 748 1835 781 decretalis
1860 749 2014 789 Dudum,
2036 762 2103 794 qua

244 829 282 850 se
300 823 487 861 tantopere
510 817 640 848 fratres
656 817 803 860 jactant,
823 815 1037 848 determinat
1059 814 1248 859 eligendas
1270 827 1351 847 esse
1373 827 1548 859 personas
1570 822 1637 847 tam
1660 815 1788 848 merito
1811 815 1978 860 probatas
2000 828 2103 860 quam

244 895 394 917 numero
416 890 532 916 certas
553 882 751 915 secundum
775 882 990 927 exigentiam
1010 881 1098 914 cleri
1120 888 1154 914 et
1175 882 1311 926 populi.
1336 883 1443 914 Recte
1461 894 1628 926 prorsus,
1652 894 1730 914 nam
1754 894 1816 927 per
1838 883 2103 915 multitudinem

244 952 515 996 intemperatam
538 956 573 982 et
593 950 766 982 incertam
784 949 905 982 talium
928 955 1124 994 gravantur
1141 961 1249 993 supra
1269 949 1415 981 modum
1437 949 1531 981 sicut
1547 949 1768 990 sacerdoteS,
1786 950 1837 982 sic
1857 950 1982 994 populi
2000 950 2107 982 simul

244 1019 280 1050 in
308 1029 418 1050 unum
450 1017 551 1050 dives
583 1023 617 1049 et
644 1028 792 1061 pauper.
824 1016 1016 1048 Inmeritos
1049 1022 1165 1048 autem
1202 1016 1283 1060 quis
1315 1015 1491 1060 proficere
1520 1022 1555 1048 et
1589 1028 1661 1048 non
1696 1016 1843 1061 gravius
1878 1016 2022 1049 officere
2056 1017 2108 1049 rei

245 1084 389 1130 publice
414 1083 621 1128 judicaret?
649 1082 757 1116 Jubet
785 1095 872 1127 ergo
904 1082 1097 1115 decretalis
1125 1094 1301 1127 personas
1331 1082 1519 1126 eligendas
1546 1094 1627 1115 esse
1656 1083 1750 1115 inter
1779 1095 1842 1115 eos
1872 1083 2108 1124 sufficientes,

243 1152 418 1197 ydoneas,
439 1151 509 1184 vita
531 1150 698 1195 probatas
721 1156 754 1182 et
776 1150 964 1189 discretas,
988 1149 1172 1181 modestas
1194 1155 1299 1194 atque
1323 1149 1469 1193 peritas,
1490 1149 1615 1194 quales
1637 1150 1760 1194 utique
1783 1162 1849 1182 nos
1872 1162 1944 1182 non
1966 1151 2109 1195 reppel-

244 1218 386 1259 lendos,
415 1218 480 1250 sed
507 1217 725 1257 evocandos,
748 1216 939 1254 fovendos,
963 1216 1249 1248 remunerandos
1347 1216 1554 1260 judicamus
1657 1217 1702 1248 At
1726 1228 1812 1249 vero
1839 1217 1987 1261 longum
2011 1224 2110 1250 esset

245 1285 491 1318 modestorum
527 1291 561 1317 et
595 1284 773 1316 bonorum
806 1284 876 1316 vita
909 1283 951 1316 ab
978 1283 1038 1315 illa
1078 1283 1219 1327 qualem
1252 1283 1516 1327 descripsimus
1547 1283 1857 1323 insufficientium,
1889 1284 2109 1328 ineptorum,

246 1351 499 1397 reproborum,
517 1351 812 1391 indiscretorum,
832 1350 910 1383 sine
926 1350 1116 1390 modestia,
1136 1350 1214 1382 sine
1232 1350 1372 1394 peritia,
1389 1350 1507 1382 omnia
1524 1361 1588 1394 per
1604 1357 1831 1394 arrogantem
1855 1350 2110 1392 intrusionem,

245 1419 356 1452 nichil
378 1430 442 1464 per
462 1418 642 1451 licentiam
661 1429 769 1463 agere
790 1417 1010 1458 conantium,
1034 1423 1069 1449 et
1089 1417 1149 1461 qui
1167 1429 1206 1449 se
1229 1428 1337 1461 supra
1355 1429 1543 1449 numerum
1565 1417 1817 1461 multiplicant,
1837 1417 1969 1461 quibus
1987 1418 2016 1449 si
2038 1430 2111 1450 non

246 1486 427 1519 obviatum
448 1485 570 1526 fuerit,
593 1485 680 1530 quid
702 1484 881 1529 reliquum
903 1491 970 1525 est,
993 1485 1093 1528 juste
1115 1485 1226 1524 Deus,
1252 1484 1322 1516 nisi
1350 1490 1387 1516 ut
1415 1483 1581 1516 abductis
1610 1483 1780 1528 plebibus
1804 1483 1846 1516 ab
1869 1484 2052 1529 episcopis
2078 1492 2112 1517 et

246 1554 380 1586 curatis
408 1553 478 1597 ipsi
505 1552 631 1597 prelati
660 1558 695 1584 et
724 1552 837 1584 curati
863 1551 964 1592 nudi,
990 1551 1119 1595 inopes
1148 1557 1183 1583 et
1210 1550 1339 1595 abjecti
1368 1550 1436 1583 sub
1464 1551 1544 1583 istis
1566 1550 1753 1587 fratribus,
1781 1551 1935 1595 quodam
1964 1552 2110 1584 nomine

247 1619 552 1660 mendicantibus,
575 1619 639 1652 sed
662 1630 699 1651 re
720 1619 797 1664 ipsa
821 1618 1022 1659 honoratis,
1044 1617 1229 1662 opulentis
1255 1624 1289 1650 et
1310 1617 1474 1658 elevatis,
1497 1624 1531 1650 et
1552 1630 1616 1662 pro
1638 1617 1788 1650 arbitrio
1815 1625 1941 1650 cuncta
1962 1618 2110 1651 volven-

249 1687 358 1728 tibus,
382 1687 549 1720 miseram
577 1692 683 1732 agant
707 1686 832 1719 vitam!
862 1686 1048 1730 Superest,
1076 1691 1114 1717 ut
1140 1685 1266 1725 fertur,
1290 1684 1342 1717 rei
1369 1684 1478 1729 hujus
1501 1684 1618 1717 Ytalia
1646 1685 1767 1724 testis;
1792 1684 1982 1729 prohibeat
2013 1685 2111 1717 dete-

248 1755 341 1787 riora
364 1756 475 1795 Deus,
498 1766 563 1786 nec
581 1754 617 1786 in
634 1765 806 1786 novarum
830 1759 1008 1785 sectarum
1032 1752 1349 1795 excogitationem,
1368 1758 1407 1784 ut
1427 1751 1511 1784 olim
1534 1751 1578 1784 de
1599 1751 1797 1797 Evangelio
1814 1757 1946 1791 etet-no,
1968 1759 2113 1785 corruat

245 1828 348 1854 cetus
370 1821 502 1865 aliquis
523 1820 743 1853 christianus

334 1888 607 1922 Concludeutes
635 1887 746 1932 igitur
775 1887 929 1919 dicimus
956 1893 1104 1931 propter
1129 1886 1195 1919 hec
1222 1893 1256 1919 et
1281 1886 1348 1918 alia
1370 1898 1439 1930 que
1461 1885 1628 1918 brevitati
1651 1892 1686 1918 et
1712 1885 1891 1918 modestie
1920 1886 2111 1918 studentes

245 1955 477 2000 preterimus,
507 1954 589 1999 quia
616 1966 681 1986 nec
714 1954 757 1986 ad
788 1943 987 1998 singularia
1018 1953 1241 1986 descendere
1275 1953 1500 1997 propositum
1535 1959 1601 1993 est,
1639 1952 1736 1996 quod
1765 1952 1923 1996 predicta
1953 1952 2051 1985 bulla
2081 1954 2109 1985 si

245 2023 418 2068 supersit,
441 2023 545 2067 cujus
567 2022 705 2066 copiam
734 2021 954 2065 accepimus,
977 2020 1193 2065 qualemque
1220 2032 1291 2052 non
1313 2020 1496 2052 credimus
1521 2019 1565 2052 de
1590 2019 1814 2051 conscicntia
1836 2019 1973 2051 domini
1996 2021 2110 2052 nostri

247 2102 350 2135 pape,
380 2096 448 2122 tam
475 2089 660 2122 exercitati
691 2089 728 2120 in
755 2088 868 2121 sacris
902 2088 1045 2129 litteris,
1076 2099 1194 2132 neque
1224 2099 1266 2119 ex
1294 2086 1559 2119 deliberatione
1587 2086 1678 2118 sacri
1706 2086 1853 2130 collegii
1880 2086 2108 2118 dominorum

245 2156 481 2189 cardinalium
514 2155 755 2201 processisse,
785 2155 901 2200 primo
940 2161 1117 2199 tamquam
1150 2154 1407 2195 intolerabilis,
1437 2153 1569 2186 deinde
1602 2153 1701 2186 velut
1731 2153 1840 2186 totius
1872 2153 2110 2186 ecclesiastici

246 2230 359 2257 status
380 2223 558 2256 turbativa
582 2222 787 2255 abradenda
816 2228 884 2263 est,
910 2221 1084 2254 cassanda
1112 2228 1147 2254 et
1171 2221 1390 2254 adnullanda
1418 2227 1594 2265 perpetuo
1620 2220 1657 2252 in
1685 2219 1937 2252 confusionem
1963 2219 2107 2252 illorum

247 2291 306 2336 qui
329 2290 409 2323 talia
427 2290 485 2323 vel
506 2289 712 2334 excogitare
729 2289 786 2322 vel
803 2300 1005 2334 suggerere
1022 2288 1079 2321 vel
1101 2294 1317 2332 extorquere
1336 2287 1450 2320 moliti
1468 2294 1566 2328 sunt,
1584 2287 1626 2319 ad
1648 2287 1789 2319 laudem
1807 2298 1893 2319 vero
1915 2286 2106 2319 bonorum.

246 2358 425 2390 Addimus
455 2357 499 2389 ad
524 2362 736 2397 extremum,
764 2355 861 2400 quod
881 2355 1042 2400 provisio
1069 2355 1278 2388 cautissima
1305 2366 1369 2399 per
1398 2354 1556 2399 prelatos
1585 2360 1617 2386 et
1645 2353 1825 2394 doctores,
1851 2365 1915 2397 per
1941 2353 2107 2385 dominos

246 2425 398 2467 insuper
418 2423 651 2468 temporales,
673 2435 738 2467 per
762 2422 898 2455 clerum
925 2429 957 2455 et
981 2422 1155 2467 populum
1176 2434 1218 2454 ex
1242 2421 1339 2454 omni
1362 2428 1460 2466 parte
1487 2420 1759 2453 christianitatis
1781 2419 1965 2463 querenda
1986 2420 2053 2452 erit
2075 2426 2109 2452 et

248 2490 444 2524 obtinenda
470 2490 506 2522 in
535 2501 636 2522 sacro
658 2489 822 2522 Concilio
845 2489 1006 2534 proxime
1032 2488 1266 2528 celebrando,
1292 2488 1321 2520 si
1344 2500 1415 2520 non
1444 2494 1524 2520 ante
1552 2487 1630 2519 fieri
1655 2486 1824 2531 potuerit,
1846 2486 1943 2530 quod
1969 2493 2108 2519 maneat

247 2557 518 2603 inperturbatus
547 2556 769 2589 ierarchicus
795 2556 884 2588 ordo
916 2562 950 2588 et
969 2555 1183 2594 essentialis
1212 2555 1367 2587 ecclesie
1399 2554 1618 2599 prelatorum
1648 2560 1682 2585 et
1708 2559 1925 2593 curatorum,
1954 2564 2104 2596 quorum

250 2625 437 2670 potissime
466 2636 553 2668 papa
582 2624 767 2663 defensor,
794 2634 867 2655 non
895 2623 1100 2663 destitutor,
1131 2634 1212 2654 esse
1244 2621 1364 2662 (lebet,
1387 2633 1430 2653 ne
1457 2620 1709 2653 subintroeunt
1729 2619 1867 2652 vineam
1890 2619 2104 2652 dominicam

248 2691 438 2736 vulpecule
461 2690 607 2735 parvule
630 2689 870 2722 demolientes
891 2701 1023 2730 eam...,
1048 2701 1092 2721 ne
1114 2695 1277 2733 preterea
1299 2688 1419 2720 dicant
1441 2700 1478 2720 se
1502 2687 1611 2731 aliqui
1636 2686 1866 2730 coadjutores
1888 2685 2105 2730 prelatorum

249 2766 283 2791 et
307 2758 625 2803 complantatores,
656 2769 692 2788 re
721 2763 838 2789 autem
865 2757 941 2801 ipsa
973 2756 1264 2800 supplantatores
1290 2755 1574 2787 inveniantur....
1606 2755 1677 2785 llcc
1703 2753 1880 2785 sentimus
1910 2764 1974 2796 pro
2008 2754 2108 2785 testi—

250 2826 370 2858 monio
388 2825 561 2864 veritatis,
578 2824 643 2856 hec
666 2823 849 2856 hortamur
871 2835 934 2867 pro
953 2822 1124 2855 tollendis
1147 2821 1340 2862 scandalis,
1357 2821 1422 2853 hec
1444 2821 1538 2865 apud
1559 2832 1685 2852 omnes
1707 2819 1938 2859 christianos,
1957 2820 2107 2852 maxime

251 2892 406 2937 prelatos
424 2898 458 2924 et
480 2891 662 2930 doctores,
682 2890 759 2922 fieri
778 2889 1016 2934 postulamus,
1039 2895 1204 2933 optantes
1226 2888 1278 2920 eis
1301 2888 1463 2932 gratiam,
1490 2899 1609 2932 pacem
1633 2893 1667 2918 et
1686 2886 1851 2930 gloriam.
1875 2886 2001 2917 Amen.

374 2953 435 2968 ΗΜ
455 2950 549 2973 011α7·ι.
574 2948 651 2972 Unio.
670 2948 762 2972 Paris.
783 2948 822 2970 iv.
1613 2971 1615 2973 ¹
1955 2944 1983 2966 23
