2502 3418
407 328 428 349 Χ
1188 326 1482 354 INTRODUCTIO.

408 401 586 437 stimanda
602 406 696 437 sunt.
713 403 803 437 Acta
820 414 916 437 nunc
932 401 1105 437 habemus
1126 401 1256 449 quibus
1275 401 1310 436 in
1325 401 1502 448 prioribus
1516 400 1782 448 indigebamus,
1804 400 1875 435 hoc
1890 403 1944 435 est
1963 399 2144 447 catalogos
2160 399 2271 434 licen-

409 473 573 508 tiatorum
590 473 625 507 in
647 472 838 520 theologia,
857 472 1020 516 decretis,
1042 472 1233 517 medicina,
1247 472 1306 520 qui
1323 484 1431 519 quam
1450 471 1636 507 utilitatem
1654 471 1838 507 conferant
1853 471 1897 507 ad
1912 470 2006 507 viros
2027 471 2064 506 in
2084 469 2268 514 Conciliis,

409 543 660 591 legationibus,
685 543 837 591 negotiis
856 543 1023 591 publicis,
1045 547 1251 591 occupatos,
1275 543 1329 579 vel
1352 543 1495 579 aliunde
1521 541 1678 578 celebres
1703 542 1836 590 optime
1859 542 2141 590 cognoscendos,
2163 552 2272 578 nemo

411 618 465 649 est
481 614 539 661 qui
556 626 628 650 non
645 614 864 650 confiteatur.
886 614 1065 662 Imprimis
1086 614 1285 662 theologiae
1311 614 1461 650 facultas
1482 614 1597 649 solum
1613 613 1656 649 ab
1671 625 1729 649 an.
1756 616 1842 648 1421
1864 613 2155 649 constitutionem
2171 624 2271 648 suam

410 685 616 721 certissimis
637 685 859 721 documentis
882 685 984 720 nobis
1000 685 1111 732 aperit
1130 685 1174 720 de
1194 685 1413 728 cursoribus,
1430 685 1473 720 de
1491 684 1644 729 biblicis,
1663 685 1706 720 de
1727 684 1981 720 sententiariis.
2001 684 2176 731 Equidem
2196 684 2271 731 jam

411 755 525 803 prius'
543 756 586 792 de
605 756 646 791 iis
668 756 776 791 locuti
795 768 932 799 sumus,
952 759 986 791 at
1004 767 1112 799 nunc,
1131 756 1300 803 catalogis
1314 755 1432 800 editis,
1454 755 1583 791 melius
1599 767 1654 790 res
1667 755 1894 802 intellegitur.
1913 755 2058 803 Saepius
2080 755 2175 791 docti
2190 766 2273 802 pro-

410 827 511 874 pensi
539 827 680 862 fuerunt
707 827 751 862 ad
774 827 1043 863 confundendos
1068 838 1231 863 cursores
1251 838 1331 862 cum
1353 826 1508 870 biblicis,
1525 827 1665 873 penitus
1686 826 1846 862 diversis.
1865 826 1992 862 Biblici
2013 826 2124 871 enim,
2142 825 2273 874 quibus

413 897 543 933 Bibliae
573 898 744 945 legendae
769 910 854 933 cura
875 898 953 939 fuit,
977 910 995 933 e
1016 897 1295 933 Mendicantium
1315 897 1371 933 vel
1388 898 1423 933 S.
1443 897 1616 933 Bernardi
1637 897 1831 933 Ordinibus
1851 909 1929 932 esse
1949 897 2172 941 debuerunt;
2191 909 2274 933 cur-

414 980 511 1004 sores
534 972 666 1012 autem,
685 969 777 1004 inter
792 980 879 1016 quos
895 969 1102 1004 eorumdem
1120 969 1293 1004 Ordinum
1311 968 1471 1004 membra
1485 980 1562 1004 raro
1581 968 1822 1013 inveniuntur,
1841 967 1932 1003 nihil
1948 968 2014 1004 nisi
2031 968 2119 1004 duos
2137 968 2274 1004 Bibliae

411 1039 520 1074 libros
549 1040 722 1086 legerunt,
755 1039 891 1075 scilicet
918 1051 1028 1074 unum
1057 1039 1195 1075 Veteris
1221 1039 1435 1075 Testamenti
1461 1039 1545 1085 (hoc
1568 1042 1643 1074 erat
1664 1039 1800 1086 primus
1829 1042 1979 1083 cursus),
2006 1039 2159 1075 alterum
2186 1039 2273 1076 Novi

411 1110 625 1146 Testamenti
645 1110 754 1157 (quod
772 1110 948 1146 secundus
972 1122 1098 1146 cursus
1119 1110 1336 1152 vocabatur).
1355 1110 1584 1146 Consuetudo
1596 1110 1741 1158 illajam
1757 1110 1928 1146 anteactis
1943 1110 2164 1158 temporibus
2179 1110 2275 1159 vige-

411 1181 481 1224 bat,
503 1185 584 1216 tunc
605 1193 686 1217 vero
706 1181 741 1216 in
766 1181 905 1217 minore
925 1181 1019 1217 inter
1036 1193 1161 1216 cursus
1181 1181 1367 1216 intervallo
1387 1181 1675 1228 acquiescebant.
1697 1183 1903 1228 Tempestas
1926 1182 2057 1229 agitata
2072 1193 2143 1228 qua
2161 1181 2276 1229 privi-

411 1252 522 1299 legiis,
537 1252 876 1299 dispensationibus,
897 1252 1184 1288 immunitatibus
1201 1252 1348 1299 quilibet
1363 1253 1460 1287 vivit!
1479 1252 1709 1288 Baccalareos
1726 1253 1762 1287 in
1779 1252 1954 1300 theologia
1968 1253 2186 1300 quandoque
2201 1264 2275 1290 uno

411 1323 609 1370 eodemque
633 1335 725 1359 anno
749 1323 905 1370 primum
929 1335 969 1359 ac
996 1324 1193 1359 secundum
1218 1335 1364 1359 cursum
1391 1323 1520 1371 legisse
1540 1323 1716 1367 videmus,
1740 1335 1883 1371 semper
1904 1324 2101 1360 secundum
2126 1336 2275 1360 cursum

413 1406 453 1430 ac
471 1394 684 1437 Sententias,
704 1394 815 1429 immo
829 1398 1020 1441 utrumque
1034 1406 1176 1430 cursum
1189 1398 1294 1442 atque
1311 1394 1525 1438 Sententias,
1544 1395 1634 1430 sicut
1647 1395 1840 1430 Martinum
1857 1394 2028 1431 Berech².
2048 1395 2274 1432 Sententiarii

414 1476 474 1500 sex
489 1465 673 1500 mensibus
689 1466 841 1512 peractis
854 1466 927 1512 jam
941 1466 1088 1513 formati
1103 1466 1303 1501 dicunturss.
1323 1466 1481 1501 Primum
1499 1466 1606 1501 etiam
1630 1466 1827 1502 edocemur
1841 1478 1932 1513 quae
1946 1466 2119 1514 pecuniae
2134 1477 2275 1503 summa

412 1536 538 1582 cuique
562 1536 729 1571 solvenda
756 1540 849 1571 esset
871 1540 941 1571 tam
966 1548 1030 1583 pro
1053 1536 1268 1572 lectionibus
1290 1536 1581 1573 baccalareorum
1602 1548 1708 1583 quam
1732 1548 1796 1584 pro
1813 1536 1997 1575 licentia⁴.
2023 1538 2206 1579 Quantum
2229 1537 2273 1574 ad

410 1607 609 1643 licentiatos
627 1607 663 1642 in
684 1607 875 1654 theologia,
899 1607 1070 1643 adhibere
1086 1608 1270 1655 potuimus
1284 1608 1374 1643 duos
1391 1608 1582 1655 originales
1601 1608 1745 1644 codices
1761 1620 1780 1644 a
1800 1608 1953 1644 bedellis
1974 1608 2150 1644 facultatis
2165 1609 2274 1656 hujus

413 1678 649 1725 conscriptos,
680 1678 829 1713 alterum
854 1690 937 1714 ann.
968 1678 1162 1722 1421—385,
1191 1679 1341 1714 alterum
1367 1691 1450 1715 ann.
1482 1681 1688 1722 1449-64.⁶‚
1714 1683 1905 1727 utrumque
1934 1679 2067 1715 Bulaeo
2092 1679 2271 1728 ignotum,

413 1749 495 1796 quia
511 1749 670 1795 theologi
686 1761 767 1784 cum
785 1760 827 1784 eo
842 1750 1111 1785 communicare
1131 1754 1347 1786 recusarant.
1368 1750 1536 1797 Reliquos
1557 1762 1670 1786 annos
1687 1751 1930 1798 apographum
1953 1763 2048 1787 saec.
2069 1752 2166 1788 XVII
2187 1762 2275 1788 con-

414 1819 566 1855 fectum⁷
596 1820 697 1856 nobis
722 1820 971 1867 suppeditavit,
1001 1833 1123 1856 verum
1148 1821 1196 1857 ibi
1221 1822 1313 1857 nihil
1339 1821 1407 1857 nisi
1432 1822 1602 1858 licentiati
1634 1826 1905 1858 enumerantur.
1935 1824 2036 1858 Tunc
2065 1826 2277 1870 supererant

410 1891 599 1938 originales
623 1891 764 1927 codices
783 1895 863 1927 ante
884 1903 942 1928 an.
965 1895 1057 1928 1414
1076 1895 1111 1928 et
1131 1904 1213 1928 ann.
1237 1895 1415 1937 1438—49,
1436 1893 1624 1929 deficiebat
1640 1893 1752 1929 codex
1767 1905 1851 1930 ann.
1874 1897 2049 1938 1414-223
2068 1895 2162 1930 unde
2181 1894 2222 1930 fit
2238 1897 2278 1930 ut

410 1962 609 1998 licentiatos
626 1963 732 2010 hujus
745 1963 914 2010 temporis
927 1963 1143 2010 ignoremus.
1162 1964 1412 2011 Magistrorum
1430 1964 1630 2012 regentium
1643 1965 1795 2013 catalogi
1811 1965 1932 2010 annui,
1951 1977 2042 2012 quos
2058 1977 2076 2001 e
2092 1964 2276 2002 codicibus

411 2033 640 2080 originalibus
654 2034 852 2080 vulgamus,
871 2034 1035 2069 nonnihil
1056 2035 1213 2070 utilitatis
1233 2035 1402 2080 afferunt,
1422 2048 1503 2071 cum
1524 2048 1713 2072 numerum
1734 2037 1987 2084 magistrorum
2004 2037 2205 2074 ostendant.

512 2104 681 2140 Similiter
696 2104 731 2139 in
759 2105 923 2140 facultate
941 2106 1161 2141 decretorum
1182 2106 1226 2142 ab
1254 2118 1312 2142 an.
1338 2110 1430 2143 1415
1446 2119 1560 2154 usque
1580 2108 1624 2143 ad
1640 2119 1697 2143 an.
1726 2111 1818 2144 1448
1840 2112 1874 2144 et
1898 2108 1935 2143 in
1965 2108 2132 2144 facultate
2154 2107 2275 2144 medi—-

412 2175 512 2211 cinae
540 2175 583 2211 ab
612 2187 669 2211 an.
703 2177 793 2212 1395
829 2176 972 2212 eosdem
1005 2177 1256 2222 graduatorum
1288 2190 1328 2213 ac
1357 2178 1609 2226 magistrorum
1635 2179 1816 2227 catalogos
1839 2179 2032 2224 edidimus,
2065 2179 2205 2227 quoties
2232 2179 2271 2215 in

503 2344 523 2366 1.
543 2344 678 2372 Chai-tul„
696 2344 730 2372 II,
744 2344 829 2371 Index,
846 2352 871 2376 p.
887 2345 944 2374 805;
963 2345 1010 2375 111,
1025 2354 1050 2378 p.
1064 2346 1175 2370 441-442.

501 2388 524 2411 2.
541 2387 614 2414 Ibid..
633 2388 679 2418 IV,
693 2393 721 2411 n⁰
736 2388 805 2412 2349.

502 2432 525 2456 3.
542 2432 612 2460 Quod
627 2432 707 2464 liquet
718 2432 750 2457 ab
765 2440 830 2457 anno
846 2434 913 2457 1434.

503 2476 526 2500 4.
544 2476 674 2504 Quantum
693 2476 725 2501 ad
744 2477 904 2502 baccalareos
917 2478 1045 2502 occasione
1059 2479 1120 2503 data
1133 2488 1233 2505 sumnia
1248 2483 1394 2506 annotatur.
1412 2482 1542 2511 Quantum
1560 2482 1592 2506 ad
1606 2482 1749 2507 licentiatos
1762 2481 1813 2506 vid.
1828 2486 1866 2506 n⁰¹¹
1881 2481 1952 2513 2330,
1967 2482 2029 2506 2406
2043 2484 2069 2506 et
2080 2482 2153 2507 2474.
2172 2482 2202 2506 In
2221 2488 2271 2506 ms.

410 2519 456 2544 lat.
467 2520 535 2543 Bibl.
550 2522 602 2544 nat.
619 2521 702 2544 Paris.
719 2521 788 2551 5494,
805 2530 830 2553 p.
846 2522 898 2552 121,
917 2522 1044 2547 invenitur
1057 2523 1144 2554 etiam,
1155 2525 1221 2556 quod
1237 2526 1355 2557 magistri
1369 2534 1415 2558 pro
1430 2527 1637 2558 responsionibus
1652 2526 1678 2550 in
1690 2526 1759 2557 aula,
1773 2528 1832 2557 ete.,
1842 2533 1858 2551 a
1871 2526 1971 2551 bedello
1985 2526 2134 2558 receperint.
2148 2526 2189 2550 1b1
2203 2525 2272 2550 enim

411 2563 442 2588 ad
458 2571 499 2588 an.
517 2564 585 2594 1431,
600 2565 744 2595 Februarii,
756 2566 877 2590 scribitur
891 2575 897 2590 :
915 2577 927 2588 «
940 2567 1008 2591 Solvi
1023 2575 1069 2599 pro
1083 2568 1168 2600 prima
1180 2570 1342 2601 responsione
1356 2570 1382 2594 in
1397 2570 1457 2595 aula
1469 2571 1587 2602 magistri
1601 2571 1681 2595 nostri
1694 2578 1762 2602 mag.
1776 2570 1876 2596 Nicolai
1888 2570 1920 2595 de
1934 2571 2048 2595 Roseriis
2061 2570 2187 2602 magistro
2199 2570 2274 2595 Guil-

412 2652 535 2683 magistro
548 2653 652 2677 Nicolao
666 2653 696 2677 de
710 2654 839 2686 Campcllo
854 2655 915 2679 Ord.
931 2655 991 2680 frat.
1005 2656 1080 2687 Min.,
1097 2657 1140 2688 qui
1155 2665 1211 2682 eam
1226 2658 1334 2682 debebat
1346 2659 1436 2683 facere.
1453 2673 1482 2677 —
1498 2660 1565 2684 Nota
1577 2659 1643 2691 quod
1661 2667 1707 2691 ego
1724 2660 1787 2683 solvi
1802 2660 1926 2691 magistro
1941 2659 2053 2684 Johanni
2071 2659 2095 2683 le
2110 2658 2272 2683 Moutardier

411 2705 424 2719 v
437 2697 484 2721 sol.
497 2697 576 2729 paris.
590 2705 635 2729 pro
650 2698 773 2729 magistro
787 2698 890 2723 Nicolao
906 2699 936 2723 de
951 2700 1090 2732 Campello,
1106 2709 1155 2725 non
1170 2702 1286 2727 obstante
1301 2703 1367 2735 qnod
1385 2703 1468 2728 dictus
1486 2704 1508 2728 le
1523 2704 1683 2728 Moutardier
1699 2712 1747 2728 non
1763 2706 1818 2728 erat
1831 2712 1944 2737 presens,
1958 2704 2019 2736 quia
2033 2704 2090 2736 ipse
2104 2703 2199 2728 fecerat
2213 2702 2272 2727 fieri

414 2749 459 2773 per
470 2741 534 2765 alios
547 2742 683 2772 magistros
699 2743 875 2774 responsiones
888 2743 912 2767 in
925 2744 986 2768 aula
998 2744 1094 2768 demini
1110 2747 1228 2778 episcopi,
1243 2747 1344 2778 quando
1358 2748 1482 2779 magister
1494 2748 1615 2773 Nicolaus
1627 2748 1658 2772 de
1671 2749 1800 2781 Campello
1813 2749 1863 2773 fuit
1876 2749 2009 2780 magister.
2026 2758 2038 2770 »

501 2786 524 2809 5.
540 2786 608 2810 Bibl.
623 2788 675 2811 nat.
691 2786 784 2815 Paris„
799 2795 846 2810 ms.
863 2787 906 2811 lat.
921 2789 989 2812 5494.

501 2830 524 2854 6.
539 2831 588 2854 Μ5.
604 2831 649 2854 lat.
665 2831 744 2855 56570.

520 2892 526 2898 .
544 2875 594 2899 Ms.
611 2875 659 2899 lat.
676 2876 758 2900 505711.
770 2876 830 2900 Vid.
846 2877 928 2908 qucad
943 2878 989 2901 hes
1003 2880 1055 2902 tres
1070 2878 1166 2903 codices
1181 2879 1247 2904 infra
1261 2888 1286 2912 p.
1303 2887 1401 2905 xxxw.
