2502 3418
262 319 361 356 1431]
615 331 661 352 AB
692 330 797 352 ΑΝΝΟ
832 328 1120 351 11060οΧΧΧΧ1ν
1155 327 1285 355 USQUE
1320 328 1367 348 AD
1402 328 1540 349 ANNUM
1576 329 1780 350 06660111.
2069 321 2128 352 511

263 406 364 442 possit,
387 406 434 440 qui
455 413 603 441 personam
627 405 688 440 ejus
712 412 761 439 per
788 403 900 430 saecula
927 402 1047 436 ignorat.
1075 402 1184 428 Scimus
1211 404 1365 436 praeterea,
1390 401 1553 437 suffragium
1577 402 1773 429 [niversitatis
1800 402 1834 429 de
1864 403 2045 437 processibus
2069 404 2131 430 tidei

262 455 346 482 etiam
362 454 435 490 apud
450 457 572 481 remotas
588 456 681 489 partes
697 452 832 479 institutis
848 451 1015 486 requisitum
1032 451 1130 478 fuisse.

351 504 438 530 Venia
452 503 631 530 L'niversitati
647 502 706 529 dari
720 503 827 537 posset,
845 501 868 527 si
882 500 1072 535 suspicionem
1086 499 1120 526 de
1136 499 1261 526 Johanna
1273 501 1378 527 tantum
1392 499 1530 535 principio
1544 500 1732 534 concepisset.
1749 500 1817 526 Nam
1833 502 1897 526 tunc
1913 500 2006 535 plures
2023 509 2132 528 errores

262 555 289 579 et
304 552 440 588 plurimae
457 552 672 587 superstitiones
693 550 852 586 serpebant,
870 552 900 576 ut
919 551 1029 576 constat
1044 557 1077 575 ex
1099 548 1217 575 historia
1237 550 1264 575 et
1283 556 1298 575 6
1318 548 1445 584 pluribus
1466 549 1630 575 tractatibus
1650 549 1683 575 de
1701 549 1944 583 superstitionibus
1965 549 2076 576 saeculo
2098 558 2131 576 xv

261 601 384 636 scriptis.
402 602 454 628 An.
473 602 538 627 1432
554 600 696 636 Eugenius
710 600 743 625 IV
760 599 919 626 facultatem
934 598 1018 625 theol.
1031 597 1192 633 Andegavis
1209 597 1297 625 erexit
1311 608 1323 621 κ
1338 606 1387 632 pro
1401 597 1602 624 convincendis
1617 597 1870 632 propulsandisque
1884 598 2131 632 superstitionibus

261 652 288 677 et
308 650 452 677 erroribus
475 661 500 676 ».
523 649 621 676 Adhuc
637 657 681 675 an.
706 649 773 674 1426
789 647 958 682 quibusdam
982 646 1137 681 sortilegiis
1153 646 1328 674 Universitas
1350 646 1439 674 Paris.
1457 646 1668 673 adversabatur.
1690 646 1809 672 Omnino
1826 646 1951 672 inaudita
1966 646 2080 681 insuper
2097 647 2130 673 de

261 699 311 726 hac
327 699 463 734 singulari
484 698 589 725 femina
609 697 888 724 circumferebantur.
906 696 994 722 Tanto
1015 696 1106 731 magis
1126 697 1219 722 tamen
1239 695 1413 722 Universitas
1434 695 1571 730 culpanda
1591 698 1644 728 651,
1661 695 1735 729 quod
1749 696 1805 730 jam
1822 703 1837 721 a
1853 695 1989 730 principio
2004 696 2131 722 consulto

259 748 421 783 negligebat
441 747 586 774 veritatem
607 746 641 773 de
665 746 761 773 relatis
781 745 915 780 indagare
936 747 963 771 et
983 753 1073 779 aequa
1092 744 1171 771 lance
1187 744 1352 780 ponderare.
1374 745 1511 771 Rumores
1531 744 1621 777 multi,
1643 745 1701 770 veri
1722 752 1753 771 ac
1772 744 1846 777 salsi,
1868 746 1931 770 tunc
1954 744 1988 770 de
2007 745 2132 771 Johanna

257 796 483 831 divulgabantur.
497 795 633 830 Magistri,
646 794 782 829 quidquid
796 794 923 829 partibus
936 793 1147 829 burgundorum
1160 795 1186 820 et
1196 794 1350 828 Anglorum
1367 793 1547 820 succurrebat
1564 793 1740 828 arripientes,
1753 793 1847 828 potius
1864 793 1949 820 falsos
1963 795 2058 819 contra
2074 794 2131 819 vir—

257 845 351 880 ginem
372 852 499 871 rumores
519 852 602 879 quam
618 851 668 870 eos
688 843 735 878 qui
759 843 784 869 ei
809 843 903 870 favere
924 845 1052 877 poterant
1073 842 1311 877 amplectebantur
1326 842 1366 877 (ut
1388 842 1416 868 in
1435 842 1620 877 sequentibus
1641 842 1865 877 explicabimus),
1883 851 1916 869 eo
1937 842 2038 877 magis,
2055 842 2129 876 quod

256 894 398 920 Johannes
422 894 528 920 Gerson
549 895 576 919 et
596 893 802 919 examinatores
819 892 1012 924 Pictavenses,
1034 891 1092 918 fere
1113 899 1210 918 omnes
1233 891 1381 926 supposita
1400 891 1597 918 Universitatis
1617 891 1718 924 Paris,
1740 900 1812 926 quos
1834 893 1926 918 tamen
1947 891 2128 924 Universitas,

256 942 355 969 celatis
371 941 543 975 nominibus,
558 942 616 977 jam
633 944 696 968 ante
709 941 877 968 decennium
891 943 921 967 ut
935 940 1139 975 Armagniacos
1153 940 1345 967 detestabatur
1358 940 1426 975 (vid.
1444 946 1473 966 n¹¹
1490 941 1582 973 2107),
1599 940 1741 967 Johannae
1755 941 1868 967 omnino
1883 940 2018 967 faverent.

346 991 411 1018 Levi
427 991 540 1026 quidem
558 991 650 1017 animo
669 990 796 1025 magistri
815 989 1008 1022 admittebant,
1023 989 1176 1016 Johannam
1196 1000 1209 1013 «
1230 989 1332 1015 sactum
1348 997 1429 1015 suum
1448 989 1482 1015 ad
1498 989 1625 1015 arborem
1642 989 1770 1015 Fatarum
1786 990 1896 1024 cepisse
1914 1001 1938 1022 »‚
1958 992 1987 1015 ut
2002 989 2084 1015 etiam
2102 989 2128 1015 in

256 1040 371 1075 regione
394 1048 448 1074 qua
471 1040 532 1074 ipsa
554 1042 618 1066 nata
641 1041 700 1066 erat
719 1038 865 1066 dicebatur
885 1038 1061 1072 (Quicurmr,
1086 1039 1105 1071 1,
1129 1039 1203 1070 213).
1228 1038 1347 1065 Omnino
1368 1040 1463 1064 notum
1487 1040 1555 1071 erat,
1577 1046 1637 1065 eam
1659 1038 1780 1065 Vocibus
1801 1047 1870 1073 quas
1891 1038 2022 1065 audiebat
2047 1038 2128 1065 unice

254 1089 349 1123 dirigi.
365 1088 454 1122 Quod,
470 1097 532 1115 cum
548 1090 640 1115 mente
657 1088 806 1123 concipere
823 1095 874 1114 nec
892 1087 1034 1122 potuerint
1048 1095 1099 1114 nec
1116 1086 1265 1120 voluerint,
1280 1087 1470 1121 suspicionem
1484 1087 1541 1122 jam
1557 1090 1720 1122 conceptam
1737 1087 1867 1122 augebat,
1885 1096 1917 1114 eo
1937 1087 2037 1122 magis,
2053 1087 2127 1121 quod

253 1137 280 1164 ei
295 1137 400 1164 rumori
415 1145 509 1164 aurem
525 1137 701 1172 praeberent,
717 1137 870 1163 Johannam
889 1144 953 1163 esse
967 1136 1117 1171 garrulam,
1134 1136 1235 1169 levem,
1250 1136 1377 1162 dolosam
1392 1136 1484 1171 (ibid.‚
1501 1136 1546 1169 ΙΙΙ,
1563 1136 1636 1171 302),
1652 1136 1716 1162 olim
1732 1136 1871 1163 viventem
1888 1145 1950 1163 cum
1964 1136 2129 1162 mulieribus

254 1186 493 1213 incontinentibus
518 1187 547 1221 (I,
564 1186 638 1222 214).
655 1187 687 1212 Et
703 1186 770 1221 quid
790 1185 939 1213 dicendum
962 1185 996 1212 de
1017 1185 1119 1212 litteris
1136 1185 1199 1211 duci
1222 1185 1388 1212 Bedsordiae
1409 1193 1453 1211 an.
1479 1186 1556 1218 1429,
1578 1185 1666 1211 Martii
1688 1187 1731 1218 22,
1752 1185 1859 1218 missis,
1881 1185 1983 1220 quibus
2003 1185 2128 1212 Johanna

252 1235 350 1271 Anglis
368 1235 536 1268 minabatur,
554 1235 609 1261 nisi
625 1243 640 1262 e
652 1235 770 1261 Francia
787 1235 863 1261 exire
879 1234 984 1261 vellent
1006 1243 1012 1261 :
1031 1244 1044 1258 «
1059 1234 1087 1269 je
1105 1234 1147 1261 les
1164 1234 1240 1269 feray
1254 1236 1317 1260 tous
1335 1234 1427 1261 occire
1445 1245 1457 1258 »
1480 1234 1509 1263 tl.
1531 1242 1567 1267 c.‚
1589 1243 1616 1269 p.
1633 1234 1714 1263 2-41'1'?
1735 1235 1806 1261 Sane
1821 1234 1890 1261 haec
1908 1234 2059 1261 crudelitas
2072 1242 2127 1261 non

252 1284 344 1310 minus
360 1284 500 1311 contraria
515 1284 649 1319 legationi
665 1284 787 1317 divinae,
805 1292 886 1318 quam
904 1283 958 1309 sibi
973 1283 1052 1318 virgo
1069 1283 1161 1310 datam
1178 1284 1332 1316 asserebat,
1347 1283 1491 1318 magistris
1505 1283 1662 1316 videbatur,
1678 1292 1759 1317 quam
1775 1283 1919 1310 coronatio
1933 1283 2024 1309 Caroli
2039 1284 2083 1309 Vll
2099 1283 2127 1309 in

252 1333 383 1360 ltemensi
399 1333 562 1366 cathedrali,
577 1333 611 1359 ad
627 1341 709 1367 quam
724 1333 880 1360 faciendam
894 1341 927 1359 ex
944 1332 1037 1359 officio
1057 1341 1107 1358 suo
1124 1332 1274 1368 legationis
1291 1340 1321 1359 56
1339 1332 1507 1365 accinxerat,
1525 1332 1656 1367 opposita
1669 1333 1827 1366 juramento
1844 1332 1919 1367 quod
1933 1332 1991 1367 regi
2009 1332 2127 1367 Angliae

251 1384 382 1416 tanquam
403 1382 462 1417 regi
484 1382 618 1409 Franciae
642 1381 768 1417 legitimo
792 1381 846 1416 ipsi
869 1382 968 1408 iterato
991 1381 1197 1416 praestiterant,
1224 1383 1251 1408 et
1274 1390 1323 1416 pro
1348 1382 1429 1416 cujus
1450 1381 1637 1416 prosperitate
1661 1390 1745 1416 saepe
1768 1381 1863 1407 divina
1886 1381 2069 1408 celebrarant.
2098 1381 2125 1408 Si

251 1431 407 1458 Trecenses
423 1431 500 1458 cives
516 1431 606 1466 primo
621 1431 711 1457 solum
727 1430 902 1463 dubitabant,
914 1441 927 1454 «
940 1439 974 1457 ne
991 1431 1051 1465 ipsa
1065 1430 1190 1457 Johanna
1201 1439 1256 1457 non
1272 1433 1350 1457 65561
1364 1439 1410 1457 165
1426 1430 1542 1457 veniens
1558 1439 1591 1457 ex
1605 1433 1682 1465 parte
1697 1430 1747 1457 Dei
1766 1441 1789 1463 »,
1801 1432 1827 1456 et
1841 1430 1874 1456 fr.
1888 1430 2042 1457 ltichardus
2059 1430 2123 1457 Ord.

250 1480 314 1506 Min.
331 1488 424 1506 coram
439 1479 487 1506 illa
500 1480 612 1515 signum
628 1480 720 1506 crucis
737 1479 858 1506 faciebat
874 1488 1031 1514 aquamque
1047 1480 1224 1506 benedictam
1241 1480 1407 1515 aspergebat
1427 1480 1454 1509 tl.
1477 1488 1513 1513 c.‚
1533 1488 1559 1514 p.
1580 1481 1649 1513 100),
1666 1482 1740 1506 66116
1756 1479 1882 1514 magistri
1900 1479 1968 1506 satis
1985 1487 2124 1514 superque

249 1529 378 1563 persuasi
398 1529 575 1555 videbantur.
590 1529 716 1562 Accedit,
739 1529 814 1563 quod
836 1537 892 1555 non
915 1529 1091 1564 ignorabant,
1113 1529 1197 1555 istum
1218 1529 1374 1555 Minoritam
1395 1528 1488 1555 statim
1508 1537 1675 1564 praeconem
1690 1528 1832 1555 Johannae
1853 1529 1970 1563 ejusque
1992 1528 2123 1555 comitem

250 1577 352 1604 factum
374 1577 474 1611 fuisse,
497 1580 524 1604 et
543 1578 640 1604 Trecis
661 1577 850 1612 praedicasse,
877 1577 1031 1604 Johannam
1053 1580 1161 1604 secreta
1185 1577 1234 1604 Dei
1258 1577 1331 1604 scire
1356 1580 1385 1604 ut
1405 1577 1524 1612 quilibet
1547 1580 1660 1604 sanctus
1682 1577 1709 1603 in
1732 1577 1874 1612 paradiso,
1897 1579 2122 1612 potestatemque

248 1626 352 1653 habere
366 1626 519 1653 exercitum
538 1627 677 1661 integrum
693 1627 720 1653 in
736 1627 879 1653 civitatem
900 1635 1077 1661 quocumque
1093 1626 1176 1653 modo
1193 1626 1388 1653 introducendi
1410 1628 1509 1653 {Revue
1524 1627 1600 1659 hist„
1620 1627 1663 1659 lV,
1682 1627 1755 1658 342).
1774 1626 1901 1661 Suspicio
1922 1626 2119 1661 magistrorum

248 1675 282 1702 de
301 1675 452 1709 Richardo,
469 1684 552 1710 quem
574 1675 747 1702 Universitas
767 1676 849 1710 paulo
870 1678 951 1702 antea
966 1678 1079 1710 propter
1093 1684 1158 1702 suas
1174 1675 1260 1702 falsas
1278 1675 1440 1711 prophetias
1456 1675 1583 1710 aliosque
1600 1684 1710 1702 errores
1728 1677 1876 1710 persecuta
1892 1677 1935 1702 cst
1949 1675 2017 1710 (vid.
2036 1684 2120 1710 supra

247 1730 277 1750 n⁰
293 1724 384 1759 2322),
402 1724 430 1750 in
445 1724 582 1759 virginem
594 1724 778 1751 redundabat.
795 1724 870 1750 Nihil
885 1725 1002 1759 pronius
1013 1724 1167 1759 magistris,
1182 1733 1263 1759 quam
1278 1733 1467 1759 praesumere,
1479 1724 1632 1750 Johannam
1647 1724 1773 1759 ejusdem
1787 1724 1901 1759 spiritus
1914 1732 1988 1750 esse.
2004 1724 2118 1750 Talibus

247 1773 466 1808 cogitationibus
481 1773 560 1806 moti,
573 1773 699 1808 magistri
712 1773 849 1808 judicium
863 1773 991 1800 ferebant
1003 1774 1037 1800 dc
1051 1773 1178 1808 ejusdem
1194 1773 1307 1806 vexillo,
1319 1784 1331 1797 «
1343 1773 1418 1808 quod
1433 1773 1461 1799 in
1475 1782 1547 1808 equo
1562 1773 1655 1800 ferens
1670 1773 1732 1808 ipsa
1744 1773 1864 1799 mirabili
1875 1784 1900 1806 n,
1915 1775 1944 1799 ut
1961 1773 2117 1805 dicebatur,

247 1822 385 1857 «vigebat
393 1821 540 1854 industria,
555 1830 617 1849 cum
632 1822 786 1848 adversarii
797 1822 886 1849 timidi
897 1822 1097 1849 efficerentur»
1110 1823 1419 1855 (Qfflcrismr,lll,412),
1430 1825 1457 1849 et
1472 1822 1547 1857 quod
1560 1823 1639 1857 juxta
1652 1830 1792 1849 rumorem
1807 1822 1840 1848 fr.
1856 1822 2010 1848 Richardus
2024 1822 2118 1849 Remis

246 1870 357 1897 tenebat
370 1871 402 1906 (l,
422 1870 497 1905 104);
514 1870 548 1897 de
564 1871 758 1906 pannoncellis
775 1873 828 1905 (96,
848 1873 891 1904 98,
910 1873 984 1904 236);
1003 1871 1036 1898 de
1053 1871 1112 1898 ensi
1130 1879 1191 1898 curr.
1208 1871 1330 1906 quinque
1346 1871 1478 1898 crucibus
1496 1873 1558 1903 t77);
1572 1871 1606 1898 de
1623 1871 1733 1897 annulis
1747 1872 1801 1905 (86,
1820 1871 1896 1905 103);
1913 1871 1947 1897 dc
1963 1871 2119 1906 prophetiis

245 1920 307 1955 ejus
323 1919 427 1954 ubique
443 1919 607 1954 divulgatis,
624 1920 726 1954 quibus
748 1921 781 1946 ab
805 1920 896 1955 ipsius
917 1920 1035 1947 asseclis
1056 1920 1138 1947 fidem
1161 1920 1347 1947 adhibendam
1368 1921 1506 1955 exigebat.
1525 1921 1592 1946 Cum
1614 1928 1658 1946 res
1678 1920 1716 1946 ita
1736 1929 1766 1946 56
1784 1920 1909 1952 haberet,
1929 1920 1995 1954 quid
2016 1920 2116 1946 mirum

245 1968 268 1994 si
290 1968 399 1995 virilem
419 1968 561 1995 Johannae
581 1968 706 1995 habitum
727 1969 893 2003 pretiosum,
912 1971 968 1995 tam
990 1969 1133 1996 insolitum
1154 1978 1271 2002 morem,
1291 1969 1492 1996 molestissime
1513 1969 1626 2001 ferrent,
1645 1971 1671 1995 et
1694 1969 1758 1995 inde
1780 1977 1843 1995 cum
1863 1969 1933 1995 duce
1950 1968 2116 1995 Bedfordiae

245 2017 424 2051 (Monstrelet,
442 2017 485 2050 IV,
501 2018 561 2051 341)
579 2020 608 2044 ut
620 2017 766 2044 mulierem
783 2018 996 2053 incompositam
1018 2020 1044 2045 61
1060 2018 1256 2045 immodestam
1270 2027 1331 2045 eam
1349 2018 1492 2045 tenerent?

333 2066 361 2092 Si
377 2066 531 2093 Johannam
550 2069 612 2093 ante
633 2075 759 2094 mensem
783 2067 939 2102 Septembr.
962 2076 1006 2094 an.
1029 2069 1096 2094 1429
1112 2067 1289 2094 Parisienses
1305 2067 1418 2094 nonnisi
1434 2076 1468 2094 ex
1484 2067 1630 2094 intervallo
1647 2069 1673 2094 et
1689 2076 1703 2094 e
1719 2067 1879 2093 rumoribus
1897 2067 2115 2102 cognoscebant,

245 2117 308 2142 tune
324 2123 384 2141 eam
400 2115 517 2150 propius
536 2115 665 2142 viderunt
686 2116 796 2150 quando
817 2119 880 2143 ante
900 2125 996 2143 muros
1014 2117 1103 2143 Paris.
1123 2117 1157 2143 ad
1175 2117 1339 2151 capiendam
1357 2117 1455 2143 urbem
1473 2125 1535 2144 cum
1552 2116 1688 2155 militibus
1706 2116 1828 2142 advenit.
1848 2116 1890 2142 Ad
1909 2116 1935 2142 S.
1950 2116 2115 2150 Dionysium

243 2165 315 2199 Aug.
333 2165 366 2190 25
379 2166 487 2190 morata
502 2164 779 2196 est;1’arlamentum
797 2166 831 2192 ab
847 2166 967 2200 August.
987 2167 1021 2192 26
1042 2166 1141 2193 timore
1162 2166 1297 2192 tumultus
1319 2166 1543 2200 suspendebatur
1559 2166 1636 2196 (Sim.
1661 2165 1743 2197 Lces,
1763 2166 1868 2191 Jeanne
1889 2165 1982 2197 cl'Arc,
2006 2173 2032 2199 p.
2052 2166 2113 2198 252,

243 2218 273 2238 110
284 2212 357 2247 221).
370 2213 444 2239 Varii
461 2221 562 2239 sensus
576 2213 827 2241 deJ011annatune
843 2215 1012 2249 serpebant:
1028 2215 1055 2241 in
1069 2223 1102 2241 ea
1112 2215 1184 2241 sicut
1195 2215 1222 2241 in
1235 2216 1293 2241 Deo
1308 2214 1448 2242 confidere
1461 2215 1522 2250 ejus
1536 2214 1660 2241 asseclas
1674 2214 1768 2248 (Arch.
1786 2216 1854 2247 nat.,
1872 2214 1912 2239 LL
1927 2215 1985 2246 113,
2001 2222 2026 2248 p.
2044 2215 2113 2248 173),

243 2261 288 2296 qui
306 2263 373 2296 quot
388 2270 524 2296 personas
537 2262 682 2296 utriusque
699 2271 784 2289 sexus
798 2263 983 2297 invenissent,
997 2266 1036 2290 tot
1053 2264 1207 2291 interficere
1221 2265 1383 2299 juraverant
1397 2264 1498 2297 1111111)
1514 2264 1600 2294 Quam
1615 2263 1727 2298 quidem
1743 2265 1805 2289 ante
1819 2271 1914 2289 muros
1929 2271 1959 2288 56
1973 2262 2114 2289 audivisse

242 2310 462 2345 praetendebant
478 2311 679 2338 exclamantem
694 2321 700 2339 ε
718 2323 731 2336 «
749 2312 960 2345 Rendez—vous3
978 2322 1008 2340 se
1024 2322 1095 2339 vous
1111 2321 1146 2339 06
1162 2322 1232 2340 vous
1249 2313 1359 2346 rendez,
1374 2321 1445 2339 nous
1460 2321 1477 2347 y
1493 2315 1639 2339 cntrerons
1655 2320 1704 2347 par
1720 2312 1795 2338 force
1812 2314 1839 2338 et
1858 2314 1919 2338 tous
1937 2319 2014 2338 serez
2029 2311 2083 2337 mis
2099 2312 2114 2338 'a

241 2361 313 2385 mort
329 2367 394 2385 sans
410 2367 504 2394 mercy
518 2370 532 2384 »
550 2361 658 2394 (Journ.
674 2361 741 2387 d'un
755 2361 909 2395 bourqeois,
926 2370 953 2396 p.
969 2363 1041 2396 245),
1056 2362 1130 2389 unde
1145 2362 1224 2388 multi
1238 2362 1415 2389 Parisienses
1431 2362 1456 2388 ei
1473 2361 1577 2388 rumori
1593 2361 1685 2396 potius
1699 2369 1792 2387 aurem
1810 2360 1990 2395 praebebant,
2008 2371 2020 2383 «
2038 2360 2113 2395 quod

242 2410 300 2434 erat
317 2407 433 2434 intentio
450 2408 541 2434 Caroli
564 2409 709 2443 redigendi
730 2409 764 2436 ad
785 2412 905 2437 aratrum
926 2411 1023 2437 urbem
1043 2411 1132 2438 Paris.
1159 2410 1403 2438 christianissimis
1428 2410 1538 2437 civibus
1560 2410 1712 2436 habitatam
1732 2420 1744 2433 »
1766 2409 1858 2439 (Arch.
1875 2411 1943 2441 nat.,
1963 2409 2013 2435 ΧΗ·
2035 2410 2111 2441 1481,

242 2456 290 2482 fol.
308 2456 375 2489 181³),
393 2465 475 2491 quam
492 2457 582 2483 Caroli
599 2457 699 2484 litteris
716 2458 878 2485 abolitionis
895 2459 949 2485 sibi
966 2460 1072 2486 missis.
1089 2461 1123 2486 At
1140 2460 1167 2486 id
1181 2460 1345 2494 praesertim
1362 2459 1502 2486 Johannae
1520 2459 1767 2493 exprobraverunt,
1784 2458 1858 2492 quod
1873 2461 1968 2484 contra
1985 2458 2111 2484 Parisios

242 2505 362 2540 impetus
386 2505 414 2531 in
434 2506 532 2541 vigilia
552 2508 578 2532 et
603 2506 724 2533 vividior
754 2507 782 2533 in
813 2508 886 2534 sesto
908 2509 1068 2535 Nativitatis
1093 2509 1122 2535 B.
1148 2509 1250 2535 Mariae
1270 2509 1359 2542 ficret,
1386 2509 1430 2535 vel
1459 2508 1612 2534 secundum
1635 2507 1795 2542 opinionem
1822 2507 2024 2533 Parisiensium
2050 2507 2111 2542 ipsa

243 2554 300 2581 lieri
315 2554 459 2589 jussisset.
478 2555 600 2590 Tempus
617 2558 741 2590 tempore
758 2557 962 2591 expediendum
980 2560 1032 2591 est,
1048 2561 1076 2584 ut
1089 2558 1146 2593 jam
1162 2558 1387 2591 observavimus,
1404 2566 1459 2584 non
1475 2560 1587 2583 nostrae
1604 2557 1704 2583 aetatis
1723 2556 1864 2583 sensibus.
1883 2556 2007 2590 Magistri
2028 2555 2109 2591 paulo

241 2605 322 2629 antea
336 2604 391 2637 (an.
417 2604 492 2636 1426)
514 2604 722 2638 propositiones
742 2605 776 2631 de
796 2605 982 2633 observandis
1002 2607 1081 2633 festis
1102 2607 1226 2633 fecerant
1246 2607 1398 2640 multisque
1420 2606 1626 2641 exemplaribus
1646 2605 1836 2640 vulgaverant,
1855 2605 1986 2639 idemque
2006 2605 2110 2631 fecerat

240 2652 311 2678 alius
327 2652 508 2685 ParisiensiS,
526 2655 591 2680 tunc
605 2653 793 2687 Coloniensis,
811 2655 947 2681 Henricus
961 2655 995 2682 de
1010 2655 1176 2682 Gorinchem
1193 2656 1240 2691 (cf.
1258 2662 1288 2681 n0
1305 2657 1394 2690 2283).
1413 2656 1483 2681 Sane
1500 2657 1556 2681 tum
1572 2654 1749 2681 Parisienses
1761 2653 1902 2689 Anglique
1917 2662 2006 2688 paene
2019 2654 2110 2689 magis

239 2700 300 2735 pios
319 2709 401 2735 quam
415 2701 541 2727 Johanna
556 2710 587 2728 se
603 2701 782 2735 exhibebant,
800 2704 1032 2738 processionibus
1046 2704 1073 2730 in
1089 2704 1222 2731 honorem
1240 2705 1269 2730 B.
1285 2704 1408 2739 Virginis
1424 2703 1511 2730 dediti
1526 2704 1553 2729 in
1568 2703 1665 2738 vigilia
1681 2703 1756 2736 festi,
1774 2705 1802 2729 ut
1820 2711 1853 2729 ex
1868 2702 1998 2729 hostibus
2013 2711 2111 2729 serva-

239 2752 343 2783 rentur,
362 2753 581 2784 reputantesque
599 2750 763 2784 Johannam,
780 2754 810 2778 ut
825 2753 919 2786 quivis
937 2761 1002 2780 vere
1023 2753 1204 2785 christianus,
1225 2754 1325 2779 festum
1343 2753 1467 2779 solemne
1487 2752 1632 2779 colituram
1650 2755 1676 2779 et
1694 2752 1728 2778 ab
1744 2751 1951 2787 oppugnatione
1971 2751 2016 2778 die
2036 2751 2108 2778 festo

238 2798 291 2825 sibi
308 2801 533 2834 temperaturam,
551 2808 613 2826 cum
634 2808 690 2826 non
711 2803 822 2835 urgeret
837 2802 1004 2829 necessitas.
1021 2802 1133 2829 Minime
1152 2810 1229 2828 vere.
1247 2804 1282 2828 At
1302 2802 1329 2828 in
1348 2802 1437 2828 oculis
1457 2801 1657 2828 Parisiensium
1678 2809 1693 2827 a
1706 2802 1764 2827 Deo
1785 2801 1882 2836 punita
1902 2800 1964 2827 suit.
1986 2801 2014 2827 ln
2035 2800 2107 2827 festo

239 2847 268 2874 B.
293 2847 394 2874 Mariae
418 2848 518 2874 vulnus
544 2849 666 2883 accepit3
693 2849 742 2876 sed
766 2858 922 2885 quanquam
950 2853 1014 2885 post
1043 2854 1186 2886 acceptum
1216 2851 1317 2877 vulnus
1346 2850 1505 2877 Aurelianis
1530 2850 1631 2877 victrix
1658 2850 1841 2876 nihilominus
1866 2849 1966 2883 suerat,
1991 2849 2108 2876 Parisiis

239 2896 396 2930 succubuit,
413 2906 475 2923 cum
493 2898 616 2924 exercitu
633 2898 710 2925 abire
726 2901 831 2932 coacta,
848 2899 943 2925 multis
959 2908 972 2926 e
990 2900 1049 2925 suis
1065 2900 1258 2932 bellatoribus,
1274 2902 1303 2926 ut
1318 2899 1523 2935 divulgabatur,
1542 2899 1655 2932 occisis,
1675 2908 1756 2933 quos,
1776 2901 1804 2925 ut
1819 2898 1958 2931 dicebant,
1976 2899 2109 2925 combus-
