2502 3418
245 338 336 374 1412]
591 351 637 373 ΑΒ
672 352 777 373 ANNo
813 351 1102 374 MCCCLxxxxiv
1136 351 1268 379 USQUE
1300 352 1347 373 An
1382 352 1520 373 ANNUM
1557 353 1761 375 neccetn.
2046 347 2110 378 225

238 426 273 457 in
295 425 374 469 ipso
397 424 517 457 studio
539 431 622 469 post
642 425 904 470 magisterium,
924 425 1029 457 liceat
1049 424 1167 457 bullas
1190 425 1363 469 expedire
1387 425 1431 457 ad
1453 425 1649 470 dignitates
1673 427 1706 458 in
1733 428 1900 460 ecclesiis
1925 429 2110 462 cathedra-

238 491 347 526 libus,
371 491 400 523 si
422 491 465 523 ad
487 491 682 535 dignitates
705 492 898 536 petiverint
919 492 955 524 in
978 491 1310 536 supplicationibus
1334 492 1560 524 eorumdem.

328 572 343 588 «
368 559 453 590 Item
481 557 596 590 voluit
620 557 716 590 idem
743 558 913 590 dominus
939 564 1065 590 noster
1091 564 1127 590 et
1147 557 1329 590 ordinavit
1353 558 1452 602 quod
1473 558 1503 590 si
1530 558 1636 590 alicui
1664 566 1723 591 aut
1748 559 1931 604 aliquibus
1958 573 2020 605 per
2048 562 2111 593 im-

239 624 495 669 portunitatem
517 624 716 668 petentium
740 631 801 657 aut
821 624 908 657 alias
934 624 1161 657 concesserit
1181 624 1239 657 vel
1265 624 1301 656 in
1322 624 1481 656 futurum
1508 625 1729 658 concederet
1756 627 2017 671 prerogativam
2047 640 2108 659 seu

238 691 434 723 clausulam
459 691 727 735 derogatoriam
745 690 813 723 sub
833 691 960 735 quavis
980 691 1095 723 forma
1110 690 1319 732 verborum,
1338 702 1403 735 per
1423 703 1527 735 quam
1547 691 1584 723 in
1606 691 1727 736 aliquo
1748 693 1987 736 prejudicium
2007 705 2113 738 genc-

240 764 378 790 raretur
398 757 455 790 vel
480 757 649 802 derogari
671 764 795 802 posset
817 757 1029 790 doctoribus
1051 764 1086 790 et
1106 757 1291 802 magistris
1313 758 1449 802 prefate
1474 758 1730 791 Universitatis
1758 759 1870 791 studii
1895 760 2112 792 Parisiensis

238 836 302 856 seu
330 823 437 856 alicui
459 835 502 856 ex
532 824 597 863 eis,
627 824 670 856 ad
700 836 792 868 quos
817 824 1024 857 extenditur
1049 824 1292 869 prerogativa,
1321 836 1385 868 per
1416 836 1520 869 quam
1551 825 1736 857 concessit
1763 832 1801 858 ut
1828 826 1970 870 priores
1998 827 2050 858 eis
2076 827 2110 858 in

237 890 329 930 data,
352 890 461 922 certis
482 890 651 935 personis
675 891 849 935 exceptis,
873 903 946 923 non
971 891 1220 935 prejudicetur
1245 890 1331 931 illis,
1360 890 1498 923 nullum
1528 891 1770 935 prejudicium
1795 892 1847 924 eis
1874 892 2002 925 afferre
2029 905 2112 937 pos-

238 957 310 989 sint
331 969 396 989 nec
416 956 570 998 valeant,
595 957 660 990 sed
682 957 800 1001 quoad
822 958 922 1002 ipsos
944 958 1017 990 sint
1037 957 1117 1002 ipso
1138 958 1230 990 facto
1253 969 1357 990 casse
1380 964 1414 990 et
1436 957 1554 991 irrite.

327 1038 343 1054 (t
365 1025 453 1056 Item
475 1023 589 1057 voluit
609 1023 797 1057 observari
818 1024 855 1056 in
877 1024 1004 1069 gratiis
1025 1036 1090 1069 per
1113 1024 1232 1068 ipsum
1254 1024 1442 1056 concessis
1465 1031 1499 1056 et
1521 1025 1625 1056 etiam
1649 1025 1897 1058 concedendis
1923 1025 2113 1069 quibusvis

237 1091 406 1135 personis
432 1091 476 1123 de
497 1090 664 1135 pluribus
685 1090 876 1123 beneficiis
902 1091 1144 1135 assequendis
1169 1091 1206 1122 in
1228 1102 1298 1123 una
1319 1091 1476 1131 civitate,
1501 1091 1640 1123 diocesi
1663 1091 1719 1123 vel
1744 1092 1930 1136 provincia
1957 1099 2016 1125 aut
2040 1092 2114 1137 plu-

236 1157 349 1198 ribus,
370 1158 446 1190 sive
467 1157 511 1190 ad
531 1157 689 1202 plurium
711 1157 925 1190 collationes
947 1169 1064 1202 usque
1084 1157 1129 1190 ad
1146 1164 1279 1190 certam
1297 1164 1411 1190 taxam
1429 1157 1505 1190 sive
1523 1157 1697 1198 valorem,
1716 1159 1855 1191 etiamsi
1878 1159 1922 1191 de
1945 1160 2114 1203 personis

237 1225 273 1256 in
295 1224 523 1269 prerogativa
545 1224 652 1257 dictis
674 1225 718 1257 de
741 1224 984 1258 Universitate
1005 1236 1180 1257 concessa
1203 1225 1376 1269 exceptis,
1401 1224 1497 1268 quod
1521 1236 1584 1268 per
1611 1224 1677 1257 hoc
1706 1225 1844 1257 nullum
1873 1226 2112 1270 prejudicium

237 1291 290 1323 eis
317 1303 382 1323 nec
409 1291 512 1324 alteri
540 1291 702 1336 ipsorum
733 1298 943 1336 generetur,
970 1291 1089 1324 autin
1111 1291 1233 1335 aliquo
1262 1291 1473 1336 derogetur,
1502 1291 1572 1324 nisi
1606 1291 1725 1336 quoad
1754 1304 1864 1324 unum
1894 1292 2111 1325 beneficium

240 1364 388 1398 tantum,
416 1358 447 1390 si
477 1358 521 1390 de
552 1358 721 1402 personis
751 1358 911 1402 exceptis
939 1358 1093 1399 suerint3
1117 1358 1344 1399 canonicatu,
1376 1357 1575 1402 prebenda,
1610 1358 1799 1402 dignitate,
1833 1366 2028 1403 personatu
2056 1359 2111 1392 vel

238 1424 356 1457 officio
378 1425 414 1456 in
438 1425 561 1457 eadem
585 1424 738 1457 ecclesia
760 1436 825 1469 pro
848 1437 919 1457 uno
943 1424 1122 1457 beneficio
1147 1425 1377 1469 computatis.
1398 1438 1413 1454 »

328 1491 496 1524 Ceterum
523 1491 706 1533 volumus,
731 1499 764 1524 et
785 1491 983 1536 apostolica
1008 1492 1220 1524 auctoritate
1242 1491 1482 1532 declaramus,
1506 1492 1603 1536 quod
1626 1498 1817 1536 presentes
1839 1491 1943 1524 litere
1966 1492 2009 1524 ad
2034 1505 2116 1537 pro—

238 1558 394 1590 bandum
417 1558 523 1603 plene
548 1558 826 1597 declarationes,
849 1559 1110 1603 prerogativas,
1133 1559 1429 1599 constitutiones,
1452 1558 1704 1591 ordinationes
1731 1571 1769 1591 ac
1798 1565 1928 1591 statuta
1956 1559 2115 1603 predicta

238 1624 373 1670 ubique
395 1625 586 1665 sussiciant,
605 1637 671 1657 1160
687 1625 784 1657 adid
802 1624 1027 1669 probationis
1049 1625 1199 1657 alterius
1221 1625 1481 1657 adminiculum
1504 1626 1726 1670 requiratur.
1747 1626 1987 1658 Decernimus
2009 1626 2113 1658 eliam

240 1703 283 1724 ex
308 1704 403 1724 nunc
430 1692 571 1724 irritum
598 1698 633 1724 et
657 1692 776 1733 inane,
804 1692 979 1736 quicquid
1004 1692 1040 1724 in
1067 1698 1170 1724 antea
1194 1698 1318 1724 contra
1345 1691 1623 1733 declarationes,
1656 1692 1917 1736 prerogativas,
1944 1693 2116 1725 constitu-

240 1759 370 1799 tiones,
393 1758 643 1791 ordinationes
669 1771 708 1791 110
734 1765 864 1791 statuta
885 1758 1095 1802 hujusmodi
1121 1771 1139 1791 a
1165 1771 1346 1803 quoquam
1369 1759 1496 1803 quavis
1517 1759 1729 1791 auctoritate
1754 1759 1912 1791 scienter
1934 1759 1990 1791 vel
2013 1759 2116 1804 igno-

240 1832 360 1857 ranter
381 1825 576 1869 contigerit
596 1826 811 1870 attemptari.
835 1825 932 1857 Nulli
954 1837 1057 1870 ergo,
1078 1831 1144 1859 etc.

330 1893 456 1924 Datum
480 1893 590 1923 Rome
611 1892 705 1936 apud
727 1892 895 1924 Sanctum
922 1893 1066 1924 Petrum
1087 1892 1134 1936 vij
1157 1892 1205 1924 id.
1228 1892 1402 1934 Januarii,
1425 1892 1657 1937 pontificatus
1683 1893 1798 1924 nostri
1820 1904 1914 1925 1111110
1937 1893 2111 1925 secundo.

333 1989 468 2020 Originalc
487 1989 514 2011 in
529 1989 674 2020 Archssnat.
689 1989 783 2014 Paris..
798 1990 815 2012 L
830 1990 884 2015 318.
903 1994 932 2012 110
947 1991 969 2012 li.
986 1990 1061 2012 Bulla
1076 1990 1201 2020 plumbea
1217 1990 1269 2012 filis
1286 1990 1378 2012 sericis
1395 1989 1470 2012 rubei
1487 1993 1512 2012 et
1529 1990 1590 2012 ssavi
1606 1990 1701 2012 coloris
1720 1989 1889 2020 appenditur.
1908 1990 1997 2014 Infra:
2014 2000 2026 2011 «
2044 1990 2070 2013 F.
2083 1991 2113 2012 dc

239 2034 447 2065 Montepolitian.
463 2043 486 2057 n.
504 2035 588 2064 Super
598 2034 696 2065 plicam
713 2042 718 2056 ⁴.
735 2044 747 2055 α
764 2034 851 2058 Gratis
868 2035 899 2057 de
915 2034 1038 2057 mandato
1054 2034 1124 2057 (10111.
1141 2034 1224 2057 nostri
1242 2043 1319 2065 pape.
1337 2035 1365 2057 B.
1383 2035 1414 2057 de
1429 2034 1651 2065 Montepoliciano
1669 2044 1692 2058 n.
1707 2036 1726 2057 A
1741 2037 1816 2065 tergo
1831 2043 1835 2057 z
1853 2034 1886 2062 Bi.
1906 2048 1937 2052 —
1956 2035 2032 2057 Bulla
2051 2035 2112 2057 Uni>

239 2078 357 2102 versitati
375 2087 456 2109 supra
471 2078 642 2109 prerogativa
653 2079 736 2110 quinti
753 2079 867 2102 articuli.
881 2080 1014 2101 »—-Anno
1031 2079 1122 2102 eodem
1136 2079 1205 2105 1412.
1221 2079 1313 2102 00101).
1324 2078 1490 2107 23,οὣ0111115
1503 2079 1597 2107 Paris„
1610 2087 1699 2102 coram
1716 2088 1766 2110 quo
1779 2087 1850 2110 mag.
1862 2079 2013 2102 Dominicus
2031 2080 2113 2102 Fran-

238 2123 311 2155 cisci,
328 2126 413 2146 rector
429 2123 624 2151 Uuiversitatis,
641 2124 799 2154 comparuit,
812 2124 880 2146 hanc
894 2123 1022 2146 ,lobannis
1039 2124 1149 2152 bullam,
1166 2124 1315 2155 requirente
1334 2127 1443 2152 rectore,
1460 2124 1603 2146 transcribi
1622 2127 1647 2147 et
1665 2134 1678 2145 «
1694 2124 1838 2155 exemplari
1855 2134 1868 2145 υ
1884 2124 2020 2147 mandavit
2034 2132 2111 2154 prae-

240 2168 357 2190 sentibus
374 2167 510 2198 magistris
524 2168 643 2191 Johanne
663 2168 776 2191 Mathiae
794 2168 819 2190 in
840 2169 929 2198 theol„
946 2168 1065 2191 Johanne
1085 2169 1115 2191 de
1130 2168 1269 2191 Villanova
1285 2168 1310 2191 111
1331 2169 1427 2192 decret.
1446 2169 1609 2193 doctoribus.
1630 2169 1711 2192 Guill.
1732 2169 1845 2192 Graterii
1868 2172 1892 2191 01
1912 2169 1987 2191 Petro
2005 2169 2111 2199 Joscph,

239 2215 344 2235 cantore
361 2212 490 2242 Remensi‚
503 2212 666 2243 jurisperitis
683 2216 708 2235 et
724 2213 860 2236 advocatis
877 2213 903 2235 in
923 2213 996 2235 curia
1010 2213 1104 2241 Paris.‚
1119 2213 1261 2236 Guillelmo
1276 2213 1419 2242 Rousselli,
1438 2221 1508 2243 mag.
1525 2213 1551 2235 in
1571 2217 1622 2236 art.
1637 2216 1661 2236 et
1675 2213 1732 2236 bac.
1750 2213 1776 2235 in
1793 2213 1884 2242 theol..
1900 2213 1959 2236 Juh.
1978 2213 2112 2236 Bourilleti

240 2265 285 2279 5011
298 2257 439 2286 Francisci,
455 2257 481 2279 111
497 2257 567 2280 decr.
581 2257 680 2286 licent..
698 2257 816 2280 thesaur.
834 2258 988 2287 Senonens.,
1005 2258 1030 2280 in
1043 2261 1093 2281 art.
1109 2266 1189 2288 mag..
1206 2257 1315 2280 Parisiis
1332 2258 1560 2280 commorantibus
1576 2258 1662 2288 (nun,
1679 2258 1708 2282 V.
1723 2258 1776 2286 229,
1792 2266 1804 2280 0
1821 2258 1866 2280 lib.
1884 2261 1937 2281 nat.
1954 2257 2076 2286 Picard.).

318 2302 404 2331 Supra
424 2309 450 2331 p.
467 2302 520 2331 187,
540 2304 592 2324 not.
610 2302 631 2329 1,
647 2301 837 2332 explicavimus
860 2302 923 2333 quid
944 2302 978 2325 sit
997 2302 1115 2333 quintus
1131 2302 1283 2326 articulus.
1307 2302 1374 2329 Quia
1395 2311 1466 2333 papa
1488 2302 1569 2325 istum
1593 2302 1735 2324 articulum
1754 2310 1821 2324 nuuc
1837 2302 1953 2332 primum
1969 2302 2018 2324 51111
2039 2301 2111 2324 11111111

238 2345 363 2375 plumbea
378 2345 553 2374 confirmavit,
569 2345 673 2376 integra
690 2346 763 2368 bulla
779 2354 838 2369 cum
853 2346 913 2369 aliis
931 2346 1079 2377 privilegiis
1095 2346 1120 2369 in
1139 2346 1185 2369 illa
1201 2347 1329 2369 contentis
1348 2355 1359 2369 «
1374 2346 1486 2374 Quintus
1508 2346 1637 2369 articulus
1660 2346 1807 2377 vulgariter
1823 2349 1973 2376 nuncupata
1989 2349 2029 2368 est
2045 2354 2066 2371 ».
2086 2351 2113 2368 ut

239 2389 340 2412 eruitur
355 2398 367 2411 6
388 2389 482 2412 litteris
504 2389 591 2412 Caroli
607 2390 639 2412 Vl
655 2398 698 2413 an.
713 2390 781 2420 1413,
801 2391 854 2413 Jul.
874 2392 887 2413 6
907 2391 986 2420 (infra
1002 2391 1125 2420 1101982),
1143 2394 1168 2414 et
1183 2399 1225 2414 an.
1242 2391 1303 2413 ‘1415
1324 2399 1394 2422 mag.
1410 2391 1486 2421 Ilugo
1504 2391 1621 2413 Vidalete
1637 2391 1662 2413 in
1678 2391 1844 2421 pai-lamento
1867 2390 1986 2413 recitavit
2003 2391 2058 2418 (Xla
2073 2391 2112 2418 61,

241 2434 285 2456 sol.
306 2434 367 2463 92¹¹).
387 2435 420 2457 Ut
441 2434 465 2456 111
488 2434 642 2457 documento
666 2439 694 2456 n⁰
715 2435 783 2465 1925,
806 2435 843 2457 sic
865 2435 943 2458 etiam
967 2436 993 2458 in
1013 2435 1071 2465 hoc,
1092 2435 1118 2457 in
1137 2436 1187 2458 fine
1211 2446 1223 2456 α
1238 2435 1323 2466 quinti
1343 2435 1447 2458 articuli
1465 2444 1485 2463 »‚
1506 2435 1632 2458 scribitur
1649 2443 1653 2457 ·.
1672 2444 1682 2457 <‹
1700 2437 1723 2457 ct
1747 2434 1884 2465 quibusvis
1907 2434 1966 2456 aliis
1991 2434 2111 2464 personis

241 2479 361 2509 superius
378 2478 509 2509 expressis
523 2489 544 2506 n,
563 2478 630 2501 sicut
643 2478 721 2501 etiam
737 2479 804 2501 infra
818 2483 846 2501 n⁰
860 2480 932 2507 1971;
949 2480 1081 2510 particula
1097 2479 1198 2502 scilicet
1213 2480 1335 2510 negativa
1350 2487 1410 2504 non
1426 2480 1522 2510 ubique
1539 2480 1611 2502 deest
1623 2483 1682 2502 aute
1701 2488 1710 2501 (1
1724 2479 1857 2509 expressis
1870 2487 1892 2501 ».

333 2563 356 2587 1.
374 2563 446 2586 Sicut
461 2563 509 2586 1100
524 2563 603 2586 01111111
619 2566 736 2594 tempore
751 2564 854 2587 Martini
872 2565 890 2586 Υ
906 2566 1003 2587 sactum
1019 2568 1059 2587 est
1075 2573 1079 2587 :
1101 2572 1111 2587 (‹
1127 2565 1241 2587 Ponatur
1257 2565 1282 2586 in
1298 2564 1367 2587 libro
1383 2564 1540 2586 cancellarie
1557 2573 1578 2591 »,
1592 2568 1639 2587 etc.
1658 2563 1697 2586 Cf.
1712 2563 1885 2591 OTTENTHAL,
1904 2563 2028 2593 Reyulae
2042 2569 2112 2586 can—

241 2608 378 2636 cellariae,
395 2617 422 2639 p.
438 2608 482 2631 109
500 2616 538 2638 sq.

366 2952 429 2969 *Mb
446 2950 543 2974 Ghart.
565 2949 644 2973 Univ.
664 2950 756 2974 Paris.
776 2950 815 2972 tv.
1961 2949 1990 2971 29
