2502 3418
297 310 393 346 1451]
641 326 687 347 AB
723 326 829 348 anno
864 326 1154 348 mcchxxxxiv
1184 326 1316 354 usqua
1353 327 1400 347 AD
1434 326 1572 348 Annum
1608 327 1813 349 mccccmi.
2096 318 2160 350 703

293 439 438 477 2671.
461 450 598 476 Facultas
621 451 781 478 medicinae
804 451 949 478 concludit
973 452 1049 488 quod
1071 461 1166 479 omnes
1188 452 1235 478 sui
1257 452 1405 478 scholares
1430 452 1459 478 in
1478 461 1589 488 papyro
1605 452 1759 486 facultatis
1781 452 1935 487 quotannis
1952 452 2155 478 inscribantur.

382 499 504 525 Nomina
519 499 703 526 scholarium.

1514 538 1584 567 7451,
1599 538 1687 564 Martii
1696 539 1741 567 27,
1758 537 1873 564 Parisiis.

381 615 446 648 Die
474 615 612 649 sabbati
641 616 757 661 xxvij²
789 617 926 650 mensis
957 618 1083 650 Marcii
1114 618 1182 651 fuit
1215 618 1430 651 solemniter
1460 617 1609 650 facultas
1640 617 1819 649 medicine
1853 623 2046 650 convocata
2078 629 2156 649 cum

291 681 420 714 cedula
442 694 507 727 per
526 683 772 727 juramentum
800 684 837 716 in
860 685 894 717 S.
922 685 1104 718 Maturino
1130 686 1174 718 ad
1201 685 1478 718 deliberandum
1508 691 1543 717 ct
1568 684 1860 717 concludendum
1888 696 1999 728 super
2029 684 2159 715 inscri-

290 748 415 793 ptione
441 749 725 783 baecalariorum
753 757 788 783 et
813 751 1007 784 scolarium
1038 752 1075 785 in
1100 753 1263 797 predicta
1289 752 1457 786 facultate
1488 752 1713 785 studentium
1741 757 1776 784 et
1802 751 1839 783 in
1867 751 1961 783 dieta
1990 750 2158 783 facultate

290 822 433 860 tempus
448 817 638 861 acquirere
654 817 868 860 volentium,
885 830 1028 852 necnon
1046 820 1139 852 etad
1156 820 1433 853 deliberandum
1451 831 1562 864 super
1577 825 1655 852 cota
1672 818 1847 851 solvenda
1865 830 1929 862 pro
1946 817 2157 862 hujusmodi

289 882 531 928 inscriptione
549 890 584 916 et
603 896 669 929 pro
692 896 837 918 suarum
860 886 1070 919 cedularum
1093 887 1318 931 sigillatione
1402 887 1560 919 Primum
1584 898 1653 931 ego
1675 885 1816 918 narravi
1839 884 1995 929 qualiter
2016 885 2052 916 in
2073 896 2158 916 con-

289 950 575 995 gregacionibus
605 951 693 984 alias
720 952 825 985 sactis
852 965 917 997 pro
948 953 1141 986 statuendo
1172 965 1284 998 super
1313 953 1498 986 habitibus
1528 953 1707 986 habendis
1736 952 1772 984 in
1799 950 2157 997 congregacionibus

289 1017 546 1051 Universitatis
572 1025 607 1051 et
631 1031 742 1064 super
768 1019 1092 1054 distributionibus
1119 1021 1356 1066 recipiendis,
1379 1021 1518 1066 pluries
1544 1020 1705 1053 habitum
1731 1020 1849 1052 fuerat
1873 1018 2023 1051 verbum
2047 1029 2158 1062 super

288 1083 500 1129 hujusmodi
521 1085 762 1131 inscriptione
783 1087 860 1120 sive
881 1087 1200 1133 inregistracione‚
1225 1088 1271 1121 ita
1294 1088 1391 1133 quod
1412 1087 1603 1121 videbatur
1624 1086 1795 1119 omnibus
1817 1098 1898 1119 esse
1920 1085 2008 1118 utile
2026 1092 2060 1118 et
2077 1096 2156 1117 nec-

289 1152 486 1185 cessarium
505 1164 570 1197 pro
588 1152 684 1186 bono
702 1160 736 1187 et
751 1154 904 1187 utilitate
921 1154 1101 1188 facultatis
1123 1161 1158 1188 et
1179 1155 1223 1188 ad
1245 1155 1430 1188 evitandas
1447 1155 1593 1187 fraudes
1611 1161 1646 1187 et
1661 1154 1822 1186 malicias
1843 1159 2074 1198 emergentes
2092 1164 2155 1184 seu

288 1225 456 1264 potentes
479 1220 618 1265 emergi
639 1220 676 1253 in
697 1221 891 1266 adeptione
914 1222 1090 1267 temporis
1111 1222 1148 1255 in
1171 1222 1265 1255 dicta
1286 1222 1469 1263 facultate,
1492 1221 1588 1266 quod
1611 1221 1781 1254 decctcro
1803 1219 1995 1253 baccalarii
2016 1225 2051 1251 et
2076 1231 2156 1251 sco-

287 1285 383 1319 lares
409 1286 577 1320 volentes
605 1294 747 1333 tempus
780 1288 817 1320 in
847 1288 941 1322 dicta
971 1289 1037 1322 fac.
1074 1289 1263 1334 acquirere
1294 1289 1453 1333 singulis
1483 1289 1587 1321 annis
1619 1295 1700 1321 ante
1729 1288 1946 1332 principium
1980 1286 2155 1319 ordinarii

286 1352 578 1386 inscriberentur
608 1354 684 1388 sive
717 1354 1046 1400 inregistrarentur
1075 1356 1111 1388 in
1140 1356 1267 1401 papiro
1292 1355 1473 1388 facultatis
1564 1354 1756 1398 [Facultas
1785 1354 2004 1387 unanimiter
2029 1351 2156 1386 delibe-

286 1420 406 1463 ravit]
422 1427 458 1453 et
477 1421 575 1465 quod
591 1421 747 1466 quilibet
762 1422 924 1456 solveret
945 1423 1038 1456 duos
1060 1423 1200 1456 solidos
1222 1423 1333 1468 paris.
1351 1423 1395 1456 ad
1417 1422 1666 1468 supportanda
1687 1421 1823 1454 honera
1844 1421 1939 1453 dicte
1960 1420 2152 1453 facultatis.

286 1487 392 1530 Quod
414 1488 445 1520 si
465 1488 613 1521 minime
634 1489 807 1531 facerent,
825 1489 971 1523 volebat
991 1490 1090 1535 quod
1111 1490 1224 1523 nichil
1246 1491 1299 1523 eis
1321 1496 1592 1535 computaretur
1614 1489 1658 1522 de
1680 1496 1843 1533 tempore
1861 1500 1925 1521 sue
1943 1487 2152 1520 auditionis.

285 1554 410 1588 Voluit
438 1555 591 1600 insuper
618 1556 728 1600 quod,
761 1557 1065 1601 quemadmodum
1097 1557 1251 1590 habetur
1279 1557 1316 1590 in
1349 1557 1505 1598 statutis,
1536 1563 1604 1589 tam
1634 1555 1823 1589 baccalarii
1858 1566 1963 1599 quam
1994 1553 2154 1587 scolares

285 1628 366 1654 ante
387 1622 518 1655 festum
542 1622 712 1656 Omnium
735 1624 949 1657 Sanctorum
970 1624 1119 1658 veniant
1139 1625 1182 1657 ad
1204 1625 1379 1657 decanum
1402 1624 1446 1657 ad
1468 1623 1703 1668 sigillandum
1727 1634 1811 1655 suas
1834 1621 1981 1654 cedulas
2003 1621 2047 1653 de
2069 1627 2153 1653 tem-

285 1701 374 1734 pore
395 1689 526 1735 adepto
548 1696 583 1723 et
604 1690 702 1735 quod
722 1702 787 1735 pro
809 1690 1021 1736 hujusmodi
1049 1691 1300 1737 sigillaccione
1322 1691 1477 1736 quilibet
1496 1691 1657 1724 solveret
1678 1690 1814 1723 decano
1837 1695 1990 1734 quatuor
2012 1687 2152 1720 solidos

285 1768 379 1801 par.;
403 1757 501 1802 quod
522 1757 553 1790 si
579 1769 652 1790 non
677 1758 843 1800 fecerint7
867 1758 944 1792 vult
968 1758 1119 1792 facultas
1147 1759 1244 1804 quod
1270 1771 1343 1792 non
1371 1759 1527 1804 amplius
1554 1757 1777 1803 sigillentur,
1800 1756 1871 1789 nisi
1897 1767 1977 1788 cum
2004 1755 2152 1800 dispen-

287 1824 434 1857 sacione
456 1824 650 1858 facultatis.
692 1857 694 1859 ,

373 1892 583 1937 Sequuntur
603 1893 748 1926 nomina
769 1893 1053 1926 baccalariorum
1077 1899 1111 1926 et
1132 1893 1326 1926 scolarium
1349 1893 1666 1938 inregistratorum
1689 1892 1726 1924 in
1747 1891 1872 1936 papiro
1890 1888 2069 1922 facultatis
2086 1899 2150 1933 pro

283 1971 377 1992 anno
399 1959 543 1992 Domini
566 1960 760 1993 millesimo
782 1961 942 1994 CCCC¹¹¹⁰
963 1960 1268 2005 quinquagesimo
1290 1960 1419 2005 primo.

609 2051 734 2078 Ναιίοηίε
750 2052 876 2078 Francie.

371 2112 525 2145 Dyonisius
537 2112 573 2139 de
588 2113 820 2143 Soubz-le-sour,
837 2114 898 2140 bac.
917 2113 994 2140 med.

372 2161 472 2187 Petrus
487 2161 522 2188 de
537 2162 678 2191 Ilamello.
695 2163 757 2189 bac.
774 2163 852 2189 med.

370 2202 517 2237 Johanncs
533 2211 654 2242 Lussicr,
671 2212 795 2238 scolaris.

371 2260 502 2286 Matheus
517 2261 601 2287 Dolet
611 2260 628 2286 ¹.

369 2309 517 2336 Johanncs
532 2310 644 2337 Clerici.

370 2359 531 2385 Balduinus
543 2359 579 2386 de
594 2359 698 2386 Naniis.

370 2408 545 2435 Guillelmus
557 2409 592 2436 de
608 2409 721 2436 Alneto.

590 2478 715 2505 Nationis
730 2479 889 2506 Normanie.
915 2513 917 2515 ι

368 2540 516 2567 Johanncs
530 2540 622 2570 Beris,
639 2541 700 2567 bac.
717 2541 795 2567 med.

369 2589 530 2615 Richardus
545 2588 658 2620 Goulle‚
675 2590 737 2616 bac.
755 2590 832 2616 med.

368 2639 532 2665 Toussanus
547 2639 699 2665 Consrant.

368 2688 544 2714 Guillelmus
558 2688 723 2715 Musnerii‘ss.

368 2737 544 2763 Guillelmus
558 2738 584 2763 le
600 2737 734 2764 Vennier.

367 2786 514 2812 Johanncs
529 2787 555 2812 le
570 2787 740 2820 Masu[r]ier.

368 2836 516 2862 Johanncs
530 2836 605 2862 Avis.

368 2885 543 2917 chinaldus
558 2885 702 2911 Chuffes*¹

1323 2051 1477 2084 Dyonisius
1491 2050 1596 2076 l‘ulcri.

1321 2100 1464 2126 Robertus
1479 2100 1604 2125 Masculi.

1322 2150 1499 2175 Guillelmus
1513 2149 1579 2174 Piri.

1321 2199 1470 2225 Johanncs
1485 2198 1667 2224 Coulleman.

1552 2260 1675 2287 Nalionis
1691 2259 1825 2285 I‘icardiae’.

1320 2323 1467 2348 Johanncs
1481 2322 1638 2349 Renouart,
1656 2320 1718 2345 bac.
1736 2319 1813 2344 med.

1319 2372 1496 2397 Guillelmus
1511 2369 1642 2396 Ilaroult.

1320 2420 1488 2453 Balduynus
1503 2420 1621 2452 Ravary.

1318 2470 1466 2495 Johanncs
1480 2468 1637 2495 Rocbosch.

1319 2519 1403 2544 nasso
1417 2516 1549 2543 Madidi⁴.

1318 2567 1465 2592 Johanncs
1481 2564 1677 2591 Guibordcau.

1317 2616 1463 2641 Johanncs
1479 2614 1632 2647 Lobtigois.

1316 2665 1460 2691 Gerardus
1474 2663 1623 2689 Watrelet.

1316 2714 1463 2740 Johanncs
1478 2711 1636 2739 Godesridi.

1550 2774 1675 2802 Nationz's
1690 2772 1824 2799 Almanie.

1315 2838 1482 2863 Temannus
1497 2836 1532 2862 dc
1547 2835 1660 2864 Gouda,
1675 2834 1736 2860 bac.
1752 2833 1829 2859 med.

1316 2885 1404 2911 David
1418 2885 1537 2910 Cranoc.
1685 2881 1740 2917 [30]
