2502 3418
392 335 456 367 462
970 345 1287 367 cumi'rULAnlUM
1323 345 1513 366 uuivsns.
1551 345 1679 366 Panis.
2158 332 2258 368 [1426

480 419 648 454 refutatorii
667 419 731 445 dati
745 421 878 454 suerunt;
894 420 1012 456 insuper
1028 420 1064 445 ab
1082 419 1231 455 aliquibus
1245 428 1281 445 ex
1296 419 1486 444 incarceratis
1502 418 1542 444 ad
1557 423 1651 455 apost.
1668 419 1764 445 sedem
1784 419 1962 455 appellatum
1983 422 2035 454 est,
2056 423 2083 445 et
2105 419 2259 454 inquisitor

482 470 543 504 ipse
559 472 646 494 totum
662 469 805 503 negotium
818 469 858 494 ad
873 469 1064 505 apostolicam
1080 469 1175 494 sedem
1190 469 1307 494 remisit.

1545 505 1619 534 1426.
1635 505 1749 531 uovemb.
1764 505 1840 534 6-29‚
1854 505 1968 531 Parisiis.

483 589 560 611 Arch.
580 592 634 613 nat.
654 589 746 618 Puris„
767 589 806 612 LL
825 589 876 615 113.
895 597 922 620 p.
938 590 967 612 67
984 597 1033 620 sq..
1051 590 1089 612 72.
1102 590 1125 611 3.
1144 588 1218 616 1bid.,
1236 597 1263 619 p.
1280 589 1318 616 68,
1338 588 1465 611 scribitur
1484 591 1622 619 praeterea
1637 596 1642 612 z
1661 597 1673 611 «
1688 589 1780 612 Frater
1797 592 1822 612 et
1840 597 1911 620 mag.
1932 588 2078 612 Murtinus³
2094 596 2178 619 nuper
2194 588 2257 611 sub-

390 632 530 664 inquisitor
541 633 614 663 dixit,
627 633 695 664 quod
711 633 736 656 in
752 633 800 656 huc
817 633 926 656 materia
940 637 1017 664 atque
1032 641 1112 656 causa
1129 635 1214 656 suerat
1229 633 1336 664 quidam
1347 633 1555 663 condempnatus
1567 633 1600 656 ad
1613 641 1731 656 carceres
1745 633 1847 662 οϋὶἰέιε,
1859 636 1967 656 vocatus
1980 633 2080 664 Radigo
2089 633 2107 661 ⁴,
2119 632 2255 664 requirens

390 678 459 708 quod
472 686 523 700 non
539 678 686 701 mitteretur
701 681 773 701 extra
789 686 907 701 carceres
923 678 981 708 ipso
996 686 1046 701 non
1062 681 1154 700 vocato
1170 686 1192 701 η.

482 758 506 783 1.
523 758 580 781 Vid.
597 766 677 789 supra
694 758 727 780 115⁸
742 759 811 787 2262,
831 759 900 787 2265,
918 759 987 785 2272,
1004 759 1073 781 2273.
1083 771 1112 775 -
1124 758 1148 784 2,
1160 758 1293 781 Johannes
1305 758 1336 780 de
1347 758 1449 781 Nunton
1465 758 1547 789 episc.
1561 758 1646 781 Paris.
1659 758 1750 782 Octob.
1763 759 1776 775 7
1787 758 1856 781 diem
1867 767 2021 789 supremum
2034 758 2109 782 obiit.
2122 749 2184 782 ν--Ξ1.
2201 759 2221 783 l.
2231 762 2254 782 α

390 802 516 825 Martinus
535 803 635 834 Bilory,
650 811 720 833 mag.
738 803 828 832 theol„
844 803 874 825 de
891 811 941 833 quo
957 811 1039 833 supra
1055 806 1080 825 et
1095 802 1163 825 infra
1178 802 1295 833 saepius,
1311 802 1372 825 licet.
1387 803 1556 830 QulcRERA'r„
1573 803 1675 827 Preces
1694 804 1726 827 de
1744 804 1852 827 Jeanne
1871 803 1965 832 d'Arc,
1982 803 2000 832 1,
2017 811 2044 834 p.
2059 804 2083 832 3,
2098 806 2151 826 not.
2168 803 2179 825 1
2198 803 2255 832 (ubi

390 856 400 869 «
418 847 538 870 Billormi
556 849 576 877 n)
591 851 711 870 asserat:
729 856 739 870 ι(
754 855 919 878 personnage
934 850 992 870 tout
1006 848 1020 869 ii
1042 847 1090 870 fait
1105 847 1218 870 inconnu
1234 856 1256 870 n.
1274 848 1303 870 T.
1320 847 1366 875 111,
1380 856 1407 878 p.
1424 848 1468 870 378
1485 855 1490 870 ’.
1507 858 1520 869 «
1537 847 1658 871 Billorini
1678 858 1701 871 u.
1724 848 1852 871 Martinus
1868 848 1968 879 Billory
1986 851 2047 871 tunc
2068 847 2118 871 suit
2139 848 2254 871 vicarius

389 892 520 923 generalis
536 892 712 923 inquisitoris.
727 905 757 909 —
772 892 797 916 k.
817 892 872 914 Vid.
890 900 971 922 supra
987 895 1015 914 n⁰
1030 892 1091 915 2273
1107 899 1112 915 :
1131 900 1142 914 «
1159 892 1275 923 Rodigus
1290 900 1312 919 n,
1330 892 1474 923 Hispanus.

388 1041 733 1078 2288.U11iversitas
748 1051 844 1076 Paris.
861 1051 986 1076 Martino
1007 1051 1152 1085 Vgratias
1167 1051 1237 1085 agit,
1255 1050 1331 1086 quod
1340 1060 1394 1087 per
1408 1050 1554 1077 lulianum
1569 1051 1605 1077 de
1621 1051 1767 1077 Cesar-inis
1779 1051 1931 1087 epistolam
1947 1051 2072 1086 miserit;
2090 1051 2165 1088 petit
2184 1060 2253 1078 con-

476 1100 630 1126 cessionem
646 1099 833 1126 articulorum
849 1099 889 1125 ad
901 1109 1011 1136 papam
1027 1100 1188 1126 missorum.

1431 1137 1504 1167 1426,
1520 1137 1611 1170 Aprilis
1626 1137 1774 1163 5-0ecemb.
1792 1138 1832 1166 21,
1847 1137 1963 1164 Parisiis.

472 1217 602 1248 Vestre
624 1215 829 1256 clementie,
847 1215 1057 1248 beatissime
1074 1223 1186 1261 pater,
1206 1216 1345 1249 litteras
1362 1216 1430 1249 sub
1447 1217 1555 1249 anulo
1571 1217 1764 1263 piscatoris
1781 1217 1880 1250 datas
1897 1229 2015 1262 nuper
2031 1212 2248 1263 recepimus,

384 1282 517 1326 quibus
540 1289 705 1327 tanquam
729 1282 852 1315 divino
874 1295 1024 1315 munere
1049 1283 1242 1323 consolati,
1270 1283 1505 1328 apostolicam
1532 1283 1824 1317 benedictionem
1848 1291 1883 1317 et
1910 1291 2093 1329 paternam
2119 1284 2250 1317 exhor-

382 1349 551 1381 tationem
569 1356 675 1393 atque
693 1349 885 1382 reverendi
907 1350 1018 1394 patris
1036 1350 1199 1395 magistri
1220 1350 1353 1383 Juliani
1376 1350 1419 1383 de
1440 1351 1626 1384 Cesarinis
1648 1351 1946 1396 utriusquejul¹is
1968 1352 2189 1396 professoris
2205 1352 2249 1384 de

382 1416 491 1457 Urbe,
521 1422 556 1448 et
580 1428 768 1449 causarum
795 1416 1075 1461 apostolicarum
1105 1417 1301 1450 auditoris·
1329 1418 1681 1451 commendationem
1710 1419 1845 1463 pariter
1870 1425 1906 1452 et
1929 1419 2115 1452 credentie
2141 1418 2248 1454 fidem

381 1482 451 1515 sibi
485 1483 715 1527 prestandam
752 1484 995 1528 suscepimus.
1033 1485 1204 1529 Interque
1236 1485 1339 1526 illud,
1377 1485 1587 1518 beatissime
1622 1492 1735 1530 pater,
1769 1486 1813 1518 ad
1848 1486 2018 1531 ingentes
2052 1486 2246 1531 gratiarum

380 1550 542 1582 actiones
567 1550 772 1582 reddendas
790 1562 857 1583 nos
878 1551 1064 1596 compellit
1086 1552 1183 1596 quod
1201 1564 1268 1584 nos
1286 1558 1382 1584 tante
1403 1553 1562 1585 caritatis
1583 1552 1714 1585 litteris
1735 1559 1907 1598 tantoque
1929 1553 2006 1586 viro
2028 1553 2174 1598 dignata
2194 1560 2251 1586 est

380 1623 498 1650 vestra
515 1617 712 1650 beatitudO.
736 1618 806 1650 Sed
828 1618 925 1662 quod
948 1630 1015 1651 nos
1037 1618 1246 1651 exhortatur
1268 1626 1388 1652 vestra
1406 1620 1590 1661 sanctitas,
1610 1619 1750 1653 obviam
1769 1620 1812 1652 iri
1834 1627 2004 1665 oportere
2022 1620 2249 1654 scandalosis

381 1684 441 1728 qui
463 1684 709 1717 auctoritatem
733 1691 855 1717 sancte
877 1685 977 1717 sedis
1003 1686 1202 1730 apostolice
1226 1687 1389 1719 minuere
1414 1687 1593 1724 nituntur,
1615 1687 1683 1720 hoc
1703 1688 1879 1732 profecto,
1902 1687 2113 1722 beatissime
2134 1694 2247 1732 pater,

379 1757 547 1795 tauquam
576 1758 700 1784 nostre
729 1752 930 1784 vocationis
957 1752 1171 1797 precipuum
1198 1753 1462 1798 amplectimur,
1497 1753 1564 1786 hoc
1592 1754 1679 1787 felix
1702 1754 1768 1786 Dei
1799 1766 1931 1787 munus
1954 1753 2183 1795 arbitramur,
2210 1761 2250 1788 ut

379 1817 474 1850 beati
495 1818 590 1850 Petri
607 1818 778 1851 cathedre
799 1819 1006 1863 vestrisque
1023 1819 1116 1852 votis
1134 1819 1392 1865 obsequamur.
1412 1822 1536 1866 Neque
1552 1833 1595 1854 ex
1616 1833 1658 1854 eo
1676 1828 1839 1866 tempore
1856 1833 1927 1866 quo
1944 1822 2038 1866 apud
2056 1821 2245 1855 ecclesiam

379 1885 600 1918 Gallicanam
626 1885 813 1918 libertates
844 1893 966 1919 sancte
993 1888 1152 1920 Romane
1179 1887 1335 1920 ecclesie
1365 1888 1423 1933 agi
1447 1895 1637 1933 ceperunt,
1663 1888 1707 1921 ab
1735 1901 1774 1921 ea
1801 1901 1838 1921 re
1864 1901 2016 1934 usquam
2045 1889 2246 1933 dejecimus

378 1952 540 1990 oculos²,
558 1959 617 1985 aut
634 1959 788 1985 mentem
806 1966 823 1985 a
842 1953 1039 1986 resistendi
1056 1954 1350 1987 consideratione
1368 1955 1595 1988 divertimus
1615 1956 1719 1989 Unde
1742 1962 1888 2001 paterne
1905 1968 1991 1989 cure
2008 1955 2115 1989 nobis
2132 1956 2246 2001 impe-

379 2026 492 2051 ratum
515 2031 646 2052 munus
669 2020 882 2064 jamdudum
910 2020 1076 2054 volentes
1102 2021 1268 2054 alacriter
1296 2023 1492 2067 recipimus
1499 2049 1565 2055 .....
1593 2023 1773 2065 Quantum
1801 2035 1887 2056 vero
1918 2035 2071 2068 presens
2101 2029 2244 2068 tempus

378 2086 503 2131 exigit,
526 2087 721 2131 sapienter,
745 2087 880 2120 diserte
903 2094 938 2120 et
958 2088 1095 2120 utiliter
1116 2100 1190 2121 rem
1214 2089 1370 2122 ecclesie
1393 2091 1551 2122 Romane
1573 2090 1735 2123 tractavit
1752 2096 1786 2123 et
1802 2090 1878 2135 egit
1894 2097 1928 2123 et
1948 2091 2042 2135 apud
2060 2091 2244 2136 principes

378 2159 413 2185 et
433 2153 468 2185 in
490 2153 644 2186 consilio
667 2154 816 2186 Francie
838 2161 944 2199 atque
960 2167 1045 2200 erga
1061 2162 1217 2197 ceteros,
1233 2156 1327 2201 apud
1346 2168 1439 2201 quos
1457 2157 1592 2189 decens
1609 2157 1687 2198 suit,
1706 2157 1866 2201 prefatus
1882 2157 2051 2190 dominus
2062 2157 2241 2200 Julianus,

375 2220 421 2252 ita
445 2227 483 2252 ut
504 2233 567 2265 pro
590 2221 659 2253 isto
681 2221 854 2266 temporis
876 2229 1059 2254 momento
1082 2222 1143 2255 ille
1165 2223 1387 2268 aliquantule
1410 2224 1590 2256 motiones
1613 2223 1748 2268 placate
1769 2224 1972 2257 videantur.
1996 2225 2065 2267 Qui
2087 2225 2171 2257 dum
2198 2225 2242 2258 ad

377 2299 442 2319 nos
473 2288 671 2320 orationem
704 2288 853 2321 liaberet
882 2300 1028 2333 gravem
1058 2297 1093 2322 et
1121 2290 1354 2331 luculentam,
1378 2291 1473 2323 inter
1497 2297 1614 2323 cetera
1647 2291 1815 2332 inseruit,
1836 2298 1991 2324 vestram
2015 2292 2239 2326 sanctitatem

376 2360 503 2386 cuncta
524 2354 630 2386 nobis
652 2367 669 2386 a
691 2361 812 2387 sancta
834 2355 921 2388 sede
942 2356 1139 2400 apostolica
1162 2356 1351 2401 hucusque
1375 2357 1513 2390 indulta
1535 2358 1644 2390 nobis
1665 2370 1708 2390 ex
1729 2358 1872 2403 integro
1894 2358 1987 2391 velle
2008 2371 2239 2401 conservare,

376 2431 586 2454 conservata
608 2422 791 2466 ampliare,
815 2422 980 2467 ampliata
1006 2422 1049 2455 ab
1075 2423 1346 2468 impedimentis
1373 2425 1533 2457 externis
1554 2437 1781 2469 preservare.
1805 2426 1882 2467 Que
1909 2427 2084 2471 profecto,
2107 2426 2240 2459 beatis-

376 2487 464 2519 sime
496 2495 606 2532 pater,
634 2489 711 2521 suis
741 2488 923 2522 radicibus
949 2489 1152 2523 subsistere
1185 2503 1255 2523 non
1286 2491 1463 2532 valerent,
1490 2492 1560 2524 nisi
1586 2492 1629 2524 ad
1655 2493 1805 2537 gratiam
1833 2493 1994 2538 plenarie
2020 2500 2056 2526 et
2080 2494 2238 2538 perfecte

376 2554 592 2598 signationis
613 2562 731 2588 vestra
753 2556 923 2589 sanctitas
943 2556 1150 2590 admitteret
1169 2558 1341 2591 articulos
1362 2558 1596 2603 presentibus
1618 2559 1871 2593 interclusos³.
1895 2561 2019 2605 Itaque
2040 2561 2083 2593 ad
2106 2561 2237 2606 pedum

377 2621 498 2653 oscula
530 2621 715 2654 beatorum
748 2630 911 2655 nostrum
943 2624 1123 2669 refugium
1156 2631 1395 2670 nostrumque
1426 2637 1613 2658 recursum
1645 2626 1862 2659 fidissimum
1891 2627 2080 2669 habentes,
2116 2634 2236 2661 vestre

378 2688 554 2720 sanctitati
576 2689 834 2733 supplicamus,
857 2690 1066 2725 beatissime
1089 2698 1201 2736 pater,
1225 2692 1395 2736 quatinus
1418 2693 1575 2737 prefatos
1596 2693 1769 2726 articulos
1790 2694 1826 2726 in
1848 2706 1887 2727 ea
1905 2694 2092 2728 meliorive
2110 2695 2234 2736 forma,

377 2765 443 2797 qua
465 2755 701 2798 postulamus,
725 2756 870 2801 signare
898 2757 1070 2802 dignetur
1086 2765 1118 2791 et
1141 2759 1305 2803 signatos
1323 2760 1491 2804 registris
1512 2759 1664 2792 inscribi
1686 2761 1868 2793 mandare.
1893 2762 1950 2794 Sic
1970 2762 2064 2793 enim
2087 2774 2236 2795 munera

377 2821 427 2852 sic
444 2821 594 2862 indulta,
613 2822 663 2854 sic
684 2835 857 2856 concessa
875 2832 997 2857 sancte
1019 2826 1118 2858 sedis
1140 2826 1339 2871 apostolice
1362 2839 1433 2859 non
1455 2838 1570 2868 cassa,
1594 2839 1666 2859 non
1688 2840 1790 2870 vana,
1813 2840 1885 2861 non
1907 2828 2019 2869 irrita,
2043 2840 2107 2862 sua
2125 2828 2235 2861 firmi-

377 2893 445 2919 ῘὶΙῙΘ
467 2899 699 2931 perseverare
722 2897 847 2934 ΡΟῘΘΙῚ]
855 2898 888 2923 111
897 2917 902 2923 .
912 2918 917 2923 .
927 2918 932 2923 .
