2502 3418
405 324 468 355 232
985 331 1304 354 CHARTULARIUM
1340 330 1530 352 UNtVEns.
1567 330 1698 351 rmus.
2178 316 2276 352 [1412

405 406 526 439 censis
548 405 637 438 dixit
657 412 692 438 et
712 406 900 439 affirmavit
920 418 958 439 se
981 405 1227 451 presidentem
1250 405 1287 437 in
1308 404 1404 436 dicto
1426 403 1592 437 Concilio
1616 402 1817 442 Gallicano,
1843 413 1908 446 per
1928 395 2063 434 dictum
2090 401 2275 435 dominum

405 480 568 505 nostrum
592 474 810 505 Francorum
833 484 955 517 regem
979 472 1214 506 constitutum
1237 471 1280 503 ad
1301 469 1521 503 audiendum
1543 475 1578 501 et
1599 468 1830 501 referendum
1853 467 1970 500 solum
1989 468 2107 500 eidem
2128 468 2276 501 domino

406 546 530 572 nostro
552 539 631 584 regi
652 551 691 572 ea
716 551 786 584 que
807 539 844 571 in
866 539 1029 584 predicto
1052 537 1219 572 Concilio
1240 543 1449 581 agerentur,
1478 536 1687 568 dicerentur
1711 541 1746 566 et
1772 534 1914 575 fierent,
1938 534 2129 567 interdicta
2151 534 2222 567 sibi
2244 542 2278 568 et

404 606 482 638 aliis
505 605 653 651 prelatis
675 606 712 637 in
729 606 825 638 dicto
847 605 1013 639 Concilio
1037 603 1279 637 existentibus
1301 602 1508 634 omnimoda
1530 607 1708 646 potestate
1733 600 1870 645 aliquid
1892 600 2151 640 concludendi,
2178 601 2272 633 ordi-

404 673 513 705 nandi
534 684 598 705 seu
621 672 841 717 disponendi
869 672 906 704 in
933 672 1013 716 ipso
1038 670 1217 710 Concilio,
1243 669 1314 702 nisi
1336 669 1473 713 prefato
1496 667 1644 700 domino
1666 674 1793 699 nostro
1814 679 1902 712 rege
1925 674 2112 712 present.e;
2138 674 2173 700 et
2192 668 2276 700 ideo

404 739 506 771 aliam
536 739 813 783 responsionem
845 733 955 782 super
986 737 1176 782 premissis
1204 736 1289 768 dare
1315 747 1388 767 non
1421 733 1645 767 intendebat.
1678 735 1866 767 Postremo
1898 734 2070 778 magister
2090 733 2276 767 Johannes

402 805 593 846 Jouvenel,
623 805 818 838 advocatus
848 805 971 849 regius
998 804 1034 835 in
1063 803 1286 848 parlamento
1315 801 1429 846 regali
1459 800 1670 841 Parisiensi,
1697 812 1763 845 pro
1792 807 1825 833 et
1853 801 2000 833 nomine
2029 801 2276 845 procuratoris

404 872 541 904 domini
570 872 685 904 nostri
716 873 935 903 Francorum
964 870 1063 914 regis
1094 869 1237 914 prefati,
1269 869 1305 900 in
1334 868 1461 900 eodem
1494 866 1717 912 parlamento
1749 867 1838 899 dixit
1869 874 1903 900 et
1934 867 2127 912 proposuit
2156 879 2275 900 coram

405 938 574 971 omnibus
596 939 632 970 in
654 938 749 970 dicto
772 936 937 970 Concilio
960 935 1147 969 Gallicano
1170 934 1425 975 existentibus,
1448 934 1546 978 quod
1568 946 1633 978 pro
1655 933 1751 966 bono
1774 934 1860 966 dicti
1881 934 2020 966 domini
2040 934 2156 966 nostri
2178 934 2276 978 regis

405 1012 439 1037 et
460 1005 563 1049 regni
586 1005 641 1037 sui
663 1003 879 1048 expediebat
900 1003 1016 1035 eidem
1039 1001 1266 1047 procuratori
1287 1001 1403 1046 regio,
1427 1013 1501 1033 non
1527 1001 1625 1045 quod
1647 1012 1686 1033 se
1713 1007 1849 1045 partein
1876 1007 1936 1033 aut
1960 1000 2206 1034 adversarium
2233 1000 2276 1033 de

406 1071 565 1116 presenti
586 1072 703 1103 facere
720 1070 777 1103 vel
798 1070 1021 1102 constituere
1045 1069 1134 1102 velit
1154 1069 1190 1100 in
1211 1068 1276 1100 hac
1298 1075 1412 1112 parte,
1437 1068 1576 1112 copiam
1598 1067 1860 1112 appellacionis
1887 1067 2067 1100 antedicte
2088 1067 2222 1100 habere
2243 1074 2279 1101 et

406 1150 516 1182 penes
540 1150 578 1170 se
599 1137 797 1170 custodire.
825 1137 965 1170 Idcirco
987 1136 1125 1180 copiam
1148 1135 1265 1180 ipsius
1287 1134 1549 1179 appellacionis
1577 1134 1695 1166 eidem
1724 1134 1951 1178 procuratori
1981 1134 2084 1178 regio
2112 1145 2177 1179 per
2196 1146 2278 1179 pre-

406 1205 520 1236 dictos
543 1204 710 1237 dominos
735 1210 912 1236 rectorem
935 1210 969 1236 et
990 1209 1262 1247 procuratorem
1285 1214 1325 1234 ac
1346 1202 1527 1234 sindicum
1550 1201 1644 1234 dicte
1665 1200 1845 1234 facultatis
1871 1201 1999 1234 artium
2022 1201 2099 1233 dari
2120 1201 2223 1245 petiit
2243 1207 2278 1234 et

406 1271 607 1315 requisivit.
631 1270 772 1313 Quibus
798 1270 850 1303 sic
877 1282 940 1314 per
962 1270 1095 1302 dictum
1123 1269 1335 1301 advocatum
1365 1269 1505 1313 regium
1533 1268 1654 1309 dictis,
1677 1267 1800 1312 petitis
1828 1274 1862 1300 et
1889 1267 2089 1312 requisitis,
2117 1268 2277 1312 prefatus

405 1338 573 1370 dominus
602 1344 721 1370 rector
747 1337 864 1369 eidem
887 1337 1059 1369 advocato
1082 1336 1185 1381 regio
1207 1335 1412 1380 respondit,
1439 1335 1537 1380 quod
1564 1321 1643 1379 ipse
1671 1335 1805 1367 faceret
1832 1334 2050 1380 congregari
2077 1346 2189 1379 super
2208 1334 2276 1367 hoc

404 1405 592 1449 supposita
614 1404 708 1436 dicte
729 1404 909 1436 facultatis
938 1403 1080 1443 artium,
1110 1414 1152 1435 ex
1181 1403 1285 1446 cujus
1313 1402 1577 1434 deliberatione
1608 1402 1686 1446 ipse
1718 1407 1837 1434 rector
1863 1401 2026 1445 ejusdem
2048 1401 2220 1434 advocato
2243 1408 2276 1434 et

403 1471 628 1515 procuratori
650 1471 751 1515 regio
775 1470 914 1511 [brevi],
938 1477 974 1502 ut
996 1469 1179 1510 credebat,
1198 1481 1309 1514 super
1329 1469 1520 1514 premis'sis
1541 1468 1643 1501 daret
1663 1479 1896 1512 responsum,
1915 1468 2013 1512 quod
2033 1468 2104 1512 ipsi
2125 1474 2276 1500 conten—

404 1545 563 1570 tarentur
585 1538 628 1570 de
649 1538 815 1570 facultate
838 1537 1055 1582 predicta....

490 1606 576 1637 Acta
598 1606 744 1637 suerunt
766 1604 832 1636 hec
854 1604 890 1636 iu
912 1604 1007 1636 dicto
1030 1603 1161 1648 palatio
1184 1603 1297 1648 regali
1319 1602 1530 1643 Parisiensi,
1549 1602 1655 1635 dictis
1678 1601 1828 1646 prelatis
1849 1602 1892 1634 ad
1914 1601 2048 1634 dictum
2071 1600 2274 1635 Concilium

402 1672 626 1705 Gallicanum
650 1671 908 1703 celebrandum
932 1682 1031 1703 more
1049 1670 1156 1703 solito
1174 1670 1422 1715 congregatis,
1445 1669 1513 1702 suh
1535 1681 1643 1710 anno,
1662 1669 1875 1710 indictione,
1894 1680 2032 1709 mense,
2052 1668 2110 1700 die
2132 1675 2164 1700 et
2187 1679 2276 1713 pon—

403 1739 535 1771 tificatu
566 1738 753 1783 predictis,
783 1737 1017 1782 presentibus
1043 1736 1317 1770 venerabilibus
1345 1743 1380 1769 et
1405 1736 1682 1781 circumspectis
1713 1736 1802 1769 viris
1832 1735 2030 1780 magistris,
2063 1735 2221 1767 dominis
2242 1741 2274 1767 et

404 1805 587 1850 magistris
617 1804 780 1838 Johanne
812 1804 855 1836 de
885 1804 1075 1837 Villanova
1106 1803 1371 1849 archidyacono
1403 1803 1620 1836 Penthevrie
1652 1803 1688 1835 in
1717 1802 1871 1835 ecclesia
1903 1801 2107 1843 Briocensi,
2139 1801 2275 1835 Levino

403 1872 614 1916 Nyeuelinc,
637 1872 865 1904 decretorum
888 1870 1114 1911 doctoribus,
1138 1870 1301 1903 Johanne
1327 1870 1478 1903 Tuderti
1500 1869 1644 1902 officiali
1666 1869 1877 1910 parisiensi,
1897 1868 2034 1901 Thoma
2055 1867 2273 1909 Marescalli,

401 1939 564 1971 Johanne
585 1940 632 1970 La
654 1940 785 1978 Doree,
808 1938 1018 1979 licentiatis,
1041 1938 1232 1970 Dominico
1254 1937 1435 1978 Chaillon,
1454 1936 1618 1970 Johanne
1634 1936 1764 1978 Yonis,
1782 1935 1998 1968 bachalariis
2020 1935 2056 1967 in
2077 1934 2274 1980 theologia,

402 2005 604 2038 Guillermo
621 2005 722 2046 Yvri,
745 2005 947 2037 Godefrido
970 2005 1013 2037 de
1030 2004 1332 2045 Vlimen,Yvone
1354 2004 1398 2036 de
1420 2003 1609 2044 Pontibus,
1633 2003 1797 2036 Johanne
1820 2003 1863 2035 de
1884 2001 2089 2043 Kersaliou,
2113 2001 2274 2034 Oliverio

402 2072 551 2112 Pichon,
578 2071 742 2104 Johanne
771 2071 968 2116 Guigonis,
995 2071 1171 2103 Michaele
1194 2071 1238 2103 de
1260 2072 1385 2112 Rivo⁶,
1408 2070 1553 2103 Matheo
1574 2070 1672 2103 Petri
1700 2077 1735 2103 et
1758 2069 1922 2103 Johanne
1949 2069 2134 2109 Normani,
2162 2069 2275 2114 magi-

402 2139 487 2171 stris
508 2139 544 2170 in
566 2138 704 2171 artibus
726 2138 886 2170 Parisius
904 2137 1226 2179 commorantibus,
1245 2150 1399 2170 unacum
1421 2137 1589 2182 pluribus
1611 2137 1690 2170 aliis
1712 2136 1868 2170 testibus
1885 2136 1928 2168 ad
1945 2136 2123 2181 premissa
2139 2135 2275 2168 vocatis

402 2205 610 2250 specialiter
631 2212 666 2237 et
686 2205 837 2249 rogatis.

491 2274 535 2305 Et
555 2284 624 2317 ego
645 2271 830 2304 Johannes
851 2271 998 2303 Andree
1019 2271 1107 2303 alias
1129 2271 1176 2303 du
1198 2271 1392 2303 Leandi....

491 2340 534 2371 Et
555 2350 624 2383 ego
647 2338 800 2383 Egidius
822 2338 1057 2370 Massardi....

491 2407 535 2438 Et
555 2417 624 2450 ego
646 2405 831 2438 Oliverius
854 2404 1001 2445 Acerbi,
1026 2411 1146 2436 rector
1166 2404 1404 2449 parrochialis
1426 2405 1581 2438 ecclesie
1604 2405 1648 2437 de
1670 2404 1891 2449 Plebeparva
1912 2405 2129 2436 Trecorens.
2152 2402 2271 2446 dyoc.,

402 2472 577 2517 magister
596 2472 634 2504 in
654 2471 806 2512 artibus,
831 2471 1000 2516 publicus
1020 2471 1218 2515 apostolica
1240 2478 1275 2504 et
1295 2472 1473 2516 imperiali
1494 2472 1707 2504 auctoritate
1727 2471 1948 2504 notarius...

495 2552 630 2583 Originale
645 2552 672 2574 in
690 2551 767 2575 Arch.
778 2555 832 2574 nat.
844 2551 939 2579 Paris.y
951 2552 975 2574 Μ
986 2551 1038 2580 66¹³,
1049 2552 1112 2573 {1⁰31
1126 2551 1198 2580 (olim
1207 2552 1236 2574 Α.
1248 2552 1271 2574 4.
1284 2552 1319 2582 a).
1331 2564 1356 2568 —
1366 2552 1404 2574 Ad
1418 2552 1484 2574 hanc
1496 2552 1702 2583 appellationem
1713 2552 1839 2574 hactenus
1854 2551 1971 2582 ignotam
1980 2549 2146 2573 Universitas
2161 2548 2274 2572 recurrit

401 2597 486 2619 adhuc
497 2605 538 2621 an.
552 2597 622 2620 1418.
639 2609 664 2613 --
678 2596 766 2619 Martii
782 2597 811 2618 30
831 2596 944 2618 Jacobus
960 2596 990 2618 de
1004 2596 1120 2624 Harlem,
1136 2599 1222 2618 rector
1237 2596 1436 2625 Universitatis,
1451 2597 1565 2619 Johanni
1581 2597 1612 2619 de
1628 2596 1760 2628 Nantolio⁷
1777 2599 1831 2619 nat.
1847 2595 1942 2620 Gallie.
1957 2593 2097 2625 receptori,
2112 2593 2228 2621 mandat,
2245 2596 2274 2616 ut

401 2641 479 2663 latori
496 2641 617 2664 scedulae
629 2641 679 2663 duo
695 2644 770 2663 scuta
784 2641 882 2672 tradat,
894 2648 953 2663 cum
965 2640 1140 2663 deliberatum
1157 2640 1243 2668 suerit,
1255 2648 1270 2663 a
1283 2643 1418 2671 receptore
1431 2641 1573 2671 cujuslibet
1588 2641 1703 2664 nationis
1719 2641 1848 2664 tradenda
1860 2648 1918 2663 esse
1933 2640 1984 2662 duo
2000 2642 2074 2662 scuta
2087 2646 2135 2669 pro
2151 2637 2271 2663 notariis.

402 2686 446 2716 qui
460 2685 596 2716 praedicta
611 2685 788 2708 instrumenta
801 2686 968 2708 confecerant
984 2685 1059 2714 (BUL.
1076 2685 1105 2713 V,
1124 2685 1190 2714 223).

496 2751 520 2775 1.
536 2752 595 2775 Joh.
609 2751 716 2782 Thoisy.
734 2765 764 2769 —
786 2751 809 2776 2.
825 2751 895 2774 Petri
918 2751 1020 2774 Plaoul.
1035 2765 1066 2768 —
1083 2751 1107 2775 3.
1124 2751 1193 2774 Bene
1208 2752 1362 2777 notandum,
1385 2751 1427 2774 hie
1447 2755 1575 2774 rectorem
1596 2752 1724 2775 decanum
1749 2751 1882 2775 facultatis
1906 2750 2002 2773 artium
2025 2749 2109 2773 Paris.
2131 2748 2272 2772 nominari.

402 2810 431 2813 —
446 2796 470 2820 4.
490 2796 587 2818 solitae
604 2796 731 2819 formulae
747 2796 812 2818 alias
828 2796 854 2818 in
870 2796 1095 2827 appellationibus
1112 2796 1256 2819 adhibitae.
1271 2809 1302 2813 —
1317 2795 1340 2820 5.
1358 2796 1416 2819 Vid.
1433 2798 1563 2824 Auctar„
1585 2797 1616 2824 ll,
1633 2805 1660 2827 p.
1680 2797 1733 2819 114.
1754 2810 1781 2814 —
1801 2796 1824 2820 6.
1844 2796 1893 2818 Pro
1914 2803 1965 2826 quo
1984 2797 2086 2825 postea,
2110 2797 2139 2816 ut
2156 2793 2271 2822 videtur,

403 2840 506 2871 quando
519 2840 574 2871 jam
589 2840 615 2862 in
635 2841 686 2871 leg.
707 2840 795 2863 licent.
812 2844 837 2863 et
856 2841 957 2864 baccal.
974 2840 1000 2863 in
1017 2840 1076 2872 jure
1097 2848 1155 2863 can.
1180 2840 1236 2869 suit,
1258 2840 1423 2864 Universitas
1446 2841 1551 2864 libellos
1575 2841 1709 2872 supplices
1726 2841 1759 2863 ad
1780 2848 1878 2872 papam
1900 2839 1973 2862 misit
1996 2838 2080 2868 (Ax-ch.
2101 2841 2155 2862 nat.
2175 2838 2270 2867 Paris„

404 2884 426 2906 M
442 2885 494 2912 652,
510 2888 538 2906 11⁰
551 2884 598 2913 32).
