2502 3418
380 333 444 366 720
959 338 1281 362 eimn'rULAan
1317 338 1508 360 UN1VERS.
1545 337 1676 360 mais.
2143 326 2243 363 [1452

468 417 570 457 Item,
598 422 636 448 ut
660 415 768 448 lectio
794 414 1026 455 matutinalis,
1055 425 1124 458 que
1150 412 1194 445 ab
1219 412 1366 457 antiquo
1394 424 1510 457 usque
1535 412 1579 445 ad
1609 412 1782 445 moderna
1814 418 1974 457 tempora
2001 412 2179 455 refloruit,
2206 413 2243 446 in

379 483 510 516 melius
531 483 761 523 reformetur,
785 482 977 515 statuimus
999 487 1036 513 ut
1057 492 1111 513 om
1121 492 1183 512 nes
1205 486 1240 512 et
1260 479 1398 524 singuli
1420 479 1464 512 de
1485 492 1588 512 mane
1610 479 1777 524 legentes
1798 478 1990 512 lectionem
2013 479 2128 524 ipsam
2149 479 2243 513 bene

379 563 481 583 mane
507 550 544 583 in
569 550 656 583 hora
682 550 825 583 statutis
853 560 1023 594 expressa
1056 547 1210 580 habeant
1240 546 1426 587 inchoare,
1453 558 1527 579 eam
1557 558 1673 591 usque
1705 546 1748 579 ad
1776 546 1920 591 pulsum
1949 546 2037 579 hore
2063 547 2180 580 Prime
2206 547 2244 580 in

379 618 532 651 ecclesia
553 617 750 650 Parisiensi
771 616 863 649 bene
884 622 916 648 et
938 616 1123 648 fructuose
1145 613 1391 646 continuando
1413 620 1448 646 et
1468 613 1642 646 finiendo.

468 686 570 726 Item,
593 684 675 729 quia
699 684 885 729 profectus
906 682 1128 715 studentium
1150 681 1186 713 in
1210 681 1396 713 auditione
1416 680 1613 713 lectionum
1636 680 1826 725 potissime
1847 681 2028 722 consistit,
2051 681 2243 714 statuimus

379 759 417 785 ut
437 752 560 784 nullus
581 752 625 784 ad
646 750 926 784 bachalariatum
947 749 1167 789 admittatur,
1191 748 1262 780 nisi
1283 747 1413 780 dictam
1435 747 1628 780 lectionem
1650 747 1896 780 matutinalem
1918 748 2075 781 audierit
2096 750 2146 792 (ut
2164 760 2243 793 pre-

376 820 502 863 fertur)
523 818 645 852 debite
666 825 701 851 et
719 818 891 850 continue
913 828 977 862 per
1000 823 1142 860 tempus
1164 815 1199 847 in
1222 815 1366 848 statutis
1388 826 1602 859 expressum
1626 827 1694 847 una
1716 827 1794 847 cum
1818 815 1957 860 proprii
1978 815 2134 849 lectione
2156 816 2242 848 doc-

377 887 480 927 toris,
504 898 570 919 nec
591 886 707 930 possit
728 896 839 929 super
859 884 927 916 hoc
945 895 1010 928 per
1030 882 1235 916 facultatem
1255 882 1475 927 dispensari.

466 955 567 993 Item,
587 954 668 997 quia
691 951 884 996 sepissime
906 950 1052 983 fraudes
1069 950 1105 982 in
1123 949 1298 994 predictis
1316 949 1603 990 committuntur,
1622 955 1657 982 et
1674 948 1888 994 plerumque
1906 949 2054 982 minime
2075 949 2242 995 legentes

378 1033 442 1065 pro
466 1019 675 1065 legentibus
697 1024 922 1063 reputantur,
946 1024 979 1050 et
1001 1024 1162 1058 econtra,
1185 1016 1377 1049 statuimus
1400 1022 1437 1049 ut
1459 1028 1570 1061 super
1595 1016 1851 1049 informatione
1876 1016 1971 1049 circa
1996 1016 2087 1049 tales
2114 1017 2242 1050 bacha-

375 1088 485 1120 larios
510 1086 672 1119 facienda
694 1086 765 1118 duo
791 1085 960 1118 doctores
982 1096 1047 1129 per
1066 1084 1270 1117 facultatem
1294 1084 1527 1129 deputentur,
1551 1083 1612 1128 qui
1638 1095 1750 1128 super
1772 1083 1841 1116 hoc
1863 1083 1971 1116 fidele
1997 1083 2242 1129 perhibebunt

377 1154 623 1187 testimonium
643 1152 798 1186 veritati.

465 1222 566 1261 Item,
589 1221 671 1265 quia
693 1219 908 1265 plerumque
930 1225 1080 1264 propter
1100 1219 1331 1251 materiarum
1353 1217 1553 1259 cumulum,
1571 1229 1770 1262 processus
1792 1217 1969 1250 librorum
1991 1229 2056 1263 per
2076 1218 2242 1263 legentes

376 1288 420 1321 de
442 1300 543 1320 mane
566 1286 731 1332 quolibet
750 1299 844 1319 anno
867 1286 1068 1319 secundum
1091 1286 1237 1330 antiqua
1258 1285 1439 1318 facultatis
1459 1291 1590 1318 statuta
1616 1285 1856 1330 legendorum
1884 1285 2093 1330 impeditur,
2116 1286 2242 1318 statui-

377 1367 455 1388 mus
481 1361 517 1388 ut
543 1367 622 1387 cum
650 1354 818 1399 diligenti
845 1353 1021 1386 modestia
1044 1353 1173 1385 dictam
1199 1352 1393 1385 lectionem
1417 1364 1495 1385 cum
1524 1352 1671 1385 materia
1698 1358 1794 1385 recte
1820 1352 2027 1385 occurrenti
2047 1352 2242 1398 expediant

375 1422 511 1467 absque
531 1421 725 1455 verborum
748 1421 1013 1466 superfluitate,
1032 1420 1247 1465 peregrinas
1267 1419 1436 1452 materias
1458 1419 1605 1452 minime
1626 1425 1686 1452 aut
1707 1419 1833 1452 saltem
1858 1431 1980 1464 parum
2003 1426 2138 1452 textum
2160 1432 2242 1453 con-

375 1495 566 1522 cernentes
587 1488 841 1528 omittendo²²³3
865 1500 931 1520 nec
961 1487 1068 1519 modo
1099 1486 1417 1532 pronunciantium
1445 1486 1696 1531 resumptione
1725 1486 1875 1531 dignum
1903 1486 2103 1519 secundum
2130 1493 2241 1520 statu-

375 1563 491 1589 torum
513 1556 742 1601 antiquorum
766 1556 978 1588 tenorem³⁰.

462 1625 564 1664 Item,
587 1623 669 1668 quia
691 1622 883 1667 sepissime
909 1622 1039 1655 furtive
1062 1628 1096 1654 et
1118 1634 1182 1666 per
1202 1622 1469 1666 surreptionem
1497 1620 1609 1665 aliqui
1630 1620 1769 1653 inventi
1791 1627 1876 1653 sunt
1902 1620 2053 1665 gradum
2076 1620 2240 1654 bachala-

374 1691 485 1723 riatus
503 1690 722 1730 obtinuisse,
741 1690 932 1722 statuimus
950 1696 986 1722 ut
1008 1688 1131 1722 nullus
1148 1689 1276 1733 legens
1294 1689 1338 1721 de
1356 1700 1458 1721 mane
1481 1688 1634 1721 litteram
1654 1687 1942 1720 certificatoriam
1962 1699 2027 1720 sue
2043 1688 2240 1722 auditionis

372 1758 509 1791 lecture
530 1757 638 1790 alicui
666 1757 852 1797 concedat,
881 1757 951 1789 nisi
973 1757 1151 1789 veraciter
1171 1756 1386 1789 informatus
1408 1756 1568 1796 sciverit,
1596 1756 1713 1800 ipsum
1743 1755 1918 1788 scolarem
1941 1755 2090 1788 eandem
2113 1755 2239 1788 lectio-

372 1837 452 1857 nem
474 1825 658 1857 audivisse
680 1830 714 1856 et
735 1823 857 1856 debite
878 1823 1112 1856 continuasse
1134 1823 1272 1868 absque
1293 1823 1419 1856 fraude
1440 1829 1474 1856 et
1495 1835 1574 1855 cum
1597 1821 1773 1854 librorum
1796 1821 1990 1854 delatione.

460 1893 562 1933 Item,
581 1891 663 1936 quia
685 1891 952 1936 disputationes
973 1890 1278 1935 quamplurimum
1302 1890 1422 1923 solent
1442 1890 1589 1935 ingenia
1611 1889 1835 1922 studentium
1858 1889 2025 1931 excitare,
2045 1889 2237 1923 statuimus

371 1966 410 1992 ut
429 1958 583 2004 quilibet
608 1959 726 2003 ipsius
752 1958 932 1991 facultatis
962 1958 1102 1999 doctor,
1132 1958 1208 1991 sive
1238 1957 1367 1990 habeat
1397 1956 1640 1990 bachalarium
1675 1956 1743 1989 sub
1773 1968 1815 1989 eo
1847 1956 2129 2001 respondentem
2159 1957 2236 1990 sive

370 2039 455 2067 non,
474 2033 638 2059 teneatur
655 2025 768 2058 semel
789 2026 825 2058 in
845 2037 939 2058 anno
957 2038 1061 2058 unam
1086 2025 1311 2070 solempnem
1335 2025 1589 2070 repetitionem
1612 2023 1792 2069 publicam
1813 2024 1945 2065 facere,
1963 2023 2235 2066 conclusiones,

370 2093 542 2126 notabilia
564 2105 675 2138 super
696 2092 876 2125 Decretali
899 2105 938 2125 ac
959 2093 1106 2126 Canone
1128 2093 1170 2125 ad
1193 2093 1272 2137 ejus
1294 2092 1481 2125 arbitrium
1505 2091 1687 2136 eligenda,
1712 2103 1777 2124 seu
1803 2090 1976 2136 eligendo
2002 2097 2038 2124 et
2059 2091 2235 2136 ponendo

370 2160 539 2193 omnibus
561 2167 596 2193 et
615 2160 773 2205 singulis
795 2159 1010 2192 bachalariis
1032 2160 1068 2192 in
1090 2160 1251 2204 predicta
1271 2159 1440 2192 facultate
1461 2158 1672 2204 legentibus
1694 2158 1968 2203 respondendo.

458 2229 558 2268 Item,
579 2227 661 2272 quia
678 2227 714 2259 111
736 2226 875 2260 actibus
893 2227 1188 2272 graduandorum
1205 2227 1322 2260 virtus
1339 2233 1375 2259 et
1390 2226 1542 2259 scientia
1560 2225 1829 2270 comprobatur,
1848 2225 2040 2258 statuimus
2057 2232 2093 2258 ut
2111 2225 2222 2259 bacha

368 2294 519 2327 lariandi
540 2294 583 2327 dc
605 2300 726 2327 cetero
752 2306 857 2327 suum
879 2294 1010 2327 faciant
1030 2294 1259 2339 propositum
1290 2300 1325 2326 et
1354 2305 1523 2338 arengam
1535 2293 1559 2310 ³¹
1585 2292 1695 2326 corde
1717 2299 1836 2333 tenus,
1858 2293 1959 2337 juxta
1990 2304 2124 2325 morem
2147 2292 2234 2326 anti-

369 2373 492 2406 quum,
510 2373 594 2394 suas
615 2361 791 2394 lectiones
814 2361 965 2394 durante
987 2373 1054 2394 suo
1076 2373 1185 2394 cursu
1207 2361 1244 2393 in
1261 2361 1340 2394 vico
1358 2360 1482 2394 Clausi
1504 2359 1668 2393 Brunelli
1689 2359 1791 2392 horis
1811 2358 1958 2401 debitis,
1977 2366 2012 2392 et
2031 2371 2096 2404 per
2111 2360 2233 2393 horam

368 2428 410 2460 ad
439 2428 558 2460 minus
589 2434 736 2467 textum,
767 2428 927 2472 glossam
957 2434 992 2460 et
1022 2428 1206 2460 materiam
1237 2427 1334 2469 libri,
1367 2439 1471 2472 quam
1503 2427 1673 2459 duxerint
1704 2426 1914 2471 eligendum
1943 2425 2082 2471 absque
2111 2426 2232 2471 aliquo

369 2501 544 2539 quaterno
566 2495 642 2528 sive
664 2494 842 2527 codicello
863 2494 1022 2540 legendo
1045 2495 1121 2527 sive
1143 2494 1385 2539 expediendo.

457 2562 545 2594 Item
569 2568 604 2594 et
624 2561 706 2606 quia
728 2561 846 2594 omnis
867 2573 925 2594 ars
947 2568 982 2594 et
1002 2561 1164 2594 doctrina
1187 2573 1253 2607 per
1273 2561 1484 2594 exercitium
1508 2560 1662 2605 suscipit
1682 2560 1960 2601 incrementum,
1983 2559 2174 2593 statuimus
2195 2567 2234 2593 ut

368 2628 490 2660 nullus
507 2628 549 2660 ad
567 2640 715 2661 examen
733 2640 797 2660 seu
814 2628 994 2661 licentiam
1013 2629 1232 2670 admittatur,
1251 2628 1321 2661 nisi
1338 2628 1507 2674 primitus
1524 2628 1560 2660 in
1578 2627 1823 2672 disputatione
1840 2626 1985 2672 publica
2002 2633 2037 2659 et
2052 2626 2232 2672 solempni

369 2694 527 2727 Parisius
547 2695 780 2740 responderit
806 2695 874 2728 sul)
897 2696 1064 2736 doct01‘e3
1100 2708 1211 2741 super
1232 2707 1302 2740 quo
1330 2702 1448 2728 tamen
1480 2695 1609 2740 possit,
1633 2695 1731 2739 justa
1762 2694 1987 2727 subsistente
2017 2705 2135 2735 causa,
2168 2705 2232 2739 per

369 2761 569 2794 facultatem
593 2762 810 2806 dispensari.

458 2829 544 2860 Item
567 2828 756 2861 statuimus
783 2835 818 2861 et
845 2829 1068 2870 ordinamus,
1099 2830 1196 2875 quod
1230 2830 1367 2874 singuli
1398 2829 1514 2874 ipsius
1547 2828 1727 2861 facultatis
1762 2827 1931 2860 doctores
1967 2826 2123 2860 habeant
2149 2839 2228 2860 cum

369 2895 541 2939 gravitate
571 2894 675 2926 solita
707 2895 743 2926 in
773 2896 1122 2940 congregationibus
1154 2897 1411 2930 Universitatis
1443 2903 1478 2929 et
1511 2896 1592 2929 aliis
1623 2895 1827 2928 scolasticis
1857 2894 1997 2927 actibus
2027 2901 2227 2927 ceterarum
