2502 3418
259 349 356 385 1426]
604 362 650 383 An
687 361 793 383 ΑΝΝο
828 359 1117 382 mecenxxxxw
1147 359 1278 388 USQUE
1314 360 1363 382 An
1396 360 1535 381 ANNUM
1570 360 1774 382 mccccmi.
2057 351 2121 384 463

350 436 467 461 Asinum
480 436 596 459 chartac.
611 436 636 459 in
654 436 731 460 Arch.
743 438 796 459 nat.
812 434 907 463 Paris..
924 435 947 458 M
960 435 1011 463 05¹,
1027 439 1056 457 n0
1069 435 1107 458 71.

350 520 374 545 1.
389 520 495 544 Juliano
511 520 542 543 de
558 520 691 544 Cesarinis
708 519 847 549 (cardinali
865 528 906 542 an.
929 519 998 547 1426,
1019 519 1080 542 Maii
1103 520 1140 546 24,
1161 519 1206 541 sed
1226 518 1361 549 publicato
1382 519 1468 541 solum
1489 527 1531 542 an.
1553 519 1622 547 1430,
1641 519 1767 542 Noveml).
1784 520 1807 546 8,
1825 527 1883 542 cum
1904 519 1944 542 tit.
1969 521 1994 543 S.
2011 520 2122 551 Angeli),

257 573 268 588 α
285 565 424 596 utriusque
439 565 507 596 juris
524 565 635 597 doctori,
658 564 772 588 auditori
792 572 933 587 causarum
951 564 1045 595 palatii
1064 567 1148 595 apost.
1165 573 1185 591 υ,
1205 563 1332 586 Martinus
1353 564 1372 586 V
1388 572 1430 587 an.
1451 563 1520 593 1423,
1541 563 1625 594 Api-it.
1641 566 1663 592 5,
1680 563 1752 586 dedit
1772 564 2044 594 salvumcouductum,
2065 573 2122 587 eum

256 610 412 633 destinando
429 619 440 632 «
459 613 591 633 oratorem
609 613 728 633 nostrum
745 609 778 632 od
794 617 904 640 regnum
922 609 1015 639 Anglie
1031 611 1056 631 et
1075 608 1204 639 quasdam
1225 608 1291 631 alias
1312 608 1402 631 mundi
1422 611 1512 639 partes
1530 616 1541 630 »
1562 609 1636 639 (ch.
1657 609 1714 631 vat.
1732 609 1808 631 Mart.
1824 609 1852 637 V,
1872 613 1900 631 11ο
1920 610 1974 637 355,
1994 609 2038 632 t'ol.
2058 610 2123 638 202).

256 654 328 678 Aliae
344 654 447 678 litterae
462 663 547 686 papae
563 654 596 677 nd
612 662 671 677 eum
688 662 699 677 (1
714 654 741 677 111
760 662 841 686 regno
857 653 968 685 Angline
983 656 1116 676 oratorem
1132 661 1143 675 »
1160 656 1221 676 sunt
1233 653 1286 676 Jul.
1303 654 1331 676 17
1348 654 1420 684 (ch.
1436 654 1504 682 Vnt„
1521 658 1549 675 n⁰
1564 654 1617 680 359,
1636 653 1680 676 sol.
1699 654 1747 682 37).
1762 653 1909 684 Opinamur
1924 653 2058 676 Julianum
2074 654 2123 676 hac

254 699 392 722 occasione
406 699 544 722 Franciam
559 699 704 730 peregisse.
721 699 760 722 Cf.
775 702 828 722 not.
842 700 865 722 3.
881 712 908 716 -
927 698 950 723 2.
968 699 996 721 In
1012 698 1060 720 hoc
1073 698 1238 721 Universitas
1255 701 1316 720 tunc
1332 706 1422 720 verum
1439 698 1512 726 dixit,
1530 701 1558 720 ut
1573 706 1585 720 e
1601 697 1784 729 superioribus
1800 701 1882 729 patet.
1893 711 1922 715 -—-
1934 697 1956 721 3.
1977 698 2123 729 Opinamur

256 743 303 767 hos
319 744 446 767 articulos
462 752 520 767 esse
533 743 639 767 eosdem
651 743 695 774 qui
711 743 737 766 in
753 748 828 766 num⁰
844 743 972 774 sequenti.

258 907 401 944 2289.
430 916 604 942 Universitas
620 917 715 942 Paris.
731 916 879 952 supplicat
895 917 1020 942 Martino
1041 917 1067 950 V,
1085 920 1114 941 ut
1135 916 1192 942 sibi
1209 916 1324 952 judices
1345 917 1373 941 in
1392 916 1506 942 civitate
1520 916 1616 942 Par-is.
1639 925 1691 952 pro
1708 915 1836 941 omnibus
1854 916 2002 941 instantiis
2018 916 2124 941 consti-

346 969 423 999 tuat;
440 965 558 1001 aliaque
570 967 653 1002 petit.

1430 1002 1504 1031 1426,
1520 1001 1668 1028 Decembris
1680 1002 1719 1031 21,
1736 1003 1836 1028 Romae.

812 1092 875 1124 Que
890 1099 974 1117 cause
990 1091 1160 1117 Parisienses
1173 1091 1282 1117 debent
1297 1091 1414 1117 tractari
1431 1091 1460 1117 in
1476 1091 1565 1117 curia.

344 1166 529 1211 Supplicat
551 1167 585 1200 S.
602 1168 644 1200 V.
663 1166 810 1199 humilis
828 1173 862 1199 et
879 1167 1006 1199 devota
1025 1168 1062 1198 E.
1083 1167 1117 1199 S.
1138 1166 1207 1199 tilia
1226 1167 1454 1199 Universitas
1472 1166 1582 1199 studii
1605 1167 1822 1199 l'arisiensis
1840 1173 2019 1211 quatenus
2036 1167 2122 1211 peti-

254 1233 389 1266 tionem
407 1234 671 1279 infrascriptam
690 1234 861 1267 exaudire
879 1234 1080 1278 dignemini
1098 1234 1141 1266 de
1162 1234 1275 1278 gratia
1298 1234 1460 1278 speciali.
1484 1233 1716 1266 Beatissimi&
1736 1240 1847 1278 pater,
1867 1234 2003 1266 dudum
2026 1234 2060 1267 S.
2077 1235 2119 1267 V.

255 1300 349 1340 inter
369 1300 567 1333 nonnullos
589 1300 761 1333 articulos
790 1312 855 1346 per
876 1302 915 1333 F..
940 1301 974 1334 S.
998 1301 1138 1333 devotis
1162 1300 1368 1333 oratoribus
1388 1300 1521 1333 vestris
1543 1300 1755 1333 doctoribus
1777 1307 1812 1333 et
1835 1301 2018 1345 magistris
2040 1313 2122 1346 pre-

254 1368 322 1400 fate
342 1368 597 1401 Universitatis
619 1375 703 1401 tune
724 1369 883 1413 gratiose
905 1379 1102 1401 concessos
1119 1368 1231 1401 voluit
1251 1375 1284 1401 ct
1305 1368 1486 1400 concessit
1505 1368 1601 1412 quod
1624 1367 1856 1401 beneficiales
1875 1375 1909 1401 et
1924 1368 1992 1400 alie
2014 1369 2121 1413 spiri-

255 1434 370 1467 tuales
392 1447 498 1468 cause
526 1435 695 1468 doctores
721 1442 753 1468 et
780 1436 974 1480 magistros
1000 1447 1039 1468 ac
1066 1435 1226 1468 scolares
1254 1435 1369 1480 ipsius
1391 1435 1647 1468 UniversitatiS
1673 1442 1863 1479 tangentes
1885 1435 1975 1468 infra
1997 1447 2120 1468 muros

254 1502 480 1535 Parisienses
507 1503 543 1534 in
569 1502 682 1547 prima
708 1503 877 1535 instantia
904 1509 1142 1536 tractarentur
1166 1509 1201 1534 et
1231 1502 1520 1534 deci<lercntur².
1547 1503 1695 1543 Verum,
1723 1503 1760 1534 P.
1790 1503 1838 1542 S.,
1866 1514 1944 1534 eum
1973 1510 2120 1547 propter

254 1568 514 1602 beneficiorum
536 1570 746 1603 tenuitatem
773 1576 808 1603 et
833 1570 1104 1615 suppositorum
1128 1569 1291 1614 ejusdem
1320 1570 1575 1602 Universitatis
1599 1569 1834 1614 plurimorum
1858 1576 2117 1614 paupertatem,

254 1648 396 1669 necnon
417 1649 569 1680 guerras
590 1637 626 1669 in
654 1649 767 1682 regno
792 1638 940 1670 Francie
961 1638 1128 1681 vigentes
1153 1638 1364 1681 viarumque
1387 1636 1596 1669 discrimina
1619 1638 1698 1680 (que
1721 1643 1815 1669 tanta
1839 1643 1923 1670 sunt
1945 1637 2041 1681 quod
2063 1638 2120 1670 vix

254 1704 384 1736 audeat
403 1703 534 1748 aliquis
556 1704 598 1737 ad
621 1706 814 1737 Romanam
833 1705 966 1737 curiam
990 1705 1057 1736 iter
1077 1704 1249 1749 arripere)
1267 1716 1374 1736 cause
1391 1703 1600 1748 hujusmodi
1623 1703 1760 1748 absque
1782 1704 1883 1748 gravi
1905 1704 2117 1749 dampno....

254 1770 290 1802 in
313 1770 405 1803 dicta
427 1771 524 1803 curia
546 1772 688 1804 tractari
715 1784 787 1804 non
811 1778 977 1816 possunt,
1002 1784 1065 1816 pro
1089 1778 1186 1816 parte
1208 1771 1371 1815 ejusdem
1402 1770 1657 1803 Universitatis
1679 1772 1718 1804 E.
1747 1771 1781 1803 S.
1808 1772 1851 1804 V.
1880 1770 2065 1803 humiliter
2086 1778 2121 1803 et,

255 1838 383 1870 devote
405 1838 629 1883 supplicatur
649 1845 884 1882 quatenus...
908 1838 1123 1878 concedere,
1147 1838 1345 1871 decernere
1368 1844 1402 1870 et
1423 1844 1581 1870 statuere
1603 1837 1805 1881 dignemini
1824 1838 1919 1882 quod
1938 1838 1981 1870 (le
1999 1845 2119 1871 cetero

253 1904 517 1949 imperpetuum
541 1917 667 1938 omnes
689 1912 724 1938 et
745 1905 890 1950 singule
911 1917 1019 1938 cause
1042 1905 1249 1949 hujusmodi
1269 1917 1332 1949 per
1354 1904 1497 1948 singula
1520 1905 1707 1949 supposita
1729 1905 1845 1949 ipsius
1864 1905 2119 1938 Universitatis

252 1983 314 2004 seu
336 1978 460 2004 contra
480 1972 539 2005 illa
559 1979 654 2005 mote
676 1979 711 2005 et
731 1973 908 2006 movende
934 1973 977 2005 ad
999 1972 1149 2005 candem
1172 1972 1307 2005 curiam
1329 1971 1498 2005 devoluto
1524 1971 1581 2004 vel
1608 1983 1681 2003 non
1706 1972 1888 2013 devoluto,
1911 1979 1971 2005 aut.
1994 1972 2117 2005 devol-

250 2039 366 2072 vende
388 2051 452 2072 seu
471 2052 542 2072 non
560 2040 799 2081 devolvende,
819 2052 897 2072 eum
917 2040 1086 2072 omnibus
1103 2040 1180 2073 suis
1198 2038 1471 2084 emergentibus
1489 2046 1524 2071 et.
1538 2040 1712 2072 connexis
1730 2039 1820 2072 insra
1841 2040 1958 2072 dictos
1977 2052 2114 2081 muros,

254 2113 289 2139 et
309 2118 381 2138 non
402 2106 501 2147 alibi,
524 2107 628 2139 etiam
651 2107 687 2139 in
709 2108 743 2139 2ελ
763 2114 798 2140 et
818 2109 853 2140 3³
873 2107 1062 2140 instant-iis
1084 2120 1122 2140 ac
1145 2107 1300 2139 finaliter
1322 2113 1531 2147 tractentur,
1549 2113 1830 2150 cognoscantur,
1850 2107 2063 2139 decidantur
2083 2115 2117 2140 ct

254 2173 438 2215 finiantur,
451 2174 659 2219 deputando
673 2174 828 2219 aliquem
847 2186 890 2207 ex
903 2174 1224 2207 conservatoribus
1242 2173 1517 2219 privilegiorum
1536 2173 1652 2217 ipsius
1668 2173 1935 2213 Universitatis,
1949 2174 2118 2207 videlicet

254 2241 480 2282 Belvacens.,
496 2241 674 2274 Meldens.
698 2248 732 2274 et
749 2242 1009 2275 SilvanectenS.
1029 2232 1256 2286 episcop053,
1275 2241 1335 2285 qui
1353 2241 1563 2273 auctoritate
1580 2240 1776 2285 apostolica
1793 2241 1974 2285 aliquibus
1993 2241 2117 2286 probis

253 2308 341 2340 viris
363 2308 452 2340 infra
475 2308 590 2341 dictos
612 2321 735 2341 muros
752 2309 1000 2342 residentibus
1020 2321 1147 2342 causas
1164 2308 1373 2353 hujusmodi
1391 2308 1615 2340 committere
1632 2307 1747 2340 valeat
1762 2308 1946 2348 audiendi,
1966 2321 2116 2353 eognos-

254 2375 359 2407 cendi
382 2382 416 2407 et
437 2375 507 2407 fine
529 2375 651 2408 debito
674 2376 890 2408 terminandi
912 2388 990 2409 cum
1015 2383 1191 2421 potestate
1213 2376 1403 2408 citandi....
1424 2375 1560 2407 —Fiat
1581 2381 1619 2406 ut
1640 2375 1784 2419 petitur.
1808 2375 1912 2416 Quod
1931 2375 1961 2407 si
1982 2376 2117 2408 suerint

253 2448 406 2482 actores,
436 2442 494 2474 fiat
521 2442 574 2475 eis
601 2443 793 2475 summaria
814 2443 956 2487 justitia
982 2443 1018 2475 in
1049 2443 1161 2484 curia,
1189 2443 1219 2475 si
1250 2443 1385 2475 suerint
1412 2442 1477 2483 rei,
1512 2448 1678 2474 servetur
1711 2442 1800 2474 ordo
1827 2442 1921 2486 juris
1948 2449 1983 2475 et
2010 2443 2115 2475 stilus

254 2509 365 2541 curie.
386 2509 428 2542 O.

513 2573 630 2607 Excepti
645 2582 661 2599 a
677 2575 864 2608 prerogativis
879 2575 1085 2601 Parisiensibus
1100 2575 1194 2600 solum
1211 2574 1398 2607 excipiuntur
1414 2573 1511 2606 quoad
1527 2572 1650 2598 unicum
1666 2572 1851 2598 beneficium.

343 2649 429 2680 ltem
448 2648 620 2693 dignetur
637 2649 759 2681 eadem
783 2650 952 2683 sanctitas
970 2650 1167 2682 decernere
1185 2655 1219 2681 ct
1240 2648 1435 2688 declarare,
1455 2647 1622 2691 singulos
1646 2654 1816 2691 exceptos
1837 2660 1854 2679 a
1877 2649 2115 2693 prerogativis

254 2726 317 2759 per
338 2715 498 2747 eamdem
521 2716 743 2748 sanctitatem
767 2724 919 2750 vestram
944 2716 1156 2749 doctoribus
1178 2722 1210 2748 ct
1235 2715 1417 2760 magistris
1434 2715 1469 2746 in
1491 2714 1653 2747 secundo
1676 2714 1864 2759 principali
1883 2715 2000 2748 rotulo
2022 2716 2115 2749 dicte

254 2782 508 2814 Universitatis
531 2782 598 2814 sub
621 2797 636 2813 «
660 2783 779 2815 (latum
798 2784 847 2828 iiij
872 2783 940 2816 kal.
964 2783 1100 2828 Aprilis
1124 2783 1249 2827 pontis.
1274 2782 1382 2815 vestri
1406 2793 1499 2814 anno
1523 2789 1586 2813 ν110
1609 2795 1623 2811 ))
1648 2781 1791 2825 signato
1813 2781 2006 2827 descriptis
2030 2795 2115 2815 con-

254 2848 381 2889 cessis,
400 2849 517 2893 quoad
541 2850 684 2882 unicum
707 2850 923 2883 beneficium
942 2851 1120 2883 dumtaxat
1144 2862 1207 2894 per
1224 2849 1369 2882 eosdem
1390 2855 1559 2893 exceptos
1577 2849 1844 2892 assequendum
1860 2849 1917 2882 vel
1934 2850 2029 2894 quod
2042 2851 2113 2895 jam

254 2916 410 2947 assecuti
432 2916 567 2949 suerint
588 2923 757 2962 exceptos
780 2929 875 2950 esse.
896 2938 938 2942 —
961 2918 1036 2951 Fiat
1057 2924 1093 2949 ut
1115 2917 1249 2962 petitur
1271 2915 1388 2960 quoad
1409 2922 1587 2948 vacatura.
1611 2915 1652 2947 O.
