2502 3418
382 333 447 366 756

956 341 1280 364 CHARTULARIUM
1315 341 1509 363 UNIVERS.
1546 339 1678 362 PARIS.

386 410 2251 425 *ᾖ

383 569 444 592 1999

384 805 445 827 2000

384 906 443 930 2001

384 1156 444 1178 2003

384 1258 443 1280 2004

384 1315 444 1338 2005

383 1373 444 1395 2006

383 1431 443 1453 2007

383 1488 443 1511 2008

383 1547 443 1569 2009

383 1649 443 1671 2010

383 1752 440 1774 2011

383 1854 443 1877 2012

384 1912 443 1934 2013

384 1970 443 1992 2014

384 2073 444 2095 2015

384 2131 445 2153 2016

385 2371 445 2394 2018

386 2474 446 2496 201⁴.»

386 2577 447 2599 ‘2020

387 2635 444 2656 2021

387 2736 446 2759 2022

388 2838 447 2860 2023

519 566 586 592 1413

482 1156 624 1182 1413-1414

520 1259 583 1284 1413

519 1317 586 1342 1414

1117 470 1273 495 Concilium
1286 468 1350 502 fidei
1365 468 1526 493 Parisiense
1538 468 1568 492 in
1581 474 1668 492 causa
1683 468 1823 492 Johannis
1838 467 1939 492 Parvi.

1376 514 1490 538 (Continet
1502 516 1536 533 n⁰¹
1551 513 1684 537 lass-2017.)

662 567 818 590 Novembris
834 567 863 590 15
899 567 926 590 ln
943 567 1065 599 Capitulo
1081 568 1198 599 generali
1213 567 1399 591 canonicorum
1415 566 1499 590 Paris.
1515 566 1689 597 perleguntur
1704 565 1807 588 litterae
1818 564 1906 589 Caroli
1922 565 1964 594 Vl,
1980 564 2076 596 quibus
2089 572 2164 588 revo-

728 817 757 819 —
835 803 864 825 30

676 904 824 928 Decembris
840 905 855 927 4

742 1065 769 1068 —-
841 1052 854 1074 8

664 1154 723 1177 Dec.
738 1154 841 1177 19-Jan.
857 1156 870 1177 5

667 1256 816 1280 Decembris
833 1257 860 1280 31

689 1314 810 1338 Januarii
826 1317 839 1338 5

658 1372 778 1396 Januarii
797 1375 820 1401 5,
841 1373 870 1395 29

658 1431 716 1455 Jan.
734 1431 838 1454 31-Feb.
856 1432 869 1454 3

685 1488 821 1512 Februarii
836 1490 850 1512 4

736 1560 766 1564 -
836 1549 850 1570 6

735 1663 766 1666 ——
837 1651 849 1673 7

736 1766 766 1770 -
837 1754 849 1775 7

686 1854 762 1878 Febr.
780 1855 850 1878 12-19

673 1913 810 1936 Februarii
825 1915 854 1937 23

726 1985 756 1988 -
826 1973 855 1995 23

726 2088 754 2091 -
825 2075 854 2098 23

700 2132 786 2155 Martii
805 2133 833 2155 16

738 2235 823 2258 -17

722 2371 807 2394 Initio.

660 2473 872 2503 Jan.21;Feb.1,9

700 2575 786 2599 Martii
802 2576 829 2599 31

661 2634 725 2656 Ante
734 2633 831 2664 Aprilis
846 2634 870 2656 14

697 2736 793 2767 Aprilis
811 2737 838 2759 16

734 2852 759 2856 —
810 2839 838 2861 28

929 615 971 635 cat
990 612 1092 635 litteras
1115 621 1157 636 an.
1179 613 1249 641 1411,
1268 611 1360 635 Octob.
1381 612 1410 639 33
1427 611 1521 634 deinde
1535 610 1595 634 Joh.
1614 610 1713 634 Gerson
1728 612 1901 641 protestatur,
1918 612 1995 632 antea
2014 617 2066 632 non
2082 608 2163 632 fuisse

929 656 1094 685 libertatem;
1115 657 1142 679 in
1165 656 1379 688 promulgatione
1398 654 1698 678 excommunicationum
1716 654 1854 678 occasione
1872 654 1962 677 bullae
1980 653 2080 677 Urbani
2098 653 2119 676 V
2136 661 2163 676 se

930 709 980 724 non
996 701 1151 732 praebuisse
1166 709 1303 724 assensum
1324 708 1477 731 expressum
1493 702 1518 722 et
1534 699 1661 730 liberum3
1680 699 1787 723 obtenta
1802 699 1895 730 majori
1910 698 2032 722 libertate
2048 706 2075 721 se
2088 697 2164 721 offert

930 746 962 768 ad
977 746 1155 776 praedicanda
1171 754 1238 777 quae
1257 753 1319 768 vera
1335 747 1405 774 sunt,
1421 747 1446 767 et
1463 743 1616 775 episcopum
1633 743 1718 768 Paris.
1734 744 1767 767 ad
1785 744 1833 767 hoc
1851 744 1972 766 hortatur
1976 759 2163 766 ........
2208 741 2253 764 269

900 803 987 826 Prima
1008 803 1100 827 sessio.
1121 804 1215 826 Coram
1237 803 1296 826 Joh.
1319 801 1437 831 Tuderti,
1461 801 1566 824 officiali
1586 801 1681 832 Paris.r
1701 802 1792 833 plures
1808 801 1931 832 magistri
1946 800 2163 833 justificationem

930 848 1004 871 ducis
1020 848 1189 879 Burgundiae
1205 856 1219 870 a
1235 847 1357 870 defuncto
1376 855 1446 877 mag.
1461 846 1522 869 Joh.
1538 846 1615 869 Parvi
1633 846 1744 869 audiunt
1758 849 1783 870 et
1797 846 1947 870 examinant
1950 862 2162 869 .........
2208 842 2251 866 271

900 906 1020 929 Secunda
1039 906 1133 929 sessio.
1159 905 1292 929 Germ-dus
1314 904 1395 936 episc.
1418 907 1443 927 et
1462 904 1520 927 Joh.
1540 904 1632 933 Poleti,
1652 890 1809 935 inquisitors
1824 890 1918 935 petunt
1938 912 1952 927 a
1975 903 2111 935 magistris
2131 911 2164 926 an

930 950 1089 973 assertiones
1112 951 1124 973 7
1148 953 1279 973 extractae
1299 957 1312 973 e
1328 949 1534 981 Justificatione
1553 949 1633 973 ducis
1653 948 1839 979 Burgundicce
1858 947 2051 972 rationabiliter
2077 950 2165 971 essent

930 994 1086 1026 reprobatae
1093 1011 1100 1018 .
1123 1009 2163 1018 .........................................
2209 989 2254 1013 272

899 1052 1039 1076 Conclusio
1055 1052 1185 1075 fabricata
1200 1060 1248 1083 per
1261 1060 1331 1083 mag.
1347 1051 1407 1075 Joh.
1424 1051 1577 1081 Gersonem,
1591 1059 1671 1082 quam
1686 1050 1827 1082 episcopus
1843 1050 2001 1074 Parisiensis
2018 1050 2091 1073 misit
2103 1058 2165 1073 noa-

929 1097 1010 1120 nullis
1028 1097 1181 1120 doctoribus
1197 1096 1385 1120 Universitatis
1401 1096 1496 1125 Paris„
1513 1104 1572 1119 cum
1587 1096 1642 1119 suis
1658 1095 1890 1127 reprobationibus
1899 1111 2163 1120 ...........
2209 1092 2254 1116 273

899 1155 987 1178 Tertia
1003 1154 1097 1178 sessio.
1113 1155 1235 1186 Magistri
1251 1154 1276 1177 in
1294 1154 1377 1178 theol.
1393 1154 1425 1177 de
1439 1153 1633 1177 assertionibus
1649 1154 1662 1177 7
1678 1153 1806 1177 Johannis
1822 1153 1901 1177 Parvi
1921 1157 1975 1177 tam
1990 1152 2071 1177 verbo
2086 1161 2163 1185 quam

930 1199 1038 1231 scriptis
1054 1208 1115 1223 suas
1131 1199 1268 1231 opiniones
1284 1200 1423 1230 proferunt
1430 1215 2163 1223 .............................
2209 1190 2255 1218 273

900 1258 1021 1281 Facultas
1037 1258 1134 1281 decret.
1152 1257 1363 1289 propositionem
1379 1266 1393 1280 a
1409 1257 1524 1281 Gersone
1540 1265 1627 1280 coram
1644 1264 1705 1287 rege
1721 1257 1818 1279 factam
1833 1257 1960 1280 desavoat
1978 1273 2163 1281 ........
2209 1252 2256 1276 275

899 1316 975 1339 Natio
988 1316 1124 1339 Picardiae
1141 1315 1175 1339 ob
1192 1315 1311 1339 eamdem
1329 1323 1436 1338 causam
1451 1315 1595 1339 Gcrsonem
1615 1315 1741 1338 desavoat
1743 1331 2164 1338 .................
2209 1311 2256 1339 275

900 1374 1046 1397 Concilium
1061 1374 1257 1405 deputatorum.
1274 1373 1294 1397 Ii
1312 1376 1442 1405 quaerunt
1457 1381 1489 1396 an
1505 1374 1518 1396 7
1533 1372 1730 1404 propositiones
1745 1372 1828 1404 probe
1845 1372 1945 1397 Gerson
1962 1372 2112 1396 extraxerit.
2133 1391 2137 1395 .
2157 1389 2163 1396 .
2210 1368 2256 1392 276

900 1432 1011 1456 Easdem
1027 1431 1222 1463 propositiones
1239 1431 1361 1463 magistri
1376 1431 1526 1454 examinant
1542 1439 1572 1454 ac
1587 1430 1711 1462 mitigare
1726 1434 1828 1454 tentant
1831 1447 2164 1455 ..............
2209 1426 2256 1449 276

899 1490 1010 1513 Carolus
1022 1490 1053 1513 Vl
1068 1490 1180 1512 miratur
1193 1489 1263 1521 quod
1277 1489 1400 1520 magistri
1415 1497 1518 1512 errores
1533 1489 1592 1512 Joh.
1608 1488 1686 1512 Parvi
1702 1489 1818 1512 nondum
1831 1488 2072 1512 condemnaverint.
2083 1506 2088 1511 .
2108 1506 2113 1511 .
2134 1506 2139 1511 .
2159 1505 2165 1512 .
2210 1479 2255 1507 277

899 1548 1046 1571 Concilium
1069 1548 1267 1578 deputatorum.
1284 1546 1490 1575 Quatuordecim
1506 1546 1625 1578 deputati
1641 1546 1790 1570 deliberant
1808 1546 1839 1569 de
1858 1548 1872 1569 9
1887 1546 2079 1570 assertionibus
2095 1545 2167 1569 novi-

929 1596 968 1616 ter
986 1592 1119 1621 extractis,
1133 1600 1176 1615 eas
1193 1600 1251 1616 esse
1266 1592 1332 1615 bene
1347 1595 1477 1615 extractas
1493 1595 1518 1615 et
1532 1591 1677 1623 mitigatas,
1694 1594 1719 1615 et
1733 1591 1919 1623 proponendas
1935 1591 2052 1615 Concilio
2069 1591 2140 1614 fidei.
2159 1608 2165 1614 .
2210 1584 2257 1610 277

899 1651 1048 1679 Conclusio,
1065 1651 1135 1682 quod
1151 1659 1196 1674 eae
1211 1652 1225 1674 9
1241 1650 1400 1674 assertiones
1416 1650 1583 1674 mitterentur
1603 1649 1725 1673 omnibus
1744 1649 1881 1681 magistris
1900 1649 1983 1673 theol.
1998 1649 2120 1681 aliisque,
2139 1652 2167 1673 ut

930 1698 1063 1719 maturum
1079 1699 1104 1719 et
1122 1695 1229 1718 salubre
1246 1694 1387 1718 eonsilium
1407 1695 1481 1718 fieret
1485 1712 1673 1719 ........
1694 1715 1698 1719 .
1720 1711 2165 1719 ..................
2211 1686 2257 1713 277

900 1754 1046 1785 Episcopus
1060 1753 1144 1777 Paris.
1154 1756 1179 1777 et
1189 1753 1330 1785 inquisitor
1342 1755 1357 1777 9
1372 1753 1531 1776 assertiones
1547 1753 1632 1776 denuo
1641 1761 1654 1776 e
1666 1752 1874 1784 Justificatione
1885 1752 1967 1777 ducis
1979 1751 2167 1783 Burgundiae

930 1802 1059 1822 extractas
1075 1798 1156 1822 mittit
1176 1798 1313 1829 magistris
1334 1798 1366 1821 ad
1384 1798 1584 1821 deliberandum
1590 1813 2164 1822 .......................
2211 1792 2255 1815 277

899 1856 1045 1880 Concilium
1060 1856 1131 1880 fidei.
1144 1857 1244 1884 Quarta
1257 1856 1349 1880 sessio.
1364 1856 1446 1887 Major
1460 1864 1524 1887 pars
1540 1864 1588 1887 pro
1606 1855 1822 1879 condemnatione
1835 1855 1896 1880 Joh.
1910 1855 1987 1879 Parvi
2006 1854 2055 1878 suit
2058 1872 2165 1880 .....
2211 1843 2258 1874 279

900 1915 938 1938 ld.
954 1915 1052 1943 Quinta
1065 1915 1158 1938 sessio.
1174 1914 1299 1938 Officialis
1315 1914 1401 1938 Paris.
1416 1914 1592 1938 instrumenta
1606 1922 1748 1945 processus
1763 1913 1829 1945 legit
1831 1930 2165 1937 ..............
2211 1908 2256 1931 280

900 1983 912 1995 «
935 1973 1124 1996 condemnatio
1147 1972 1339 2004 propositionis
1362 1972 1483 2004 magistri
1505 1972 1634 1996 Johannis
1657 1971 1724 1995 Petit
1751 1979 1831 2003 super
1852 1974 1934 1994 morte
1954 1970 2028 1994 ducis
2050 1970 2167 1995 Aurelia-

931 2018 1029 2041 nensis.
1046 2027 1059 2039 »
1064 2033 2164 2042 ...........................................
2211 2015 2256 2038 280

901 2076 1089 2099 Condemnatio
1105 2084 1198 2099 novem
1214 2075 1391 2099 assertionum
1405 2075 1527 2107 magistri
1543 2075 1671 2099 Johannis
1687 2074 1766 2098 Parvi
1770 2090 2164 2100 ................
2210 2073 2256 2096 283

900 2134 1010 2157 Carolus
1024 2134 1056 2157 Vl
1070 2134 1146 2165 jubet
1161 2134 1405 2157 condemnationem
1418 2133 1634 2164 Juslificationis
1649 2134 1730 2158 ducis
1744 2131 2089 2168 Buryundiae'publicarh
2100 2131 2167 2163 ejus-

931 2179 1042 2210 demque
1059 2179 1221 2210 exemplaria
1236 2178 1356 2210 perquiri
1369 2182 1394 2202 et
1409 2178 1528 2202 comburi
1533 2192 2166 2203 .........................
2211 2174 2257 2199 283

903 2237 1066 2260 Universitas
1080 2237 1203 2260 omnibus
1220 2237 1367 2264 annuntiat,
1385 2245 1488 2260 errores
1503 2237 1536 2259 ab
1550 2237 1632 2268 episc.
1650 2236 1735 2260 Paris.
1752 2239 1777 2259 et
1793 2236 1950 2268 inquisitore
1965 2235 2165 2263 condemnatum

931 2282 1138 2305 comburendam
1153 2282 1388 2314 Justificationem
1401 2282 1482 2306 ducis
1497 2282 1696 2312 Buryundiae.
1722 2297 2166 2305 ..................
2211 2279 2257 2302 2844

901 2371 1020 2402 Epistola
1035 2371 1213 2394 consolatoria
1229 2371 1416 2394 Universitatis
1433 2371 1465 2394 ad
1481 2371 1610 2394 Jacobum
1631 2371 1651 2403 1,
1667 2378 1756 2402 regem
1777 2370 1889 2399 Scotiue,
1904 2369 1975 2400 apud
1993 2369 2091 2400 Anglos
2109 2377 2168 2400 cap-

931 2416 1014 2439 tivum
1019 2431 1933 2441 ....................................
1946 2437 1948 2439 ,
1953 2431 2166 2438 .........
2211 2413 2257 2437 285

902 2474 1067 2497 Universitas
1080 2474 1210 2498 deliberat
1225 2483 1274 2505 pro
1288 2474 1356 2497 bono
1372 2474 1443 2505 regis
1459 2477 1484 2497 et
1497 2474 1585 2505 regni;
1600 2473 1668 2497 inter
1685 2473 1738 2496 alia
1754 2476 1782 2496 ut
1797 2473 1849 2496 dux
1861 2472 2032 2504 Burgundiae
2044 2471 2166 2496 inimicus

932 2519 1002 2550 regis
1019 2519 1151 2550 capitalis,
1169 2519 1276 2542 rebellis
1293 2522 1318 2542 et
1333 2519 1486 2542 inobediens
1501 2521 1638 2550 reputetur
1641 2533 2165 2542 .....................
2211 2516 2257 2539 286

902 2577 1037 2601 Licentiuti
1054 2577 1078 2600 in
1096 2578 1221 2601 facultate
1233 2577 1377 2601 medicinae
1380 2592 2090 2601 ............................
2098 2592 2115 2604 ³.
2134 2592 2140 2598 .
2159 2591 2166 2598 .
2211 2574 2261 2607 ²⁸7:

902 2635 1066 2659 Universitas
1090 2635 1180 2658 comiti
1196 2636 1227 2658 de
1245 2635 1358 2666 Aleneon
1383 2635 1549 2658 commendat
1569 2634 1627 2660 Joh.
1648 2635 1780 2665 Mengant,
1805 2633 1978 2662 sacerdotem,
1999 2632 2166 2664 suppositum

932 2680 1118 2703 Universitatis
1124 2693 2166 2704 .........................................
2211 2676 2255 2699 287

901 2738 1061 2761 Alamannus
1075 2738 1218 2761 cardinalis
1235 2746 1329 2762 causas
1341 2738 1367 2761 in
1380 2738 1453 2761 Rom.
1467 2737 1541 2760 curia
1555 2738 1698 2769 pendentes
1713 2736 1869 2768 pronuntiat
1884 2735 1992 2759 Parisiis
2008 2735 2166 2759 decidendas

931 2791 988 2805 esse
993 2796 2166 2807 ..............................................
2211 2778 2258 2803 287

901 2840 1062 2863 Contestatio
1077 2840 1146 2863 inter
1158 2840 1218 2864 Joh.
1235 2841 1265 2864 de
1281 2840 1359 2869 Pisis,
1375 2849 1445 2871 mag.
1462 2840 1565 2867 medic..
1575 2848 1605 2863 ac
1619 2839 1728 2863 Mariam
1741 2839 1773 2862 de
1786 2839 1879 2868 Bosco,
1891 2838 2025 2861 dominam
2038 2838 2069 2861 de
2084 2837 2167 2861 Gran—

932 2885 984 2915 gia,
998 2885 1031 2907 ab
1047 2893 1076 2908 co
1091 2885 1207 2908 visitata.
1230 2899 2164 2909 .....................................
2178 2915 2183 2936 ff
2210 2881 2261 2904 288-
