2502 3418
387 332 453 364 664
969 337 1292 360 anaTULAmUM
1328 337 1519 358 usivsns.
1557 337 1688 358 mnis.
2160 326 2260 364 [1445

387 417 413 440 in
429 419 479 440 nrt.
500 415 570 447 apud
591 423 638 438 nos
659 415 710 438 fide
729 414 809 445 digno
828 413 1028 436 commendatur
1047 412 1207 440 testimonio,
1224 419 1271 435 nos
1291 411 1420 434 inducunt
1440 414 1469 434 ut
1483 411 1623 443 petitiones
1644 419 1706 435 suas
1723 428 1752 436 ...
1772 411 1944 435 admittamus
1961 420 1982 441 i),
2005 416 2055 437 ete.
2074 413 2259 443 (HEMERAEUS,

386 462 562 485 Athenaeum
586 460 807 491 Genovefanum‚
830 458 857 481 in
880 458 948 481 Bibl.
973 458 999 481 S.
1017 458 1164 481 Genoverne
1179 456 1273 484 Puris,
1294 464 1344 479 rns.
1365 457 1419 480 577.
1440 456 1485 480 sol.
1502 456 1581 486 41112).
1601 456 1652 479 Sed
1674 456 1806 480 nescimus
1822 457 1872 480 sub
1888 465 1940 489 qua
1962 457 2090 489 temporis
2111 462 2180 486 nota,
2200 467 2259 482 cum

384 505 482 529 ibidem
499 513 549 528 non
565 505 668 535 integra
684 503 820 532 afferatur,
832 506 857 526 et
869 503 895 526 in
910 502 988 525 Arch.
1002 502 1059 525 Vat.
1076 510 1133 525 eum
1148 509 1199 524 non
1213 501 1401 524 invenerimus.
1415 501 1601 524 Verisimiliter
1616 501 1650 524 nd
1664 500 1733 524 idem
1746 504 1851 532 ternpus
1865 505 1943 533 atque
1956 502 2117 534 supplicatio
2132 503 2255 534 pertinet,

384 550 446 574 licet
460 550 484 573 in
501 550 562 573 msw
577 549 657 572 citato
673 549 705 571 ad
726 557 768 571 an.
790 549 851 571 1446
870 549 1011 571 reseratur.
1027 547 1062 570 Ut
1081 550 1109 569 ut
1124 546 1168 575 sit,
1190 545 1329 577 Philippus
1351 545 1454 576 Anglici
1478 546 1563 569 solum
1580 554 1622 569 on.
1639 546 1708 574 1446,
1725 546 1859 577 Septemb.
1875 546 1914 576 19,
1936 546 2037 570 bullam
2053 547 2164 578 Eugenii
2185 548 2217 571 lv
2230 547 2257 571 in

385 595 509 620 facultate
525 594 623 617 artium
639 593 751 625 protulit
765 594 903 622 (Auctar.,
920 593 952 622 ll,
969 600 996 623 p.
1012 593 1067 622 665,
1081 592 1110 614 25
1123 592 1201 622 sqq.),
1218 591 1259 613 vel
1270 590 1325 621 jam
1341 590 1474 621 Septemb.
1491 591 1529 619 17,
1546 593 1574 613 ut
1588 590 1614 613 in
1630 591 1689 614 Lib.
1705 591 1806 619 facult.
1821 595 1883 615 nat.
1902 591 1986 621 Gall„
2002 592 2046 615 rol.
2062 593 2101 621 57,
2117 595 2250 620 narratur,

383 643 408 664 et
422 640 521 671 scripto
533 639 626 662 deinde
638 638 759 668 ostendit,
771 637 924 668 episcopum
938 636 1097 660 Mcldensem
1110 635 1308 667 inquisitionem
1320 634 1413 657 secisse
1425 636 1495 665 (post
1505 635 1631 658 Februar.
1644 636 1673 658 20
1684 638 1795 663 tuntum,
1807 638 1836 658 ut
1847 635 2029 659 concludimus
2043 644 2056 659 e
2069 637 2128 660 Lib.
2139 643 2257 667 procur.

383 689 444 710 nat.
463 684 547 714 Gall.,
565 684 609 707 sol.
626 683 677 713 46¹³)
692 686 717 706 ct
731 682 837 705 tandem
855 682 881 704 in
897 689 974 704 suum
991 682 1106 704 savorem
1127 679 1284 703 sententiam
1303 679 1448 710 protulisse
1466 682 1492 703 et
1510 679 1623 703 officium
1642 680 1844 703 cancellariatus
1862 681 2015 709 contulisse.
2036 681 2112 705 Natio
2132 681 2258 705 Franciae

383 730 443 753 inde
458 728 588 752 conclusit
603 728 720 759 recipere
733 727 912 758 juramentum
929 734 999 756 mag.
1015 724 1132 756 Philippi
1147 727 1283 755 tamquam
1300 723 1462 747 cancellarii.
1481 724 1603 747 Facultas
1621 724 1718 747 artium
1733 733 1793 748 eum
1808 725 1908 756 recepit
1926 725 1953 748 in
1969 725 2166 755 cancellarium,
2182 726 2258 758 eique

383 773 577 806 adjunctionem
595 772 719 804 promisit
734 774 824 795 contra
840 771 986 793 Johannem
1004 770 1035 793 de
1054 770 1144 799 Putco,
1160 769 1204 800 qui
1220 768 1367 800 appellavit
1383 768 1478 798 (ibid.).
1500 768 1639 800 Philippus
1656 777 1723 792 nunc
1739 769 1914 793 cancellarius
1927 770 2064 797 remansit,
2081 770 2159 794 etiam
2181 774 2258 802 post-

383 827 462 850 quam
478 827 520 842 nn.
537 819 606 847 1479,
622 818 689 848 Aug.
703 818 726 844 4,
741 817 766 839 in
783 816 905 839 abbatem
919 816 946 839 S.
962 815 1109 839 Genovesac
1124 813 1261 837 institutus
1279 816 1335 836 erut
1348 813 1413 843 (vid.
1430 813 1501 838 Gall.
1516 813 1623 842 christ„
1639 814 1693 844 Vll,
1710 822 1737 845 p.
1754 815 1798 837 763
1814 816 1875 846 sq.)‚
1890 814 1952 838 licet
1966 823 2009 838 an.
2026 815 2096 844 1450,
2112 818 2140 839 ut
2155 820 2183 838 n⁰
2196 816 2255 839 2667

383 863 542 892 videbimus,
561 861 727 886 Universitas
748 864 839 884 contra
860 861 947 891 ipsum
969 859 1083 882 similem
1104 859 1176 882 litem
1196 858 1374 887 intentaverit,
1395 861 1423 881 ut
1443 866 1512 882 sace.
1534 866 1578 881 xw
1603 861 1695 882 contra
1716 859 1862 882 Jobannem
1883 859 2031 883 Branchart
2054 863 2080 883 et
2099 860 2131 883 ad
2152 863 2256 892 tempus

383 908 506 932 Nicoluus
521 907 630 931 Juvenis
646 906 672 929 in
688 905 874 929 cancellarium
890 904 1028 927 institutus
1045 903 1133 927 suerit.
1148 903 1206 926 vid.
1223 907 1252 925 n⁰
1267 903 1337 926 2670.
1352 904 1401 934 Ap.
1418 902 1483 926 BUL.
1500 903 1531 926 de
1544 902 1595 933 his,
1609 911 1660 926 non
1673 903 1750 935 parvi
1762 904 1896 933 momenti,
1911 904 1986 936 quusi
2002 904 2147 929 silentium.

477 993 502 1018 1.
519 992 582 1015 Scil.
607 991 746 1019 Chartul„
762 991 805 1018 111,
818 998 844 1021 p.
861 990 914 1013 145.
929 989 1001 1017 Quae
1014 996 1096 1020 supra
1110 988 1141 1011 de
1154 998 1167 1010 α
1181 987 1327 1019 adjectione
1342 987 1440 1011 decreti
1458 987 1587 1011 irritantis
1601 996 1614 1009 υ
1635 988 1767 1019 dicuntur,
1785 990 1937 1012 reseruntur
1956 989 1990 1012 ad
2003 989 2104 1012 bullam
2120 989 2221 1013 Urbani
2237 991 2257 1014 V

383 1037 468 1068 (ibid.‚
485 1046 511 1068 p.
526 1037 591 1066 142),
607 1044 658 1067 qua
673 1036 807 1059 decretum
822 1034 931 1057 irritans
947 1033 1093 1064 generatim
1110 1033 1136 1056 in
1151 1035 1364 1064 transgressores
1381 1035 1542 1056 statutorum
1554 1032 1652 1056 emisit.
1666 1045 1698 1050 —
1710 1032 1735 1058 2.
1749 1033 1798 1057 Ms.
1815 1041 1820 1056 t
1833 1043 1846 1055 α
1862 1033 2047 1057 canonicatum
2062 1043 2085 1057 n.
2101 1048 2131 1052 —
2144 1033 2170 1060 3.
2187 1035 2236 1059 Ms,
2250 1042 2255 1058 ς

383 1093 396 1104 ιι
407 1082 490 1106 cidem
502 1091 525 1106 ».
541 1096 570 1099 —
585 1081 611 1107 k.
626 1082 675 1104 Ms.
688 1088 693 1103 ·.
708 1090 721 1102 α
733 1088 791 1103 cum
805 1088 856 1102 non
870 1079 1017 1110 denegatur
1027 1088 1050 1102 υ.
1063 1092 1091 1096 —
1107 1077 1132 1103 5.
1148 1077 1215 1106 Quia
1231 1080 1293 1100 tunc
1308 1080 1479 1101 conservator
1493 1077 1696 1109 privilegiorum
1713 1078 1771 1102 fuit.
1783 1092 1812 1096 —-
1826 1078 1850 1104 θ.
1867 1079 1966 1102 Revera
1980 1079 2114 1103 Johannes
2129 1079 2161 1103 de
2176 1079 2256 1104 Puteo

381 1135 427 1150 nec
442 1127 473 1150 dc
488 1126 655 1158 oppositione
670 1124 794 1153 nationis,
809 1132 856 1148 nec
869 1124 900 1147 de
913 1123 1092 1155 appellatione
1105 1122 1223 1153 Philippi
1239 1122 1319 1146 verba
1335 1121 1406 1145 fecit.
1421 1136 1449 1139 —
1463 1121 1486 1147 7.
1503 1122 1579 1145 Petro
1595 1122 1627 1146 de
1642 1122 1780 1146 Versnliis.

382 1293 506 1330 2601
517 1321 526 1330 .
550 1301 676 1327 Litterae
692 1300 768 1335 regis
787 1299 883 1326 Caroli
903 1301 960 1334 VII,
979 1299 1091 1335 quibus,
1111 1300 1184 1325 inter
1196 1299 1271 1325 alios
1286 1299 1376 1325 solum
1396 1308 1473 1325 veros
1492 1299 1639 1326 scholares
1653 1299 1788 1335 Parisiis,
1803 1300 1981 1332 Aurelianis,
1997 1301 2169 1337 Andegavis,
2184 1302 2253 1328 Pic-

471 1351 543 1377 tavis
560 1350 739 1387 excipiendo,
758 1354 886 1376 caeteros
902 1358 957 1375 non
975 1358 1035 1375 vere
1050 1348 1207 1383 scholares,
1224 1348 1341 1375 scholas
1356 1357 1411 1374 non
1427 1348 1585 1383 visitantes,
1603 1348 1644 1374 ad
1659 1348 1773 1375 talliam
1787 1349 1905 1384 obligat.

1503 1439 1576 1469 7445.
1591 1439 1661 1465 dunis
1672 1439 1964 1472 refingat-Septemb.

471 1530 548 1552 Arch.
564 1532 618 1553 nut.
635 1529 727 1559 Paris„
744 1530 787 1552 ΖΝ
802 1529 868 1557 145³,
884 1537 911 1559 p.
929 1528 968 1552 28.
984 1528 1042 1551 Vid.
1058 1529 1188 1558 Auctar.,
1203 1527 1234 1555 ll,
1254 1536 1281 1559 p.
1302 1527 1356 1556 621,
1373 1528 1403 1550 46
1419 1535 1477 1559 sqq.
1493 1530 1519 1550 ct
1533 1535 1560 1558 p.
1577 1528 1632 1557 628,
1649 1528 1688 1556 19,
1704 1527 1749 1551 ubi
1763 1529 1893 1552 vocantur
1907 1528 2020 1559 litterae,
2037 1538 2050 1550 α
2065 1529 2183 1553 totaliter
2197 1529 2249 1561 pri-

379 1574 475 1605 vilegia
492 1577 582 1597 nostra
596 1574 756 1605 extirpantes
771 1582 793 1597 ι).
810 1573 976 1597 Universitas
992 1572 1077 1597 Paris.
1090 1572 1174 1595 adivit
1186 1572 1369 1604 praepositum
1384 1572 1480 1601 Paris„
1496 1575 1525 1595 ut
1537 1572 1679 1604 impediret
1693 1572 1902 1604 publicationem
1917 1573 1979 1601 (vid.
1991 1582 2019 1605 p.
2035 1574 2100 1603 622).
2114 1574 2249 1604 Stibadia,

377 1627 444 1650 quae
459 1627 504 1642 rex
521 1628 535 1642 a
549 1619 604 1642 suis
617 1619 731 1642 subditis
746 1627 795 1650 pro
812 1619 879 1642 facto
901 1618 1033 1641 bellorum
1049 1618 1179 1649 exigebat,
1196 1617 1374 1640 ascendebant
1386 1617 1419 1640 ad
1434 1618 1480 1641 300
1490 1619 1536 1640 000
1551 1618 1666 1642 francos.
1679 1617 1738 1641 vid.
1753 1617 1831 1641 Arch.
1848 1621 1913 1647 nat„
1931 1618 1975 1641 2¹·
1993 1619 2032 1647 15,
2048 1619 2092 1643 sol.
2109 1619 2164 1643 116.
2177 1619 2250 1643 Tunc

376 1664 504 1695 temporis
517 1664 696 1687 ambnssiutor
707 1662 904 1690 Universitutis,
916 1662 1049 1686 Johunnes
1066 1663 1157 1691 lluwe,
1171 1661 1241 1693 apud
1255 1669 1343 1692 regem
1358 1662 1407 1685 fuit
1418 1663 1557 1692 (Auctar.,
1572 1671 1600 1693 p.
1612 1663 1666 1691 626,
1681 1663 1729 1692 32),
1746 1662 1873 1686 Novemb.
1889 1663 1919 1685 20
1929 1662 1984 1694 jam
1997 1663 2113 1687 Parisios
2126 1672 2248 1688 reversus

378 1708 460 1739 (ibid.,
473 1710 527 1739 628,
542 1709 590 1740 το).

379 1851 524 1888 2602
550 1858 673 1892 Quidam
694 1858 833 1884 notabilis
854 1858 910 1884 vir⁴
938 1858 1138 1884 Universitatis
1157 1858 1267 1889 Paris„
1289 1858 1416 1883 nationis
1436 1857 1636 1892 Alemanniae,
1656 1858 1684 1884 in
1706 1858 1871 1884 carceribus
1883 1858 1996 1895 palatii
2007 1859 2120 1895 positus
2136 1863 2180 1886 est
2196 1868 2249 1896 per

466 1908 628 1944 generales.
644 1908 806 1944 Episcopus
821 1907 937 1934 Paris.²³
953 1907 1085 1934 Novemb.
1102 1909 1135 1934 25
1150 1916 1181 1933 se
1196 1907 1331 1944 opposuit
1346 1907 1450 1933 rectori
1468 1907 1668 1933 Universitatis
1685 1911 1715 1933 ut
1729 1907 1911 1943 liberaretur,
1930 1908 2012 1934 immo
2030 1908 2114 1944 dixit,
2131 1918 2192 1935 eum
2208 1909 2248 1935 acl

464 1967 494 1984 se
507 1958 661 1994 pertinere,
680 1957 849 1992 adjungens,
875 1965 891 1983 ‹
907 1956 983 1992 quod
996 1957 1058 1993 ipse
1074 1965 1164 1992 neque
1179 1957 1226 1982 sui
1241 1957 1374 1990 officiarii
1395 1965 1449 1982 non
1473 1956 1644 1982 tenebantur
1657 1965 1773 1983 servare
1781 1957 1977 1992 juramentum
1993 1957 2070 1994 quod
2088 1957 2166 1984 alias
2179 1967 2248 1994 pre-

464 2008 599 2033 stiterunt
619 2006 812 2041 Universitati,
834 2010 971 2042 quantum
987 2006 1027 2032 ad
1045 2015 1079 2032 ea
1095 2015 1149 2042 que
1164 2010 1335 2032 concernunt
1356 2006 1511 2032 utilitatem
1530 2015 1581 2032 sue
1601 2005 1729 2040 ecclesie,
1750 2010 1777 2032 et
1792 2006 1869 2042 quod
1883 2007 1919 2033 de
1934 2007 2098 2041 hujusmodi
2112 2016 2142 2033 re
2157 2007 2248 2034 habe—

466 2057 515 2082 bat
532 2056 757 2082 declarationem
778 2065 796 2081 a
815 2064 923 2081 summo
938 2055 1076 2092 pontifice
1097 2065 1123 2082 »,
1145 2055 1262 2082 Interim
1282 2055 1414 2082 detentus
1437 2055 1571 2092 episcopo
1593 2056 1689 2082 Paris.
1714 2056 1840 2081 traditus
1856 2060 1906 2090 est,
1925 2065 2045 2092 eumque
2064 2057 2194 2083 Novemb.
2212 2058 2248 2084 28

464 2110 556 2132 rector
573 2105 683 2141 aliique
703 2105 848 2139 adierunt,
870 2104 1063 2141 supplicando
1087 2108 1116 2130 ut
1134 2104 1278 2130 scholaris
1299 2105 1512 2131 restitueretur.
1528 2105 1690 2141 Episcopus
1713 2106 1864 2139 recusavit,
1888 2105 1959 2141 quia
1974 2105 2107 2131 inhibitio
2123 2106 2150 2132 ei
2163 2107 2246 2140 sacta

465 2159 507 2181 est
518 2164 571 2191 per
585 2155 703 2181 clientes
719 2154 823 2189 regios.
844 2154 969 2180 Proinde
989 2154 1164 2180 Universitas
1180 2154 1310 2180 Novemb.
1328 2155 1362 2181 29
1378 2154 1526 2188 conclusit,
1542 2154 1641 2179 statim
1657 2154 1834 2180 cessationes
1847 2163 1865 2180 a
1880 2154 2069 2189 sermonibus,
2085 2158 2113 2181 et
2127 2155 2154 2181 si
2166 2154 2247 2181 scho-

465 2204 536 2230 laris
552 2204 628 2230 intra
642 2203 767 2229 triduum
781 2212 835 2229 non
851 2203 1060 2238 restitueretur,
1077 2203 1165 2229 eliam
1181 2203 1358 2229 cessationes
1372 2203 1410 2229 ab
1426 2203 1502 2229 omni
1514 2207 1581 2229 actu
1596 2202 1770 2229 scholastico
1784 2203 1939 2230 indicere3.

1509 2291 1585 2322 7445,
1599 2291 1714 2319 Moremb.
1731 2293 1829 2322 25-29,
1844 2292 1959 2319 Parisiis.

468 2383 522 2408 Lib.
539 2389 656 2413 procur.
670 2386 730 2406 nat.
749 2381 861 2413 Gallio„
879 2382 923 2406 sol.
941 2382 971 2405 40
987 2382 1073 2411 (Boin,
1090 2381 1118 2410 V,
1132 2389 1160 2412 p.
1175 2381 1220 2405 532
1234 2381 1299 2412 sq.);
1313 2382 1431 2405 Auctar-
1449 2381 1543 2405 Chart-
1566 2380 1699 2409 Univers„
1718 2381 1750 2411 11,
1767 2381 1882 2410 629-631,
1899 2381 1937 2405 13.

468 2475 493 2500 1.
504 2476 560 2498 Nun
571 2475 686 2498 Jacobus
698 2475 729 2498 dc
740 2475 841 2504 Goudn,
855 2478 882 2498 ut
894 2475 969 2503 Bm..¹
981 2475 1011 2504 V,
1022 2483 1050 2506 p.
1062 2476 1116 2503 533,
1128 2474 1233 2502 asserit,
1245 2482 1305 2497 nam
1316 2474 1347 2497 de
1358 2474 1450 2498 Gouda
1461 2475 1546 2497 solum
1558 2482 1626 2497 anno
1638 2474 1764 2506 sequenti,
1778 2475 1853 2498 Febr.
1866 2475 1904 2505 17,
1916 2483 1975 2498 cum
1987 2475 2047 2498 aliis
2063 2475 2183 2499 detentus
2194 2479 2244 2500 est.

376 2520 433 2544 Vid.
454 2520 522 2543 infru
542 2524 572 2542 n⁰
592 2521 653 2543 2606
670 2523 695 2543 et
710 2523 763 2543 not.
778 2520 800 2545 2.
818 2534 847 2537 —
863 2519 888 2544 2.
905 2519 1046 2551 Dionysius
1062 2519 1093 2542 de
1109 2518 1268 2548 Molendino,
1284 2518 1437 2550 patriarcha
1452 2519 1638 2547 Antiochenas,
1652 2519 1803 2550 postulatus
1818 2519 1843 2542 in
1859 2519 1944 2543 Paris.
1957 2519 2098 2551 episcopus
2114 2528 2157 2543 an.
2173 2521 2242 2549 1439,

376 2565 450 2587 Febr.
471 2565 511 2594 11,
531 2573 589 2587 cum
610 2567 679 2587 essct
699 2564 915 2596 archiepiscopus
938 2564 1094 2593 Tolosanus,
1111 2564 1172 2588 Jun.
1193 2564 1222 2587 10
1242 2564 1275 2587 ab
1295 2563 1412 2595 Eugenio
1432 2564 1465 2587 lv
1483 2564 1652 2587 confirmatus
1674 2564 1762 2593 (Arch.
1782 2564 1850 2592 Vnt„
1872 2564 1962 2595 Oblig.
1977 2569 2006 2587 n⁰
2021 2565 2060 2595 66,
2077 2565 2122 2588 fol.
2136 2564 2198 2594 40¹²).
2213 2578 2244 2583 ·--

376 2609 400 2633 3.
417 2610 491 2632 Certe
504 2609 641 2632 restitutus
659 2612 708 2638 est,
722 2618 782 2632 nam
800 2609 966 2632 Universitas
982 2617 1033 2632 nou
1048 2609 1172 2639 cessavit,
1188 2611 1213 2632 et
1230 2608 1324 2631 deinde
1342 2608 1367 2631 in
1381 2608 1451 2632 Actis
1466 2617 1549 2640 usque
1564 2608 1597 2631 ad
1613 2608 1751 2632 Februarii
1764 2609 1793 2632 22
1806 2608 1906 2632 nullius
1922 2608 2076 2632 incarcerati
2092 2609 2189 2632 mentio
2204 2609 2243 2633 fit.

376 2654 440 2677 Bur..
457 2657 552 2681 tamen,
569 2662 595 2685 p.
612 2655 665 2684 533,
678 2657 702 2677 et
717 2655 844 2683 Cnnvmiz,
861 2655 902 2684 lv,
919 2654 973 2684 129,
986 2662 1015 2677 ea
1031 2662 1097 2685 quae
1112 2654 1189 2677 Febr.
1203 2654 1231 2676 22
1245 2662 1287 2677 an.
1305 2654 1365 2677 1446
1378 2653 1484 2683 fiebunt,
1498 2653 1694 2678 confundebant
1708 2662 1767 2677 cum
1784 2654 1860 2677 sactis
1876 2654 2002 2677 Novemb.
2019 2662 2062 2678 an.
2079 2654 2149 2678 1445.

380 2838 521 2874 2603.
545 2850 575 2872 In
589 2850 646 2882 fine
662 2848 824 2874 Novembris
841 2848 882 2874 vel
893 2849 1038 2885 principio
1053 2848 1217 2875 Decembris
1230 2848 1362 2874 Parisios
1376 2848 1450 2874 venit
1464 2848 1613 2884 Hispanus
1627 2847 1755 2883 quidam,
1773 2847 1941 2874 Jv'ernandus
1956 2846 2140 2882 Cordubens„
2157 2850 2244 2872 natus

467 2905 512 2921 an.
531 2898 623 2930 23-24,
642 2897 739 2922 doctor
755 2897 783 2922 in
798 2898 872 2923 omni
887 2898 1019 2932 scientia,
1038 2898 1087 2933 qui
1100 2907 1130 2924 se
1143 2898 1248 2924 obtulit
1261 2897 1320 2932 side
1336 2897 1432 2924 media
1448 2897 1621 2933 respondere
1638 2898 1690 2923 toti
1709 2896 1893 2923 Unis'ersitati
1909 2897 1937 2922 in
1952 2896 2083 2922 omnibus
2098 2895 2243 2930 scientiis,-
