2502 3418
239 336 334 373 1412]
582 350 628 371 AB
663 350 768 371 ANNO
803 349 1091 371 MCCCLXXXXiv
1127 350 1257 378 USQUE
1295 350 1342 370 AD
1378 350 1515 371 ANNUM
1552 350 1756 372 mccchn.
2043 342 2104 374 237

244 478 384 516 1950.
411 487 529 513 Carolus
550 489 587 513 VI
604 488 742 522 beneficia
766 487 884 521 collata,
901 488 1024 514 durante
1041 488 1238 522 neutralitate,
1258 488 1398 524 imprimis
1422 488 1582 523 suppositis
1607 488 1806 513 Universitatis
1822 489 1928 517 Paris,
1947 490 2108 514 conservari

323 536 415 571 jubet,
437 545 498 562 cum
519 536 606 562 etiam
622 536 790 562 Alexander
811 537 834 561 V
850 545 901 562 seu
924 537 1078 562 Concilium
1097 537 1236 562 Pisanum
1254 545 1349 562 omnes
1367 537 1619 572 praesentationes
1637 540 1663 562 et
1683 536 1851 561 collationes
1872 536 1951 562 illius
1975 538 2108 572 temporis

328 589 530 611 conservasset.
556 584 659 612 Donne
680 584 696 611 ὲ
720 586 797 612 Paris
819 586 844 612 le
867 587 944 620 xxvje
962 587 1032 619 jour
1051 586 1159 612 d’Avril
1175 586 1232 612 l‘an
1247 586 1283 612 de
1302 594 1385 619 grace
1404 586 1457 611 mil
1477 586 1566 611 CCCC
1587 587 1615 611 et
1635 586 1737 614 douze.
1758 587 1787 611 et
1808 586 1842 611 de
1863 588 1960 612 nostre
1981 594 2069 619 regne
2084 587 2109 612 lc

326 635 424 668 xxxij·.
443 645 457 658 «
473 635 514 661 De
528 635 555 660 la
574 635 666 668 partie
681 634 716 661 de
732 636 828 661 nostre
848 635 907 661 fille
924 633 1104 661 l'Universite'
1119 635 1155 661 de
1172 635 1248 660 Paris
1269 645 1293 660 ».
1314 635 1462 661 Publicata
1485 635 1543 667 xiiij
1564 634 1611 660 die
1632 634 1723 663 Junii,
1740 642 1818 660 anno
1834 635 1859 659 M
1880 635 1969 660 CCCC
1989 635 2060 660 xuo.
2076 650 2109 653 —

326 684 411 709 Bne.

1466 729 1535 757 1412,
1552 728 1627 760 April.
1641 728 1686 757 26,
1703 728 1820 753 Parisiis.

331 816 409 840 Areh.
425 819 479 839 nat.
496 815 591 845 Paris„
607 816 663 845 ΧΗ,
679 817 749 846 8602,
767 816 812 839 fol.
829 817 883 840 261.
902 817 1027 841 ordonn.
1042 818 1086 841 des
1099 816 1167 845 rois,
1184 817 1212 845 Χ,
1227 818 1254 844 3,
1272 816 1347 844 Bet„
1365 817 1394 845 V,
1410 817 1465 840 2212.

245 991 366 1029 1951
377 1020 385 1028 .
408 1001 552 1027 Johannes
568 1002 668 1027 XXIII
680 1002 832 1027 Francisco
849 1001 1067 1038 archiepiscopo
1084 1002 1274 1035 Narbonensi,
1293 1003 1455 1028 camerario
1470 1010 1521 1027 suo
1542 1005 1569 1027 et
1591 1002 1619 1027 in
1639 1002 1754 1027 civitate
1776 1001 1966 1027 Avenionensi
1982 1005 2008 1026 e!
2025 1002 2113 1026 comi-

329 1053 392 1075 tatu
413 1050 581 1085 Venayssini
597 1051 701 1076 vicario
715 1050 855 1085 generali,
874 1051 1031 1085 committit,
1055 1054 1084 1077 ut
1105 1060 1212 1077 causas
1234 1050 1419 1086 beneficiales
1440 1051 1639 1077 Universitatis
1655 1051 1750 1076 Paris.
1773 1054 1800 1076 et
1820 1050 1900 1084 regni
1922 1051 2071 1079 Franciae,
2089 1051 2115 1075 si

328 1102 440 1133 fructus
464 1099 664 1134 beneficiorum
680 1108 820 1125 summam
840 1100 893 1126 100
914 1099 977 1126 libr.
1002 1103 1094 1126 turon.
1120 1109 1174 1126 non
1197 1100 1348 1134 excedant,
1370 1099 1499 1126 decidat.
1522 1100 1586 1126 Dat.
1603 1101 1694 1126 Rome
1714 1107 1760 1133 ap.
1780 1100 1806 1126 S.
1830 1100 1949 1126 Petrum
1964 1100 2020 1125 kal.
2038 1100 2114 1128 Maii,

328 1156 407 1174 anno
422 1149 559 1175 secundo.
578 1159 591 1172 «
608 1149 651 1174 Ad
666 1157 793 1182 regnum
807 1149 926 1175 Francie
942 1159 967 1174 n.

1530 1194 1597 1223 7472,
1614 1194 1674 1219 Maii
1689 1195 1707 1223 1,
1723 1195 1824 1220 Romae.

334 1281 399 1311 Reg.
411 1281 468 1304 Vnt.
481 1280 610 1304 Johannis
627 1281 716 1308 xxm,
728 1285 757 1304 n⁰
770 1281 881 1311 344,s01.
895 1281 1057 1305 119b.—Per
1072 1281 1120 1304 hoc
1132 1264 1307 1304 *Universitati
1320 1281 1400 1312 judex
1414 1281 1546 1304 Avenione
1560 1282 1636 1304 datus
1648 1285 1688 1304 est
1703 1284 1727 1304 et
1739 1281 1823 1304 solum
1841 1282 1926 1311 quoad
1942 1289 2035 1304 causas
2052 1281 2116 1303 citi-a

241 1325 286 1347 ’100
298 1324 390 1348 libras.
405 1325 440 1348 Ut
452 1329 481 1347 n⁰
494 1325 555 1348 1964
570 1325 728 1354 videbimus,
742 1334 789 1357 per
806 1326 855 1349 hoc
871 1321 1058 1349 universitatis
1073 1326 1205 1349 desiderio
1219 1334 1270 1349 non
1287 1326 1444 1349 satisfiebat.

245 1490 407 1529 19513'.
434 1502 499 1526 Cum
516 1501 610 1536 aliqui
625 1501 755 1536 religiosi
773 1501 838 1528 ord.
859 1501 976 1528 Eremit.
996 1504 1022 1528 S.
1041 1503 1112 1536 Aug.
1136 1502 1256 1528 Tornaci
1272 1503 1299 1528 in
1315 1501 1494 1528 sermonibus
1516 1511 1626 1527 errores
1644 1506 1743 1527 contra
1765 1501 1957 1527 hierarchiam
1978 1500 2115 1526 ecclesia-

329 1551 431 1576 sticam
453 1550 675 1586 praedicassent
699 1555 726 1576 et
748 1551 885 1586 populum
907 1560 926 1576 a
950 1551 1024 1577 clero
1050 1551 1228 1585 avertissent,
1253 1551 1396 1577 lohannes
1420 1551 1455 1577 de
1484 1551 1593 1586 Tlioisy,
1619 1551 1707 1587 episc.
1742 1552 1922 1579 Tornaeens..
1950 1550 2112 1579 annuntiat,

335 1599 551 1625 [nivers-itatem
568 1600 674 1632 Paris,
699 1600 734 1625 de
754 1600 805 1625 hoc
815 1600 878 1635 jam
901 1600 1049 1626 certiorem
1064 1602 1183 1634 factam,
1203 1600 1314 1635 legatos
1334 1609 1401 1626 suos
1420 1601 1576 1625 Tornacum
1597 1601 1759 1631 missuram,
1784 1603 1813 1625 ut
1825 1599 1963 1635 populum
1986 1599 2025 1625 ad
2049 1599 2116 1624 veri-

331 1652 417 1674 tatem
432 1648 579 1675 reducant.
602 1650 695 1684 Usque
711 1648 751 1674 ad
764 1658 859 1674 eorum
874 1649 1023 1674 adventum
1037 1649 1214 1675 sermonibus
1229 1651 1361 1675 Fratrum
1377 1649 1457 1675 nulla
1473 1649 1547 1683 fides
1560 1649 1746 1684 praebeatur.

1501 1739 1568 1767 1412,
1585 1738 1645 1764 Maii
1660 1739 1696 1767 10,
1717 1738 1827 1763 Tornaci.

334 1825 416 1849 Μένι-
431 1827 463 1849 de
478 1826 507 1850 ἰα
524 1826 630 1850 Socie'te'
641 1826 738 1850 histor.
756 1831 780 1850 et
798 1827 882 1850 litte'r.
899 1828 931 1850 de
950 1826 1087 1857 Tournay
1101 1828 1190 1856 (1861),
1209 1830 1226 1850 t.
1245 1827 1298 1855 VII,
1317 1836 1343 1858 p.
1357 1827 1396 1850 91.
1412 1840 1443 1844 ——
1458 1827 1578 1850 Edictum
1594 1826 1712 1857 episcopi
1729 1825 1861 1856 imprimis
1885 1827 1916 1848 fr.
1933 1825 2068 1848 Nicolaum
2085 1825 2115 1847 de

242 1870 359 1893 Tornaco
375 1878 420 1893 seu
437 1870 583 1893 Serrurarii
599 1870 753 1901 (Serrurier)
769 1871 903 1902 tangebat,
927 1880 970 1895 an.
992 1872 1051 1894 1400
1076 1871 1184 1894 Parisiis
1206 1871 1231 1894 in
1252 1872 1332 1895 theol.
1350 1871 1513 1894 licentiatum
1537 1871 1599 1900 (vid.
1622 1875 1650 1893 n0
1668 1871 1748 1900 1763),
1765 1873 1789 1893 et
1811 1870 1931 1893 an.1418
1954 1870 1979 1892 in
2000 1869 2115 1892 Concilio

241 1913 434 1937 constantiensi
454 1917 483 1937 ut
504 1914 665 1937 haereticum
685 1915 896 1944 condemnatum,
913 1915 944 1939 de
959 1924 1010 1946 quo
1027 1916 1158 1946 (in-cum,
1174 1915 1199 1938 in
1217 1916 1363 1940 Analectes
1375 1923 1452 1946 pour
1467 1916 1558 1940 servir
1575 1917 1592 1939 εὶ
1608 1915 1692 1939 l'hist.
1708 1914 1856 1938 ecclesiast.
1872 1916 1903 1938 de
1925 1915 1953 1938 la
1973 1914 2114 1943 Belyique7

241 1958 328 1991 XXIV,
341 1967 368 1990 p.
385 1959 428 1982 ‘241
447 1966 514 1990 sqq.;
531 1962 557 1982 et
573 1960 702 1983 Chartul.
719 1960 748 1984 V.

246 2086 386 2123 1952.
409 2095 533 2121 Iacobus
549 2096 584 2122 de
599 2096 743 2131 Haerlem,
763 2100 855 2122 rector
877 2097 1076 2122 Universitatis
1092 2098 1199 2131 Paris„
1219 2100 1350 2131 testatur,
1366 2096 1522 2122 Iohannem
1538 2097 1682 2122 Mureauoe
1695 2104 1748 2131 per
1762 2096 1897 2131 majorem
1911 2098 2023 2130 partem
2039 2094 2115 2119 ordi-

331 2145 408 2170 narii
423 2153 470 2170 an.
489 2145 557 2171 1411
575 2154 667 2171 verum
683 2149 710 2171 et
730 2146 894 2171 continuum
913 2145 1073 2171 scholarem
1091 2146 1117 2171 in
1134 2148 1193 2180 fac.
1212 2145 1295 2171 theol.
1319 2146 1412 2180 fuisse
1429 2154 1444 2171 ‹<
1463 2145 1516 2170 sub
1537 2154 1639 2179 magne
1653 2144 1773 2170 scientie
1790 2145 1845 2169 viro
1864 2153 1937 2178 mag.
1961 2143 2063 2168 Thoma
2080 2143 2114 2168 cle

333 2194 476 2227 Cracovia,
496 2202 571 2228 mag.
594 2194 622 2219 in
641 2194 726 2220 theol.
748 2198 815 2219 actu
837 2199 952 2229 regente
968 2204 991 2221 ».
1010 2195 1136 2220 Proinde
1158 2196 1262 2230 ipsum,
1280 2196 1398 2230 ejusque
1411 2198 1558 2230 parentes,
1577 2194 1700 2225 nuntios,
1719 2193 1884 2227 familiares
1901 2192 1952 2217 sub
1974 2192 2113 2217 vnis-ersi-

330 2242 400 2267 tatis
413 2242 589 2279 protectione
601 2243 693 2278 ponit.
711 2244 775 2269 Dat.
793 2244 916 2270 Parisius
927 2252 1005 2270 anno
1023 2245 1107 2270 Dom.
1127 2244 1203 2274 1412,
1217 2244 1263 2270 die
1278 2244 1361 2270 tertia
1374 2244 1464 2270 Junii.
1485 2253 1498 2267 ι(
1514 2244 1551 2269 Ut
1564 2244 1604 2269 ait
1620 2244 1724 2269 Seneca
1739 2253 1763 2267 ».

1513 2332 1583 2361 1472,
1600 2333 1655 2358 dmi.
1671 2332 1696 2360 3,
1713 2331 1828 2356 Parisiis.

335 2420 411 2448 Bm„
426 2420 455 2450 V,
471 2421 527 2443 884.
543 2420 620 2445 Ibid..
637 2428 662 2450 p.
678 2421 730 2448 883,
749 2420 835 2443 simile
850 2421 1052 2444 instrumentum
1068 2421 1185 2452 ejusdcm
1201 2429 1244 2444 an.
1261 2421 1328 2449 1412,
1342 2421 1403 2445 Jun.
1419 2421 1457 2445 17,
1473 2428 1521 2451 pro
1537 2420 1643 2443 Nicolao
1659 2419 1780 2447 Moureti,
1795 2418 1852 2441 bac.
1867 2418 1892 2440 in
1909 2421 1968 2445 art„
1984 2417 2027 2448 qui
2043 2417 2113 2440 decr.

242 2464 342 2487 studuit
364 2464 413 2487 sub
428 2464 525 2487 Jacobo
542 2465 629 2489 Parvi.
644 2465 740 2487 decret.
757 2465 863 2488 doctore
886 2469 944 2488 actu
960 2469 1074 2496 regente.
1092 2466 1120 2488 In
1143 2466 1316 2496 Remarques
1332 2472 1384 2489 sur
1402 2466 1430 2488 Ia
1448 2465 1557 2494 itiynite'
1572 2466 1610 2488 ctu
1626 2467 1736 2487 rectem·
1753 2463 1843 2492 (1663),
1859 2470 1886 2493 p.
1906 2463 1941 2489 18,
1958 2462 1990 2484 ad
2006 2462 2067 2484 Jun.
2084 2462 2111 2484 Μ

243 2509 365 2532 refertur.

247 2631 388 2668 1953.
417 2641 594 2667 Universitas
607 2642 701 2666 Paris.
720 2640 844 2666 Iohanni
855 2642 954 2666 XXIII
965 2641 1065 2667 scribit
1081 2641 1116 2667 de
1131 2641 1239 2666 nuntiis
1252 2641 1279 2666 in
1294 2641 1467 2677 Hispaniam
1484 2639 1640 2673 mittendis,
1654 2638 1844 2673 dejudicihus
1857 2637 1982 2663 Parisiis
1994 2637 2109 2671 dandis,

331 2689 366 2715 de
382 2689 517 2725 temporis
533 2693 601 2715 nota
618 2690 720 2722 Quinti
733 2690 858 2716 articuli.

1483 2735 1554 2762 1412,
1570 2733 1640 2759 durtii
1651 2733 1696 2761 30,
1712 2732 1826 2758 Parisiis.

333 2822 567 2855 Sanctissiine
589 2834 627 2854 ac
644 2834 729 2855 vere
745 2821 954 2855 beatissime
972 2830 1084 2867 pater.
1106 2823 1203 2856 Sicut
1220 2823 1262 2855 ad
1282 2834 1506 2867 insignium...
1528 2823 1595 2853 Pro
1619 2820 1724 2853 [antis
1746 2819 1858 2864 igitur
1874 2819 2052 2851 donorum
2076 2818 2111 2850 in

246 2899 312 2921 nos
333 2889 465 2922 cotidie
489 2889 707 2934 propensius
730 2889 958 2922 manantibus
980 2890 1173 2922 affluentiis
1200 2890 1349 2934 dignum
1377 2895 1444 2929 est,
1467 2895 1505 2920 ut
1527 2894 1672 2932 paterna
1699 2892 1867 2931 precepta
1887 2885 2019 2918 cotidie
2041 2886 2111 2917 fer—
