2502 3418
396 317 459 348 150
970 326 1286 348 ann'rULAaiUM
1323 325 1512 347 nulvsns.
1552 325 1679 347 tuuis.
2040 352 2042 354 Ι
2162 311 2261 347 [1408

395 412 439 432 en
469 400 665 445 theologie,
693 412 784 444 pour
804 400 858 432 les
875 412 966 432 vous
988 412 1143 444 exposer
1166 400 1246 444 plus
1268 403 1284 432 3
1304 399 1417 444 plain3
1441 411 1505 431 aus
1525 399 1629 443 quelz
1651 399 1675 431 il
1696 411 1787 432 vous
1809 399 1923 443 plaise
1940 399 2127 443 adjouster
2142 398 2201 442 foy
2217 410 2261 430 en

396 479 435 499 ce
457 467 517 511 qui
545 479 608 511 par
633 466 711 499 eulz
741 467 785 499 de
813 479 876 511 par
897 479 989 499 nous
1015 479 1105 499 vous
1136 478 1216 499 sera
1243 470 1389 511 exposc,
1418 473 1450 498 01
1472 478 1563 499 νο115
1590 465 1782 510 supplions
1812 472 1885 498 tant
1916 465 2165 497 humblement
2192 477 2261 510 que

398 534 478 578 plus
502 546 642 578 povons
668 533 755 578 qu'il
780 546 871 566 vous
894 534 1007 578 plaise
1034 546 1189 578 exposer
1206 540 1326 565 vostre
1348 533 1419 565 bon
1442 532 1570 565 labour
1591 535 1607 565 a
1628 532 1975 577 l'acomplissement
1996 532 2040 564 de
2064 544 2116 564 ce.
2142 533 2186 564 Et
2207 531 2262 564 s'il

396 612 488 633 vous
511 601 610 633 vient
634 603 652 633 a
678 600 803 645 plaisir
823 600 934 633 chose
956 612 1025 644 que
1047 611 1139 632 nous
1166 600 1352 644 puissons,
1375 599 1607 631 commandes
1637 599 1670 631 10
1697 611 1789 631 nous
1816 605 1850 631 et
1875 610 1968 631 nous
1994 598 2263 643 l‘acomplirons

397 670 415 700 a
435 673 512 699 tout
533 674 656 700 nostre
674 666 802 711 povoir
818 679 918 699 come
941 666 1084 699 11011510
1106 666 1244 699 devons
1265 667 1353 698 faire
1371 673 1404 698 et
1425 678 1446 710 y
1462 677 1620 698 sommes
1642 672 1760 698 tenus.
1779 666 1870 698 Tres
1891 665 2068 698 redoubte
2090 677 2263 710 segneur,

398 734 431 766 le
453 734 553 766 Saint
574 733 717 778 Esperit
732 745 823 766 vous
844 733 892 766 ait
913 745 957 765 en
979 745 1016 766 sa
1037 733 1172 765 saincte
1190 733 1316 778 garde,
1334 733 1395 777 qui
1415 744 1506 765 vous
1527 732 1616 764 dont
1636 731 1756 764 bonne
1778 732 1835 765 vie
1855 738 1890 764 et
1909 731 2059 777 longue.
2083 733 2227 777 Escript
2247 735 2265 765 a

399 800 498 833 Paris
520 799 552 832 le
572 801 627 833 ...¹
645 801 731 844 jour
752 800 796 832 de
816 800 974 832 Janvier.

584 867 651 900 Vos
666 872 741 900 tres
755 867 832 900 bien
848 866 1006 900 weillans
1021 866 1069 900 les
1086 872 1225 900 recteur
1240 872 1273 900 et
1289 867 1455 900 maistres
1469 866 1511 899 de
1526 866 1549 899 l’
1557 867 1591 900 U
1592 866 1763 899 niver-site*
1777 865 1819 898 de
1835 865 1979 899 l'estude
1992 865 2034 899 cle
2049 866 2173 899 Paris.

492 964 604 988 Minuta
624 964 762 987 chartacea
780 963 806 986 in
822 964 899 987 Arch.
916 967 970 987 nat.
985 964 1079 992 Paris.‚
1096 964 1119 986 M
1136 964 1186 992 65¹³,
1205 968 1233 986 n⁰
1248 965 1277 986 83
1300 964 1370 993 (011111
1387 965 1414 986 Α.
1432 965 1454 987 3.
1472 964 1571 992 mmm).
1589 977 1620 980 —
1640 964 1657 986 E
1676 964 1726 986 fine
1749 963 1957 986 Instructionum
1972 967 2001 986 n⁰
2016 964 2076 986 1843
2094 963 2234 989 editarum.
2251 973 2265 987 a

399 1008 494 1039 legatis
508 1008 587 1031 etiam
603 1009 636 1031 ad
653 1017 664 1031 1(
678 1008 744 1031 alios
758 1008 877 1031 dominos
892 1016 913 1036 1),
930 1017 981 1031 11011
998 1009 1083 1031 50111111
1099 1009 1131 1031 3(1
1147 1009 1239 1032 ducem
1254 1009 1423 1039 Burgundiae
1439 1009 1588 1031 adeundum
1605 1016 1662 1031 esse
1675 1008 1828 1031 ediscimus.

493 1092 517 1116 1.
536 1092 656 1123 Spatium
673 1092 699 1115 in
716 1092 825 1115 minuta.

407 1218 547 1255 1846.
571 1227 708 1253 Facultas
735 1227 896 1253 medicinae
919 1228 1074 1263 symbolum
1094 1229 1215 1264 prandii
1243 1231 1270 1255 S.
1295 1231 1387 1255 Lucae
1409 1238 1427 1254 (ι
1450 1230 1596 1263 magistris
1621 1228 1831 1263 negligentibus
1856 1229 1991 1264 requirit,-
2014 1228 2269 1264 subbedellumque

493 1277 643 1302 szrinum
659 1276 695 1302 de
710 1277 855 1302 Roncuria
871 1277 926 1302 rite
941 1278 1057 1313 accipit.

1602 1314 1675 1342 7408,
1690 1314 1811 1340 februar.
1829 1315 1854 1343 4,
1870 1314 1983 1340 Parisiis.

493 1400 588 1432 Anni
608 1402 642 1433 M
658 1401 779 1434 CCCC
802 1401 947 1445 septimi
969 1401 1027 1433 die
1049 1401 1188 1434 sabbati
1209 1402 1251 1434 4¹⁰
1270 1402 1469 1443 Februarii,
1488 1402 1655 1435 facultate
1677 1402 1891 1435 solemniter
1912 1402 1948 1434 in
1968 1402 2127 1447 capitulo
2150 1403 2269 1435 Sancti

401 1467 583 1508 Maturini,
603 1474 686 1512 post
706 1467 850 1500 missam
868 1467 1062 1509 facultatis,
1080 1475 1119 1500 ut
1139 1468 1250 1501 moris
1267 1475 1334 1509 est,
1353 1476 1573 1514 congregata
1591 1476 1626 1502 01
1642 1481 1752 1514 super
1769 1469 1913 1502 duobus
1930 1469 2093 1502 articulis
2112 1481 2119 1502 z
2139 1470 2269 1514 primo,

401 1534 444 1566 ad
473 1534 715 1566 ordinandum
739 1534 783 1567 de
804 1534 912 1567 modo
934 1547 1005 1579 quo
1027 1535 1191 1580 magistri
1213 1536 1274 1580 qui
1296 1536 1332 1567 in
1353 1536 1446 1568 sesto
1476 1537 1595 1569 Sancti
1617 1538 1711 1569 Luce
1734 1536 1960 1581 prandebant
1986 1548 2053 1569 nec
2073 1535 2269 1569 cimbolum

400 1612 509 1646 suum·
535 1600 736 1642 solverunt,
759 1601 961 1642 solverent;
993 1603 1027 1633 2⁰
1049 1613 1160 1646 super
1185 1602 1515 1647 supplicationibus
1546 1610 1581 1636 et
1607 1603 1764 1648 injuriis.
1798 1604 1914 1648 Super
1945 1604 2062 1648 primo
2091 1603 2273 1637 conclusit

402 1667 551 1700 facultas
573 1668 609 1700 111
630 1667 807 1701 solvendo
829 1680 948 1701 coram
975 1680 1015 1701 ea
1035 1669 1216 1710 advocari,
1239 1681 1380 1702 causam
1404 1670 1605 1703 solucionis
1633 1670 1800 1715 neglecte
1828 1670 2062 1716 allegaturos.
2086 1671 2202 1716 Super
2222 1671 2270 1712 2⁰,

403 1734 623 1767 Guillelmus
654 1734 698 1767 de
723 1734 838 1775 Valle,
868 1735 1048 1768 facultatis
1078 1735 1246 1769 bedellus
1279 1736 1504 1781 principalis,
1531 1749 1701 1770 asserens
1732 1750 1771 1770 se
1800 1737 1960 1771 facultati
1987 1750 2060 1771 non
2090 1749 2213 1783 posse,
2234 1744 2274 1771 ut

402 1801 564 1842 decebat,
583 1801 737 1846 obsequi
754 1801 811 1835 vel
833 1802 985 1843 servire,
1003 1802 1170 1835 obstante
1186 1802 1361 1836 Johannis
1378 1804 1505 1848 d'Acy¹
1525 1804 1706 1837 subedelli
1728 1805 1857 1838 virium
1881 1817 1944 1850 pre
1965 1805 2130 1838 morbida
2146 1817 2272 1839 senec-

404 1874 477 1900 tute
499 1870 586 1912 (que
608 1875 778 1901 senectus
806 1869 883 1913 ipsa
910 1869 1058 1902 morbus
1081 1871 1153 1913 est>
1175 1870 1430 1911 destitucione,
1458 1871 1657 1916 supplicuit
1684 1872 1800 1904 eidem
1830 1873 1999 1917 quatinus
2027 1873 2105 1918 ipsa
2126 1872 2171 1905 de
2199 1884 2271 1905 uno

403 1934 614 1979 coadjutore
642 1935 700 1968 vel
728 1922 921 1968 subedello
947 1935 1016 1968 sibi
1045 1937 1266 1981 provideret.
1299 1938 1528 1982 Quapropter
1552 1939 1667 1971 visum
1700 1946 1756 1971 est
1785 1939 1919 1971 dictum
1950 1939 2165 1981 Johannem,
2190 1946 2273 1972 tunc

405 2001 648 2042 subcdellum,
674 2010 708 2034 ut
732 2002 925 2046 prefertur,
952 2015 1054 2047 pure,
1082 2003 1210 2044 libere,
1235 2004 1449 2049 simpliciter
1470 2012 1504 2037 01
1527 2005 1692 2038 absolute
1714 2006 1870 2038 officium
1893 2018 1998 2039 suum
2025 2006 2274 2040 subedellatus

406 2068 569 2101 Guerino
592 2068 636 2100 de
658 2069 852 2107 Roncuria,
881 2069 1066 2102 Tullensis
1088 2070 1259 2111 diocesis,
1283 2083 1400 2103 coram
1431 2078 1501 2104 tota
1527 2072 1694 2105 facultate
1722 2073 1943 2117 resignasse,
1967 2073 2028 2106 tali
2053 2080 2157 2118 pacto
2178 2073 2275 2119 quod

405 2135 525 2167 dictus
546 2135 732 2167 Guerinus
754 2135 798 2167 de
825 2137 1004 2168 Roncuria
1027 2136 1143 2168 eidem
1170 2136 1325 2169 Johanni
1353 2138 1520 2182 promisit
1545 2146 1579 2171 et
1607 2140 1782 2183 promittit
1810 2140 1965 2173 admodo
1987 2141 2184 2182 annuatim,
2205 2141 2276 2174 vita

406 2201 491 2234 dicti
518 2201 693 2234 Johannis
719 2202 862 2242 comite,
888 2202 1079 2234 duodecim
1102 2204 1245 2236 francos
1271 2204 1307 2236 in
1336 2205 1515 2249 principio
1540 2206 1677 2238 mensis
1699 2207 1859 2239 Januarii
1881 2207 2038 2249 solvere,
2060 2208 2097 2240 in
2117 2219 2276 2252 casuque

408 2268 521 2309 tarde,
539 2268 706 2313 neglecte
723 2268 779 2301 vel
801 2281 871 2300 11011
890 2269 1007 2301 01(10111
1025 2269 1179 2302 Johanni
1202 2270 1404 2303 solucionis
1425 2272 1528 2313 facte,
1547 2272 1684 2305 domiui
1707 2274 1775 2305 mei
1793 2273 2023 2307 venerabiles
2039 2275 2276 2319 magistrique

407 2335 476 2367 mei
497 2335 695 2376 metuendi,
723 2335 942 2368 Guillelmus
972 2336 1166 2369 Boucherii
1188 2344 1221 2369 et
1244 2338 1428 2370 Johanues
1448 2339 1600 2383 Leporis
1626 2339 1869 2373 exhibuerunt
1894 2353 2007 2386 seque
2033 2341 2216 2383 exhibent,
2239 2341 2276 2374 in

407 2402 723 2434 confirmacionem
753 2402 906 2446 predicti
940 2403 1045 2447 pacti,
1076 2415 1141 2447 pro
1169 2403 1265 2436 dicto
1294 2405 1457 2437 Guerino
1484 2405 1735 2450 fidejussores.
1768 2409 1875 2440 Istam
1907 2409 2211 2453 resignacionem,
2239 2415 2277 2441 ut

410 2469 641 2513 premittitur,
673 2469 799 2501 saetam
829 2469 979 2502 facultas
1007 2476 1143 2515 gratam
1175 2477 1359 2515 ratamque
1387 2471 1538 2513 habens,
1571 2473 1704 2506 dictum
1732 2475 1933 2507 Guerinum
1962 2482 2128 2520 tanquam
2159 2476 2275 2509 virum

410 2535 577 2579 probum,
596 2535 833 2568 sufficientem
858 2542 892 2568 et
911 2536 1091 2580 ydoneum
1114 2537 1157 2569 ad
1178 2537 1332 2570 officium
1352 2538 1602 2572 subedellatus
1620 2541 1875 2583 exercendum,
1894 2542 1930 2574 in
1952 2554 2057 2575 suum
2080 2542 2277 2575 subbedel-

409 2601 481 2633 lum
503 2601 626 2646 elegit.
651 2602 791 2634 Idcirco
815 2614 833 2634 a
855 2602 951 2635 dicto
977 2603 1141 2635 Guerino
1158 2604 1389 2647 juramentis,
1411 2617 1428 2637 a
1450 2605 1605 2639 bedellis
1626 2607 1804 2641 facultatis
1826 2609 1979 2653 prestari
2000 2609 2132 2651 solitis,
2157 2621 2276 2645 coram

410 2680 450 2700 ea
480 2669 654 2712 prestitis,
684 2681 752 2712 ego
780 2670 963 2701 Johauncs
991 2670 1144 2710 Casson,
1175 2671 1412 2704 Nivernensis
1441 2672 1612 2714 diocesis,
1635 2674 1813 2708 facultatis
1844 2676 2014 2717 decanus,
2038 2676 2171 2708 utinam
2204 2688 2276 2711 non

412 2735 599 2779 indignus,
618 2735 734 2768 eidem
754 2736 917 2768 Guerino
934 2736 1091 2768 officium
1113 2737 1402 2780 subbedellatus,
1421 2751 1463 2771 ex
1484 2747 1655 2785 precepto
1677 2742 1800 2775 matris
1817 2755 1896 2775 mee
1915 2742 2108 2784 facultatis,
2127 2743 2163 2775 in
2184 2743 2277 2776 facto

412 2801 561 2841 contuli,
594 2802 835 2847 eumdemque
869 2803 1047 2836 mediante
1078 2803 1179 2848 virga
1214 2817 1231 2836 a
1263 2804 1425 2838 ι1011311110
1459 2806 1570 2851 d’Acy
1599 2807 1686 2839 mihi
1717 2809 1858 2850 tradita,
1888 2809 2015 2842 eodem
2047 2809 2164 2842 ossicio
2195 2822 2276 2842 cum

414 2867 582 2901 omnibus
611 2868 771 2914 juribus,
799 2869 1054 2903 emolumentis
1082 2870 1347 2918 fructibusque,
1378 2872 1493 2906 eidem
1516 2873 1634 2907 officio
1663 2875 1944 2920 pertinentibus,
1971 2876 2153 2911 investivi.
2180 2877 2276 2923 Age—
