2502 3418
363 354 427 388 406
933 360 1255 385 anR'rULARmM
1290 359 1481 382 UNIVERS.
1519 357 1650 380 runs.
2126 338 2224 377 [1422

452 438 582 471 Biblini
605 450 612 470 :

450 539 494 564 Fr.
511 538 652 564 Martinus
663 537 699 563 de
711 536 862 572 Colon[i]a‚
878 537 982 565 Minor,
998 544 1034 561 xx
1049 536 1099 561 sol.
1394 534 1439 558 Fr.
1465 533 1607 559 Robertus
1630 531 1666 556 de
1695 531 1789 559 Porta,
1820 529 1884 554 frat.
1915 527 2054 554 Heremit.
2080 527 2107 552 S.
2135 526 2223 559 Aug..

453 603 488 606 —
506 587 654 613 Johannes
667 587 762 615 Barat,
778 586 944 615 Carmelsta,
961 593 997 611 xx
1013 585 1064 611 sol.
1319 590 1355 608 xx
1371 582 1422 608 sol.
1432 581 1452 607 5.
1903 575 1939 612 [3]

453 667 520 690 Bibl.
537 670 590 690 nat.
607 666 702 695 Paris„
718 666 826 691 ms.1at.
840 666 908 695 5494,
921 673 948 695 p.
964 666 988 687 9.

453 742 477 767 1.
493 743 541 766 Ms,
559 750 564 766 :
583 751 594 765 «
611 741 754 765 Sabruvais
769 749 790 765 ».
806 755 837 758 —
849 740 873 765 2.
889 740 975 763 Dioec.
994 739 1088 771 Paris,
1108 739 1172 762 Ord.
1191 738 1299 761 Cisterc.
1317 738 1344 760 In
1363 737 1435 761 Gall.
1451 736 1557 761 chrisa,
1574 735 1630 763 VII,
1645 743 1671 765 p.
1688 735 1751 757 893:
1766 742 1778 756 «
1794 733 1826 756 de
1841 732 2001 756 Galim-done
2016 739 2039 755 ».
2055 731 2225 755 Desideratur

360 788 386 810 in
411 787 487 812 Arch.
507 788 564 810 Vat.
581 800 612 804 —
631 786 656 811 3.
671 787 721 809 Seu
743 794 754 808 (ι
771 785 858 809 Adelis
877 794 897 813 »,
916 794 926 807 (ι
943 784 1032 807 Edelie
1048 792 1070 807 ι).
1089 797 1116 801 —-
1129 783 1154 808 4.
1172 784 1263 806 Exstat
1282 782 1308 805 in
1328 782 1379 805 fine
1397 781 1566 804 biblicorum.
1589 779 1703 810 Legebat
1721 777 1869 801 Sententias
1885 777 1912 800 in
1928 776 2025 800 scholis
2041 775 2163 813 secundis
2178 783 2225 799 seu

360 832 460 864 parvis,
481 840 536 861 seu,
552 834 580 854 ut
598 831 676 854 etiam
692 830 837 858 dicebatur,
854 830 880 852 in
897 829 987 852 schola
1007 828 1111 851 minori.
1127 828 1165 851 Ad
1185 828 1248 850 haec
1268 827 1321 850 vid.
1343 834 1426 857 supra
1442 825 1477 848 ni·
1494 825 1563 854 2037,
1581 825 1650 848 2038.
1666 824 1698 846 Et
1713 823 1751 846 sic
1766 823 1798 846 de
1813 822 1993 854 sequentibus,
2010 821 2054 853 qui
2069 820 2225 844 auctoritate

361 877 508 908 apostolica
525 877 655 908 legerunt.
669 875 709 899 Cf.
722 880 751 898 n⁰
765 875 834 905 2182,
851 877 905 897 not.
920 875 941 897 2.
958 887 989 892 —
1004 872 1029 898 5.
1046 874 1075 896 In
1090 874 1152 896 msw
1165 873 1199 895 ad
1210 872 1302 896 octob.
1316 872 1345 894 15
1358 872 1394 902 (p.
1410 871 1459 900 17).

360 1043 499 1079 2195.
523 1051 657 1086 Magistri
673 1054 802 1085 regentes
818 1051 847 1076 in
859 1049 1003 1084 facultate
1018 1048 1178 1083 theologiae
1191 1049 1363 1075 Parisiensc’.

1579 1098 1653 1127 1422,
1669 1096 1808 1130 Septemb..
1824 1096 1939 1122 Pari-sile.

447 1191 626 1223 Secuntur
646 1190 791 1223 nomina
813 1190 1071 1235 magistrorum
1093 1189 1298 1234 regentium
1321 1200 1386 1233 pro
1409 1186 1542 1232 quibus
1566 1185 1687 1230 recepi
1707 1197 1725 1218 a
1745 1183 1986 1226 b[achalariis]
2007 1184 2070 1230 qui
2095 1183 2225 1229 legunt

359 1258 570 1290 Sentencias
594 1269 601 1289 ε

445 1348 543 1373 Primo
563 1355 616 1381 pro
635 1347 716 1373 dom.
739 1347 849 1373 decano
874 1349 973 1374 nostro
995 1348 1130 1374 Johanne
1150 1347 1262 1373 Brevis-
1394 1346 1467 1378 Mag.
1484 1345 1619 1371 Johanne
1631 1344 1770 1377 Darques.

354 1396 450 1426 coxe⁴‚
494 1395 571 1431 [etc.;
601 1398 743 1430 sequentes
782 1404 866 1430 usque
900 1397 936 1422 ad
969 1396 1035 1422 Joh.
1067 1396 1198 1422 Saunerii
1234 1397 1262 1422 ut
1409 1411 1444 1413 —
1481 1395 1593 1427 Rogero
1607 1393 1644 1420 de
1659 1393 1784 1420 Gaillon.

355 1453 402 1471 an.
423 1445 504 1474 1421;
521 1446 595 1471 deest
611 1446 713 1471 Petrus
728 1445 850 1479 Migetii;
867 1446 978 1472 additur
993 1446 1169 1472 Guillelmus
1184 1446 1262 1471 Bou·
1410 1457 1445 1461 —
1483 1442 1618 1476 Philippo
1631 1442 1727 1470 Molet.

352 1495 464 1527 ticoul].
1393 1492 1478 1517 Dom.
1496 1491 1600 1518 abbate
1613 1491 1651 1519 de
1665 1491 1772 1517 flotam
1780 1490 1800 1516 ⁴.

442 1544 515 1576 Mag.
532 1543 666 1569 Johanne
678 1543 714 1569 de
727 1543 871 1569 Vernone.
1392 1541 1464 1574 Mag.
1482 1540 1626 1568 Richardo
1641 1540 1818 1567 Cristellarii.

458 1607 493 1612 —
530 1592 647 1618 Extacio
660 1592 696 1618 de
708 1593 849 1618 Mesnillo.
1410 1607 1438 1609 —
1478 1591 1587 1617 Jacobo
1602 1590 1733 1617 Testoris.

459 1657 491 1660 —-
529 1641 663 1667 Johanne
677 1642 820 1667 Trolehen
837 1641 872 1668 de
885 1642 964 1667 Albis
979 1641 1128 1667 Mentellis.

442 1691 527 1716 Dom.
546 1691 642 1724 priore
657 1691 692 1716 de
708 1689 857 1716 Caritate2.

443 1740 515 1773 Mag.
533 1740 668 1765 Johanne
682 1740 879 1773 Pulcripatris.
1479 1738 1614 1765 Johanne
1628 1738 1768 1771 Baligam.

459 1804 494 1807 ——
531 1789 551 1814 T
554 1789 643 1814 homa
659 1788 802 1815 Monachi.
1480 1788 1565 1814 Petro
1578 1787 1702 1814 Valetot.

459 1853 494 1856 ἡ
531 1837 633 1871 Egidio
647 1838 798 1864 Caule1·ii³.
1800 1835 1853 1871 [26]

1480 1640 1494 1666 J
1497 1640 1615 1666 ohanne
1630 1639 1750 1673 Soquet.

1479 1689 1582 1722 Egidio
1597 1689 1752 1715 Remondi.

1407 1655 1442 1807 ΙΙΙΙ

447 1917 515 1940 Bibl.
531 1920 585 1941 nat.
600 1917 694 1947 Paris.5
708 1926 758 1941 ms.
775 1918 820 1941 lut.
838 1919 908 1947 5494,
923 1927 950 1950 p.
964 1919 1002 1942 11.

447 1992 472 2017 1.
487 1993 584 2016 Eodem
600 2002 678 2022 anno,
695 1994 756 2017 Jun.
772 1994 810 2024 12,
826 1994 859 2017 ad
878 1994 966 2017 sedem
982 1995 1148 2019 Gebennens.
1161 1994 1299 2022 translato,
1317 1997 1342 2017 et
1357 1993 1476 2017 Johunne
1494 1993 1526 2017 de
1541 1993 1727 2024 Rochetaillee,
1744 1992 1898 2024 patriarcha
1918 1991 2178 2023 Constantinopolit„
2194 1991 2221 2015 in

353 2037 507 2068 episcopum
522 2038 604 2061 Paris.
624 2038 743 2061 instituto
757 2039 830 2070 (Reg.
845 2039 900 2062 Lat.
916 2040 992 2062 Mart.
1007 2040 1036 2068 V,
1052 2047 1094 2063 un.
1112 2042 1134 2068 5,
1144 2039 1254 2071 provis.,
1273 2039 1318 2062 sol.
1334 2040 1372 2067 46,
1386 2040 1431 2069 49;
1446 2038 1520 2062 Gall.
1537 2038 1644 2068 christ„
1657 2038 1711 2067 vn,
1729 2038 1862 2066 instrum.y
1881 2041 1910 2060 11⁰
1924 2037 1988 2069 170).
2004 2037 2116 2061 Nuntius
2132 2040 2221 2060 trans-

352 2082 459 2105 lationis
475 2083 528 2106 Jul.
545 2083 574 2105 24
586 2083 641 2114 jum
654 2083 763 2107 Parisiis
779 2084 827 2106 suit
842 2084 936 2113 (Mem.
953 2086 985 2108 de
1001 2084 1028 2108 la
1043 2091 1097 2109 soc.
1109 2086 1142 2108 de
1155 2084 1238 2109 t’hisc.
1253 2085 1286 2108 de
1299 2084 1394 2113 Paris,
1409 2084 1451 2113 lx,
1468 2092 1494 2114 p.
1508 2083 1573 2112 146).
1586 2083 1718 2106 Johunnes
1735 2082 1907 2106 Breviscoxae
1922 2082 2032 2105 Parisiis
2045 2081 2181 2111 remansit,
2196 2084 2222 2105 et

355 2127 440 2150 solum
456 2127 548 2152 octob.
564 2128 592 2150 22
608 2127 746 2151 Gebennas
765 2128 874 2151 intravit
890 2129 971 2157 (Gall.
994 2130 1099 2157 christ„
1117 2129 1181 2157 XVI,
1205 2130 1272 2159 437).
1296 2130 1368 2152 Anno
1391 2128 1520 2159 sequenti,
1541 2127 1628 2151 Martii
1642 2128 1665 2156 4,
1682 2128 1821 2151 defunctus
1837 2130 1887 2151 est.
1904 2127 2025 2150 Facultas
2040 2126 2121 2150 theol.
2135 2127 2221 2150 solum

354 2180 396 2195 nn.
415 2172 483 2201 1424,
499 2172 602 2201 Martio,
618 2172 755 2195 servitium
773 2173 798 2195 in
814 2173 924 2196 ecclesia
939 2182 987 2204 pro
1005 2173 1063 2204 ipso
1077 2177 1185 2197 annotat
1202 2175 1260 2202 (ms.
1273 2174 1319 2197 lat.
1337 2174 1406 2202 5494,
1423 2181 1449 2204 p.
1465 2173 1515 2202 43).
1531 2186 1559 2190 -
1571 2172 1595 2198 2.
1609 2173 1727 2196 Johanne
1738 2173 1769 2196 de
1780 2172 1914 2203 Vincellis,
1931 2172 2107 2203 Cluniacens.,
2122 2171 2154 2195 de
2169 2179 2221 2203 quo

354 2221 383 2239 no
398 2214 467 2247 wan.
480 2230 511 2234 —-
524 2216 547 2240 3.
561 2217 580 2240 I.
595 2225 617 2240 e.
634 2217 746 2240 Carlarii
762 2226 807 2240 seu
823 2218 943 2241 Carlerii.
956 2232 987 2235 —
999 2218 1024 2243 4.
1040 2218 1149 2242 Difficile
1165 2218 1245 2249 dictu,
1259 2226 1389 2250 quaenam
1402 2217 1510 2241 abbatia
1522 2217 1567 2253 *hic
1584 2217 1747 2249 designetur.

358 2383 385 2418 2
395 2383 500 2420 196.
522 2394 689 2419 lut-amenta
705 2393 901 2420 herbariorum
917 2404 967 2421 seu
983 2395 1232 2431 apotlzecariorum
1247 2397 1457 2423 Parisiensium
1473 2405 1568 2422 coram
1583 2396 1726 2431 facultate
1741 2395 1910 2422 medicinae.

1582 2484 1657 2514 7422.
1675 2483 1762 2510 θείσό,
1779 2485 1804 2513 2,
1821 2483 1934 2509 Parisiis.

446 2568 510 2600 Dic
541 2569 700 2602 secunda
730 2571 866 2603 mensis
894 2571 1064 2604 Octobris
1094 2573 1161 2606 suit
1191 2580 1410 2619 congregata
1440 2573 1590 2606 facultas
1621 2573 1813 2614 medicine,
1844 2578 1882 2605 ut
1912 2571 2024 2604 moris
2054 2577 2122 2612 est,
2154 2582 2219 2616 per

358 2632 539 2666 bedellum
577 2648 655 2668 cum
682 2637 810 2670 cedula
837 2638 931 2682 apud
958 2639 1125 2672 Sanctum
1154 2641 1375 2673 Maturinum
1401 2652 1513 2686 super
1536 2639 1681 2673 duobus
1711 2639 1887 2672 articulis.
1914 2638 2056 2671 Primus
2082 2637 2150 2670 fuit
2173 2637 2218 2670 ad

358 2700 574 2733 audiendum
593 2703 795 2746 juramenta
817 2703 1067 2738 herbariorum
1088 2707 1282 2750 prestanda
1301 2719 1420 2740 coram
1443 2714 1514 2740 tota
1531 2707 1699 2740 facultate
1778 2705 1904 2740 Vocati
1921 2706 2070 2738 fuerunt
2090 2716 2217 2737 omnes

358 2765 513 2799 herbarii
531 2769 691 2801 Parisius
709 2771 906 2804 existentes
928 2772 988 2816 qui
1005 2773 1221 2816 juraverunt
1241 2774 1277 2806 in
1299 2774 1445 2807 modum
1467 2775 1530 2819 qui
1550 2774 1728 2819 sequitur.

447 2834 564 2866 Primo
577 2836 792 2879 juraverunt
807 2838 904 2882 quod
927 2838 1113 2873 habebunt
1133 2840 1337 2875 Cinonima¹
1358 2847 1522 2874 'correcta
1543 2847 1578 2874 et
1598 2841 1705 2875 Circa
1722 2841 1859 2875 instans
1879 2838 2058 2873 Platearii.

447 2901 482 2932 20
507 2901 612 2944 Quod
632 2901 817 2937 habebunt
833 2905 992 2949 pondera
1010 2906 1159 2940 meliora
1175 2908 1273 2953 justa
1294 2915 1328 2942 et
1348 2920 1433 2942 vera
1453 2921 1471 2942 a
1492 2908 1583 2942 libra
1605 2920 1722 2954 usque
1742 2907 1787 2941 ad
1808 2906 2032 2954 scrupulum.
