2502 3418
235 303 331 339 1395]
578 316 624 337 AB
658 316 759 338 ANNo
796 316 1085 339 MCCCLxxxxw
1121 318 1250 346 USQUE
1286 319 1333 340 An
1368 319 1506 341 ANNUM
1542 320 1746 342 Mccccril.
2072 316 2090 345 5

319 390 420 423 Egidio
434 390 470 416 de
485 390 644 419 Dullentio.
661 390 727 416 cler.
745 390 930 417 Ambianens.
946 391 1031 420 dioc,
1049 400 1125 425 mag.
1143 392 1174 418 in
1189 394 1243 418 art.
1260 394 1288 418 et
1303 393 1333 418 in
1350 394 1427 419 med.

320 439 432 465 Nicolao
446 439 482 464 de
495 439 697 469 Gondricuria.
714 440 780 465 cler.
795 440 920 465 Tullens.
938 440 1024 469 dioc.,
1040 449 1116 474 mag.
1134 441 1164 466 in
1180 443 1233 467 art.
1251 443 1278 467 et
1293 442 1338 467 lie.
1356 442 1386 467 in
1401 442 1490 471 decr..
1509 442 1585 467 stud.
1605 443 1725 468 Parisius
1740 444 1770 468 in
1785 445 1834 469 sac.
1854 445 1941 470 theol.
1958 446 1987 470 in
2005 447 2090 471 tercio

231 495 308 514 anno
323 495 373 513 sue
388 488 481 514 audie.

319 536 445 562 Johanni
460 537 574 562 Jenneti
589 537 625 562 dc
639 537 778 565 Trinerio.
795 538 861 563 cler.
879 538 1004 563 Tullens.
1021 539 1106 567 dioc„
1122 539 1199 564 stud.
1219 539 1349 565 Parisius.

319 586 442 611 Martino
455 586 490 612 de
506 586 759 616 lloudelaincuria‚
774 587 868 619 presb.
886 587 1012 613 Tullens.
1030 588 1115 617 dioc.,
1130 588 1197 613 scol.
1216 589 1347 614 Parisius.

318 635 445 660 Johanni
458 635 600 663 Marmeti.
618 635 744 661 subdiac.
761 636 934 668 Lingonens.
948 636 1034 665 dioc,
1051 637 1117 662 scol.
1136 637 1268 663 Parisius.

317 684 444 710 Johanni
459 684 584 717 Leporis,
598 684 664 710 cler.
682 685 806 711 Eduens.
821 685 907 714 dioc,
922 693 998 718 mag.
1015 685 1045 711 in
1058 687 1111 711 art.
1129 688 1158 711 ct
1172 686 1203 711 in
1220 687 1308 716 med,
1325 688 1391 712 actu
1407 687 1518 720 regenti
1535 688 1665 713 Parisius.

317 733 445 758 Johanni
459 733 495 759 de
510 733 687 766 Campremi,
702 734 769 759 cler.
783 734 970 760 Ambianens.
985 734 1071 763 dioc.,
1090 735 1211 760 Parisius
1224 736 1301 761 stud.

317 782 447 808 Michaeli
459 782 610 811 Charonis.
627 790 705 815 mag.
720 783 751 808 in
766 784 832 813 art.‚
850 783 1043 809 Suessionens.
1061 783 1134 810 dioc.

317 831 444 856 Johanni
460 831 614 860 Gourdini,
628 831 695 857 cler.
713 832 839 865 Sagiens.
854 832 939 861 dioc.‚
957 833 1080 858 Pal-isius
1095 833 1172 858 stud.

316 880 443 906 Johanni
458 880 576 910 cousin,
591 881 694 906 cler....
711 881 797 910 dioc,
816 881 938 907 Parisius
951 882 1027 907 stud.

315 929 442 954 Johanni
456 929 491 954 de
506 929 620 958 Efficiis.
637 929 730 963 presb.
749 930 942 956 Sucssionens.
959 931 1045 960 dioc„
1063 938 1140 963 mag.
1157 931 1188 956 in
1203 933 1257 956 art.
1276 932 1397 957 Parisius
1411 940 1427 957 a
1442 940 1477 957 xv
1489 933 1573 957 annis
1586 933 1666 961 citra,
1682 932 1711 957 in
1728 932 1816 957 theol.
1835 933 1911 958 stud.

316 977 472 1004 Guillelmo
485 978 608 1011 Nepotis,
625 978 656 1004 in
671 980 724 1004 art.
742 986 819 1011 mag.
837 979 983 1012 Bajocens.
1000 979 1086 1009 dioc„
1104 980 1226 1005 Parisius
1239 980 1316 1006 stud.
1330 981 1362 1006 in
1377 981 1428 1007 sac.
1446 981 1535 1007 theol.

314 1027 442 1052 Johanni
457 1027 629 1057 Estoccardi‚
645 1028 711 1053 cler.
726 1027 926 1057 Ambianens.,
944 1028 1066 1054 Parisius
1081 1028 1157 1054 stud.
1895 1030 1948 1065 [25]

316 1123 392 1156 Fiat
414 1135 478 1168 pro
501 1124 683 1157 omnibus.
706 1126 744 1156 L.
761 1145 806 1152 —-
826 1125 910 1157 Sine
932 1125 998 1157 alia
1024 1125 1181 1158 lectione
1203 1132 1237 1158 et
1257 1138 1336 1158 cum
1358 1127 1616 1159 commissione
1639 1127 1812 1160 examinis
1833 1128 1876 1160 ad
1899 1135 2029 1172 partes.
2047 1149 2090 1152 —-

227 1190 314 1223 Fiat.
338 1192 376 1223 L.
399 1211 442 1215 —-
461 1192 539 1224 Dat.
562 1191 743 1224 Avinione
763 1192 812 1224 id.
835 1192 1060 1232 Decembris,
1079 1204 1173 1225 anno
1194 1193 1322 1237 primo.

318 1289 380 1319 Reg.
397 1288 492 1320 Suppl.
510 1289 606 1312 Bened.
623 1289 691 1318 XIII,
709 1293 738 1312 n0
753 1290 790 1317 79,
809 1290 854 1313 fol.
871 1290 937 1314 187¹).
953 1290 990 1312 Ex
1012 1290 1062 1313 isto
1081 1290 1160 1313 etiam
1181 1291 1267 1313 rotulo
1287 1291 1420 1314 scholares
1441 1291 1582 1315 Parisiens.
1604 1292 1689 1314 solum
1711 1293 1907 1323 exscripsimus.
1928 1307 1955 1310 —
1972 1294 1999 1316 In
2016 1298 2044 1315 ῐι0
2058 1294 2086 1316 81

225 1333 352 1364 (ejusdem
368 1333 438 1362 unni)
456 1333 523 1356 alius
539 1334 642 1356 rotulus
658 1337 743 1357 exstat
757 1334 828 1357 Petri
843 1334 874 1357 de
887 1334 1006 1364 Ailliaco,
1021 1343 1069 1366 pro
1085 1335 1288 1366 consanguineis
1304 1335 1359 1358 suis
1374 1336 1428 1365 (sol.
1444 1335 1508 1365 78b);
1522 1339 1547 1359 ct
1562 1336 1587 1358 in
1604 1341 1631 1358 n⁰
1646 1337 1684 1364 83,
1702 1337 1746 1360 sol.
1763 1337 1800 1366 31,
1817 1337 1885 1360 idem
1900 1338 2001 1367 Petrusr
2018 1338 2087 1368 regis

225 1377 332 1401 Francis
347 1377 571 1407 eleemosinarum,
588 1386 631 1402 an.
647 1378 747 1408 eodem,
761 1378 854 1402 Octob.
871 1379 908 1407 14,
925 1381 951 1402 in
967 1389 979 1401 «
995 1380 1081 1402 rutulo
1102 1388 1151 1410 pro
1174 1380 1350 1403 familiaribus
1368 1380 1539 1403 familiarium
1561 1381 1629 1405 dom.
1647 1381 1729 1404 nostri
1750 1390 1819 1412 pape
1839 1392 1852 1403 η
1876 1382 1942 1413 petit
1965 1391 2012 1413 pro
2032 1382 2086 1405 suis

224 1422 412 1445 familiaribus.

318 1516 342 1541 1.
363 1517 380 1540 Ι.
397 1525 420 1541 e.
436 1516 481 1540 isti
496 1517 594 1540 celebri
606 1517 672 1547 viro,
688 1517 719 1540 de
731 1525 783 1548 quo
797 1517 865 1540 sicut
879 1517 910 1540 de
925 1517 1016 1541 multis
1028 1517 1088 1541 aliis
1104 1518 1130 1540 in
1145 1521 1164 1541 t.
1181 1518 1225 1542 ΙΙΙ,

229 1711 369 1749 1717.
394 1730 408 1746 <
424 1720 544 1746 Botulus
559 1721 759 1747 archidiaconi
774 1721 961 1748 Parisiensis.
979 1732 994 1747 »

1153 1792 1227 1821 1394.
1243 1791 1357 1817 Decemb.
1373 1792 1482 1821 5-7395,
1499 1793 1615 1818 danuvii
1630 1793 1654 1822 6,
1670 1793 1799 1818 Avenione.

312 1880 548 1913 Sanctissimo
576 1879 613 1912 in
640 1878 786 1913 Christo
813 1879 904 1924 patri
930 1886 965 1912 et
996 1879 1142 1912 domino
1174 1886 1299 1912 nostro
1326 1880 1472 1912 domino
1504 1880 1700 1913 Benedicto
1727 1881 1847 1914 divina
1871 1882 2082 1926 providente

222 1947 413 1980 clementia
434 1953 662 1980 sacrosancte
684 1948 842 1979 Romane
863 1959 902 1979 ac
924 1946 1141 1980 universalis
1164 1946 1319 1979 ecclesie
1341 1959 1481 1979 summo
1504 1947 1678 1992 pontifici,
1702 1948 1854 1981 devotus
1876 1955 1910 1981 et
1936 1948 2081 1981 humilis

222 2020 344 2046 orator
358 2020 479 2047 vester
499 2013 700 2047 Garnerius
722 2013 920 2055 Guerandi,
943 2013 1219 2047 archidiaconus
1241 2013 1395 2046 ecclesie
1416 2014 1627 2055 Parisiens.,
1649 2014 1736 2047 alias
1764 2015 1807 2047 de
1827 2016 1969 2060 Josayo,
1997 2016 2079 2048 olim

222 2081 515 2122 refferendarius,
541 2080 774 2125 cappellanus
796 2087 831 2113 et
853 2081 1040 2113 familiaris
1065 2080 1125 2113 sel.
1153 2092 1225 2113 rec.
1249 2081 1385 2113 domini
1414 2080 1612 2114 Clementis
1641 2093 1730 2126 pape
1759 2082 1901 2126 septimi
2001 2095 2080 2115 cum

222 2148 279 2181 sui
304 2147 659 2181 recommendatione
680 2147 866 2180 humilima
886 2148 1161 2192 reverentiaque
1183 2154 1218 2180 et
1242 2147 1470 2192 subjectione
1496 2148 1681 2193 perpetuis
1710 2160 1748 2181 se
1771 2149 1888 2193 ipsum
1910 2149 1953 2181 ad
1975 2150 2080 2182 devo-

221 2215 359 2248 tissima
380 2215 511 2260 pedum
534 2214 658 2248 oscula
685 2214 885 2247 beatorum.
908 2216 1011 2247 Pater
1031 2214 1255 2256 beatissime,
1282 2226 1350 2259 ego
1376 2221 1509 2247 attente
1531 2215 1767 2248 considerans
1789 2216 1885 2260 quod
1906 2216 1941 2248 in
1962 2223 2080 2249 vestre

222 2282 450 2315 sanctissime
471 2282 776 2315 considerationis
797 2282 929 2314 intuitu
951 2281 1105 2314 ubilibet
1124 2282 1265 2315 visione
1287 2281 1486 2314 clarissima
1507 2289 1633 2314 cuncta
1650 2289 1820 2314 cernente
1842 2295 1913 2315 non
1930 2290 1985 2315 est
2004 2295 2081 2328 per-

221 2352 390 2382 sonarum
412 2349 587 2394 acceptio,
614 2349 679 2381 sed
706 2349 826 2394 potius
852 2349 1063 2381 meritorum
1171 2355 1209 2380 ut
1238 2348 1398 2380 creditur
1418 2348 1510 2380 bene
1538 2349 1675 2381 meritis
1696 2349 1826 2382 vestris
1854 2350 2079 2394 temporibus

221 2428 294 2449 non
321 2416 510 2449 claudetur
531 2417 641 2460 janua
667 2416 861 2461 gratiarum
889 2416 926 2448 in
952 2415 1020 2448 hoc
1045 2422 1167 2449 vestro
1193 2415 1355 2459 jocundo
1383 2415 1539 2448 adventu
1566 2416 1609 2447 ad
1640 2427 1817 2448 summum
1850 2416 2078 2460 pontificatus

219 2482 408 2524 honorem,
427 2483 471 2515 de
492 2484 596 2527 cujus
617 2483 844 2528 promotione
866 2483 1046 2527 condigna
1066 2489 1214 2527 propter
1230 2482 1377 2523 bonum⁷
1397 2482 1493 2526 quod
1511 2482 1640 2514 exinde
1662 2483 1727 2515 toti
1748 2483 1799 2514 rei
1820 2483 1964 2528 publice
1985 2484 2079 2517 chri-

220 2550 335 2583 stiane
363 2556 529 2595 speratur
549 2550 754 2595 provenire,
773 2562 835 2583 cor
858 2562 977 2582 meum
999 2549 1301 2594 quamplurimum
1324 2548 1495 2581 exultavit
1518 2549 1554 2581 in
1576 2549 1729 2581 Domino
1751 2556 1785 2582 et
1806 2550 1949 2591 exultat,
1973 2563 2014 2583 ex
2036 2563 2077 2583 eo

220 2623 340 2662 grates
361 2617 554 2650 referendo
576 2616 754 2650 bonorum
775 2617 936 2649 omnium
958 2616 1180 2661 largitori....

306 2725 341 2750 Et
355 2725 452 2758 primo
467 2724 594 2750 Johanni
608 2725 735 2754 Caronis,
758 2725 852 2758 presb.
877 2725 1035 2750 Belvacens.
1052 2723 1138 2751 dioc..
1160 2731 1237 2755 mag.
1258 2723 1289 2748 in
1311 2725 1364 2748 art.
1383 2725 1411 2749 ct
1432 2723 1491 2748 bac.
1510 2723 1539 2748 iu
1559 2724 1660 2753 theol,
1678 2724 1750 2750 olim
1764 2725 1867 2751 rectori
1883 2726 2078 2752 Universitatis

219 2774 307 2799 studii
322 2774 407 2799 Paris.
425 2782 457 2799 ac
472 2774 540 2799 alias
554 2774 724 2807 temptatori
739 2775 767 2800 et
779 2773 971 2800 examinatori
986 2773 1017 2798 in
1027 2774 1079 2798 art.
1097 2772 1342 2798 licentiandorum
1355 2772 1385 2797 in
1398 2772 1530 2798 examine
1543 2773 1573 2797 Β.
1592 2773 1677 2798 Mai-ie
1690 2774 1774 2799 Paris.

308 2823 381 2850 Item
396 2823 523 2849 Johanni
538 2822 749 2856 Fouquerelli⁴‚
763 2823 857 2856 presb.
875 2823 1034 2848 Belvaccns.
1052 2821 1137 2851 (1100,
1153 2829 1229 2853 mag.
1244 2821 1275 2846 in
1292 2823 1345 2847 art.
1363 2823 1391 2847 et
1406 2821 1481 2846 stud.
1496 2821 1616 2847 l'arisius
1630 2822 1661 2847 in
1675 2823 1763 2849 theol.
1780 2823 1811 2849 in
1828 2825 1905 2850 sexto
1919 2832 1968 2850 suc
1980 2825 2073 2850 audie.

218 2879 307 2898 anno.
