2502 3418
235 343 331 378 1413]
582 355 628 376 AB
666 355 771 377 ΑΝΝο
801 355 1089 377 MCCCLXXXXIV
1123 355 1255 384 USQUE
1291 356 1338 377 AD
1373 356 1510 378 ANNL‘M
1547 357 1751 379 MCCCCLll.
2038 350 2102 382 265

238 476 376 513 1993.
403 484 521 511 Carolus
538 486 579 519 Vl,
598 494 649 510 rex
662 486 842 518 Francorum,
859 484 984 510 Gerardo
1000 485 1134 520 episcopo
1151 484 1192 510 vel
1206 484 1325 517 officiali
1339 485 1435 511 Paris.
1452 485 1581 519 mandat,
1598 489 1627 510 ut
1643 495 1705 511 cum
1722 487 1891 521 inquisitore
1905 488 2014 513 haeret.
2031 497 2101 524 pra-

323 534 419 559 vitatis
443 538 470 560 et
493 534 640 568 magistris
663 533 746 559 theol.
774 534 1012 559 nominatissimis
1037 533 1164 568 aliisque
1185 533 1384 559 Universitatis
1405 534 1501 559 Paris.
1526 543 1556 559 se
1579 535 1735 568 informent
1758 535 1793 561 de
1818 536 1962 561 erroribus
1983 537 2018 562 de
2034 546 2101 563 novo

318 583 533 618 pullulantibus
549 583 577 608 in
593 591 678 617 regno
692 583 833 608 Franciae
853 582 1027 608 tendentium
1043 582 1083 608 ad
1101 582 1311 608 subversionem
1327 586 1432 617 status,
1454 583 1594 618 imprimis
1610 583 1645 609 de
1662 583 1721 609 illis
1740 593 1758 609 a
1773 589 1960 619 procuratore
1979 586 2056 620 regio
2073 587 2100 611 in

321 632 403 657 curia
425 632 596 666 designatis.
616 632 720 658 Donne
734 630 750 658 ἐι
765 632 842 658 Paris
856 632 882 658 le
898 632 947 666 vij·
963 632 1033 665 jour
1051 631 1206 658 d’Octobre
1226 632 1284 658 l'an
1300 631 1352 657 mil
1373 634 1478 665 quatre
1498 640 1564 658 cens
1579 634 1608 658 et
1632 633 1726 665 treize,
1754 635 1782 659 et
1801 634 1836 659 de
1857 636 1953 660 nostre
1973 642 2061 668 regne
2076 636 2101 661 le

320 681 457 715 xxxiiije1.
477 691 490 706 «
506 681 706 707 L’abondance
722 691 747 706 n.

1465 722 1532 751 1413,
1551 721 1639 747 Octob.
1661 723 1681 751 7,
1698 722 1813 748 Parisiis.

323 808 392 832 Bibl.
416 811 468 831 nat.
486 808 581 838 Paris„
602 816 652 832 ms.
667 809 714 831 lat.
734 809 815 838 14862,
840 809 883 832 fol.
901 809 923 831 2.
943 809 1011 839 Opp.
1036 809 1162 839 Gerson.‚
1182 810 1210 838 V,
1229 810 1267 832 52.
1285 823 1315 827 —
1332 810 1385 833 Hae
1409 810 1512 833 litterae
1533 813 1561 833 ut
1580 810 1659 833 etiam
1680 810 1840 841 posteriores
1858 811 1934 834 Febr.
1951 812 1964 834 4
1980 820 2022 834 an.
2042 812 2102 835 1414

232 852 320 884 utique
336 852 478 884 instigante
498 853 617 876 Johanne
636 853 751 877 Gersone
766 853 927 884 compositae
948 857 1017 876 sunt.
1037 854 1165 877 Martinus
1182 854 1261 877 Poree
1277 854 1370 877 scribit
1385 855 1444 885 (ms.
1461 855 1507 877 lat.
1526 855 1613 883 14851‚
1631 855 1676 878 sol.
1692 854 1735 877 61¹²
1749 863 1753 878 z
1773 864 1783 878 α
1798 855 1919 878 dominus
1936 864 2008 878 meus
2025 865 2102 887 supe-

231 896 286 920 rior
300 900 326 920 εἰ
337 897 466 920 naturalis
483 897 509 920 in
524 897 750 928 profunditatibus
770 897 925 928 theologicis
945 898 986 921 vel
1002 898 1081 921 etiam
1096 898 1288 929 philosophicis
1310 899 1460 930 inexpertus
1476 907 1524 930 per
1541 899 1606 922 istos
1629 899 1782 928 (Gersonem
1798 903 1823 923 et
1837 900 2019 930 adhaerentes)
2036 901 2104 924 sicut

230 941 267 965 eis
283 941 384 972 placuit
398 941 482 964 extitit
497 941 663 972 informatus,
681 942 725 973 qui
745 942 869 965 estimans
886 942 933 965 hos
954 943 1097 973 procedere
1112 942 1180 965 bono
1202 943 1257 966 zelo
1276 946 1301 966 et
1321 944 1463 966 seeundum
1481 943 1627 974 scientiam,
1645 944 1667 966 si
1684 944 1796 973 adhesit,
1812 944 1861 967 hoc
1877 948 1916 967 est
1933 945 1999 967 eitra
2015 945 2104 968 deter-

232 985 401 1009 minationem
416 986 525 1009 ecclesie
541 994 562 1009 s.
579 986 658 1010 Dei».

324 1070 349 1095 1.
364 1071 410 1095 Ed.
426 1078 566 1101 perperam
583 1079 588 1094 '.
602 1079 614 1093 «
630 1070 654 1094 le
669 1070 744 1102 vingt
762 1071 908 1102 quatu-ieme
923 1080 944 1094 υ.

237 1236 376 1274 1994.
399 1246 534 1280 Magistri
547 1249 677 1280 regentes
691 1246 845 1280 facultatis
861 1246 1021 1272 medicinae
1037 1255 1085 1272 an.
1103 1247 1267 1273 1413-1414.

1483 1304 1552 1333 1413,
1567 1304 1689 1334 Νονειηὸ.,
1702 1305 1816 1331 Parisiis.

321 1391 424 1423 Dicto
445 1403 538 1423 anno
560 1402 670 1436 supra
690 1391 895 1423 immediate
917 1391 1054 1423 domini
1085 1391 1254 1424 doctores
1285 1392 1343 1424 die
1374 1398 1549 1424 consueto
1581 1404 1665 1424 suas
1697 1392 1872 1425 lectiones
1901 1394 2102 1426 ordinarias.

233 1457 459 1502 inceperunt,
483 1470 636 1502 quorum
658 1458 803 1490 nomina
825 1457 1101 1503 subsequuntur
1123 1470 1130 1490 z

322 1556 455 1590 Magister
464 1557 590 1582 Thomas
602 1557 638 1582 de
654 1556 758 1583 Sancto
772 1557 864 1583 Petro.
1271 1557 1404 1590 Magister
1415 1558 1480 1583 Joh.
1499 1558 1582 1583 Basiu
1593 1557 1610 1582 ¹.

1414 1607 1556 1632 Robertus
1572 1607 1770 1633 Chermollue.

1415 1656 1516 1681 Petrus
1528 1656 1563 1681 de
1578 1655 1697 1682 Trecis2.

1416 1705 1501 1737 Hugo
1517 1705 1610 1730 Fabri.

1416 1754 1504 1779 Guill.
1524 1754 1618 1779 Fabri.

1415 1803 1474 1828 Yvo
1491 1803 1578 1828 Levis.

1413 1851 1515 1877 Petrus
1530 1851 1728 1877 Cordonneni.

463 1605 639 1632 Guillelmus
653 1605 689 1631 de
703 1605 832 1632 Camera.
871 1608 873 1610 '

464 1654 529 1679 Joh.
547 1654 677 1680 Comitis.

463 1702 528 1728 Joh.
547 1703 673 1736 Leporis.

463 1752 552 1778 Guill.
571 1751 743 1785 Pellipariih

464 1800 605 1826 Henricus
621 1800 719 1825 Pelati.

464 1848 530 1874 Joh.
547 1848 707 1881 Tanquart.

464 1897 529 1923 Joh.
547 1897 588 1922 du
602 1897 737 1930 Martroy.

461 1945 527 1971 Joh.
545 1945 648 1971 Belart.

462 1994 605 2020 Robertus
618 1994 654 2020 de
667 1994 693 2020 S.
711 1994 867 2020 Germano.

1413 1900 1479 1926 Joh.
1497 1900 1629 1926 Beraudi.

1412 1949 1478 1975 Joh.
1496 1949 1532 1975 de
1547 1949 1624 1975 Pisis.

1413 1998 1536 2024 Jacohus
1552 1998 1682 2031 Despars.

1413 2047 1478 2072 Joh.
1497 2047 1611 2073 Cadart.

1412 2096 1553 2122 Henricus
1569 2097 1723 2123 'l'hiebout

1412 2145 1534 2171 Michael
1549 2146 1680 2171 Bouveti.

1412 2194 1536 2220 Jacobus
1550 2195 1688 2220 Percheti.
1832 2195 1886 2230 [28]

459 2043 583 2069 Jacobus
599 2042 787 2077 Saquespee¹.

462 2092 602 2118 Henricus
618 2093 751 2126 Doygny.

460 2142 554 2168 Droco
570 2142 687 2168 Decani.

370 2205 405 2208 —
461 2190 549 2216 Guill.
567 2191 692 2224 Nepotis.

371 1669 410 2111 ΙΙΙΙέΙΙΙΙῑ

1322 1670 1361 2212 ΙΙΙΙΙΙΙΙΙΙΙΙ

321 2277 421 2301 Comm.
439 2279 487 2302 sac.
506 2279 583 2306 med.,
598 2279 616 2307 Ι,
633 2287 659 2310 p.
676 2279 771 2302 185.—
785 2280 850 2303 Nov.
866 2280 904 2308 10,
921 2280 1050 2303 Robertus
1066 2281 1097 2304 de
1111 2281 1136 2304 S.
1152 2281 1282 2305 Germano
1298 2281 1415 2305 decanus
1431 2282 1528 2305 electus
1545 2286 1594 2306 cst.

321 2362 346 2387 1.
362 2363 391 2386 Id
404 2371 498 2386 nomen
514 2366 606 2394 postea
621 2364 682 2387 add.
698 2364 765 2387 inter
786 2364 879 2388 lineas.
902 2379 929 2383 -
948 2365 972 2390 2.
988 2366 1081 2389 Petrus
1097 2366 1128 2388 de
1149 2366 1257 2389 Treucis
1278 2365 1337 2396 (sic)
1359 2366 1427 2389 inter
1447 2366 1615 2389 Chermollue
1632 2370 1656 2389 et
1676 2367 1703 2390 P.
1722 2367 1752 2389 de
1769 2367 1857 2390 Treeis
1878 2367 1983 2390 additus
1999 2371 2047 2397 est,
2067 2368 2101 2390 ita

229 2410 258 2431 ut
270 2415 337 2430 unus
350 2408 479 2439 magister
491 2408 531 2431 bis
546 2408 681 2432 afferatur.

234 2530 374 2568 1995.
403 2540 578 2566 Πηίνθνείἰαε
592 2541 687 2567 Paris.
704 2541 838 2577 deplorat
854 2543 984 2577 nefanda
1006 2543 1034 2569 in
1055 2547 1225 2579 tempestate
1242 2547 1380 2579 [Μνασέας
1398 2543 1542 2579 quidquid
1560 2552 1618 2575 retr,
1637 2544 1686 2578 qui
1699 2544 1796 2578 potius
1817 2543 1999 2568 miserandus
2015 2552 2099 2579 quam

322 2589 519 2615 criminandus
537 2593 588 2623 est,
607 2589 769 2625 decreverit,
788 2591 947 2627 approbat;
965 2591 1108 2628 quidquid
1124 2592 1189 2628 ipsa
1210 2593 1385 2618 Uniwrsitas
1406 2596 1505 2618 contra
1526 2593 1586 2626 ejus
1608 2592 1810 2617 auctoritatem
1827 2592 1925 2626 egerit,
1945 2593 2097 2628 improbat,

317 2637 364 2663 Ad
379 2638 559 2664 concordiam
574 2638 716 2666 hortatur.

1444 2678 1513 2705 1413,
1529 2677 1647 2702 θεοεητὺ.
1666 2677 1682 2705 1,
1699 2677 1814 2702 Parisiis.

320 2763 511 2796 Universis
528 2771 719 2808 presentes
736 2764 873 2798 litteras
890 2766 1110 2811 inspecturis
1128 2766 1354 2799 Universitas
1372 2766 1482 2798 studii
1504 2765 1721 2798 parisiensis
1738 2765 1822 2797 dare
1840 2764 1991 2809 gloriam
2011 2766 2098 2806 Deo,

233 2835 268 2862 et
282 2830 480 2872 veritatem,
499 2843 603 2875 quain
624 2831 870 2876 prehonorare
891 2840 1052 2866 sanctum
1070 2833 1158 2874 est¹,
1175 2832 1302 2865 liberis
1323 2833 1452 2865 animis
1475 2832 1673 2876 predicare.
1697 2832 1868 2876 Legimus
1885 2832 2098 2869 Assuerulm

234 2907 355 2941 regem
378 2903 446 2929 tam
469 2898 773 2942 potentissimum,
796 2899 937 2944 priores
959 2899 1130 2945 quasdam
1153 2899 1304 2940 litteras,
1323 2911 1411 2943 quas
1433 2899 1608 2931 advorsus
1630 2898 1780 2931 salutem
1803 2898 1926 2942 populi
1947 2899 2099 2937 Judaioi,

356 2958 421 2973 *M*
439 2955 533 2980 Chare.
557 2956 636 2980 Univ.
655 2956 746 2981 Paris.
766 2957 807 2980 IV.
1948 2957 1978 2979 34
