2502 3418
415 340 479 372 498
987 351 1303 373 ann'rumanM
1339 351 1528 373 UNIVERS.
1565 352 1694 373 rmus.
2177 340 2276 376 [1430

503 426 575 459 Mag.
593 426 713 452 Michael
728 426 850 460 Anglici,
1448 427 1520 460 Mag.
1538 427 1680 453 Robertus
1694 427 1729 453 de
1744 427 1838 456 Porta,
1856 427 1942 460 Aug..

522 488 554 492 u-
593 474 678 507 Ilugo
697 474 821 507 Maioris,
1465 491 1500 493 —
1537 476 1683 502 Johannes
1700 475 1822 503 Sarasin.

416 560 543 581 omnes
565 549 728 593 magistri
750 549 786 582 in
808 549 1005 593 theologia,
1028 550 1161 582 deinde

504 634 678 661 Licentiatus
693 642 770 668 mag.
788 635 936 661 Johannes
950 635 976 661 10
990 635 1191 662 Moustardier.

503 723 560 755 27²²
579 722 741 767 ejusdem
765 723 901 755 mensis
923 724 1027 755 etiam
1044 724 1215 767 jurarunt
1236 729 1269 755 et
1291 722 1534 767 obsignarunt
1554 735 1560 755 :

503 804 576 836 Mag.
595 804 695 829 Petrus
709 804 745 830 (10
760 804 891 837 Diereyo.
908 804 1043 830 decanus.
1446 804 1519 837 Mag.
1537 804 1655 837 Egidius
1665 804 1841 838 Raymundi.

519 867 555 870 —
592 851 765 878 Guillelmus
779 852 917 878 Boutitot.
1467 867 1501 871 —-
1537 853 1684 879 Johannes
1699 853 1875 879 Gravestain.

521 915 553 919 —
592 900 740 926 Emericus
754 900 790 925 dc
803 900 964 927 Brusseriis.
1465 917 1499 919 —
1536 901 1711 927 Guillelmus
1726 901 1829 927 Adelis.

520 965 555 968 --
592 949 743 982 Philippus
759 949 853 974 Molet.
1464 963 1498 966 —
1536 948 1694 975 Gaufridus
1709 949 1858 975 Coclearis.

518 1014 553 1016 —
590 998 737 1023 Johannes
751 998 787 1023 de
800 998 942 1023 Vcrnone.
1463 1012 1498 1015 —
1534 997 1674 1030 Georgius
1688 997 1724 1023 de
1738 997 1953 1031 Vallespeciosa.

518 1062 552 1065 —
590 1046 730 1072 Martinus
740 1046 845 1079 Bilory.
1463 1061 1497 1063 —
1534 1045 1695 1072 Richardus
1709 1046 1745 1072 de
1759 1046 1899 1073 Mesnillo.

502 1126 641 1158 Deinde
658 1125 831 1158 licentiati
849 1132 884 1158 et
899 1125 1090 1158 baccalarii
1109 1137 1116 1157 τ

501 1208 574 1240 Mag.
592 1207 722 1233 Nicolaus
737 1206 840 1235 Amici.
925 1207 935 1267 l
1342 1204 1345 1222 ⁶
1446 1207 1522 1232 Frat.
1538 1207 1685 1234 Johannes
1697 1207 1732 1233 (10
1746 1207 1851 1237 Fan03,
1866 1208 1969 1234 Minor.

516 1272 550 1275 d
589 1256 763 1282 Guillelmus
782 1255 912 1285 Evrardi,
952 1253 1101 1282 licentiati.
1464 1270 1496 1274 —-—
1534 1255 1682 1281 Johannes
1698 1255 1782 1284 Petri,
1800 1255 1923 1282 Carmel.

515 1322 550 1324 v
587 1305 717 1331 Nicolaus
732 1305 817 1333 Bessi,
925 1274 935 1337 5
1462 1319 1496 1323 —
1534 1304 1665 1329 Nicolaus
1679 1304 1831 1330 Constant.

1533 1353 1642 1379 Alanus
1657 1353 1692 1379 de
1708 1353 1885 1386 Savigniaco.
1902 1354 2018 1380 Cistcrc.

1531 1402 1679 1428 Johannes
1692 1402 1785 1431 Fabri,
1803 1402 1829 1428 S.
1847 1403 1949 1428 Trinit.

1532 1450 1696 1475 Bernardus
1709 1450 1878 1479 Cheneveri,
1890 1450 2021 1476 Cluniae.

1532 1496 1675 1521 Robertus
1691 1494 1764 1524 Pele,
1781 1496 1863 1521 Pred.

1462 1560 1496 1562 —
1534 1544 1710 1570 Guillelmus
1724 1544 1760 1570 de
1775 1544 1853 1570 Valle
1867 1544 1995 1574 Russain,
2010 1545 2113 1571 Minor.

1531 1593 1707 1626 Reginaldus
1717 1593 1863 1623 Bouverti,
1880 1594 2002 1627 August.

499 1355 574 1380 Frat.
590 1353 697 1387 Aymo'
715 1354 854 1387 Magnini,
872 1354 953 1380 Prcd.

513 1419 548 1421 —
585 1403 812 1436 Christophorus
827 1403 985 1436 Villcquin,
1003 1404 1107 1429 Minor.

586 1450 716 1476 Nicolaus
731 1450 864 1479 Emerici.
880 1451 1005 1483 August.

584 1499 733 1525 Johannes
747 1499 855 1529 Wisset,
872 1500 1048 1527 Premonstr.

585 1548 668 1580 Ilugo
684 1548 787 1575 Poreti.
804 1548 985 1574 Cluniacens.

584 1596 731 1621 Johanncs
745 1596 781 1622 dc
794 1596 894 1622 Fonte.
1459 1609 1494 1612 -

583 1645 747 1678 Stephanus
763 1645 859 1670 Buret.
1459 1658 1495 1662 —-
1531 1643 1656 1668 Thomas
1671 1642 1765 1671 Vcret.
1782 1642 1889 1668 Predic.

583 1693 728 1718 Antonius
744 1692 899 1721 Masoerii2,
918 1693 1027 1719 Predic.
1460 1706 1493 1711 —
1531 1692 1686 1718 Anselmus
1700 1691 1820 1725 Appart,
1838 1692 1941 1718 Minor.
2145 1691 2200 1727 [53]

511 1466 549 1712 111111

499 1764 568 1787 Bibl.
587 1767 640 1787 nat.
657 1763 751 1792 Paris.‚
774 1771 823 1786 ms.
840 1764 886 1787 lut.
902 1765 983 1792 50572,
1004 1764 1048 1788 sol.
1065 1765 1088 1787 5.
1105 1764 1133 1786 ln
1149 1772 1197 1787 ms.
1214 1763 1260 1787 lat.
1278 1763 1354 1786 10402
1373 1762 1428 1792 (ubi
1448 1765 1546 1786 statuta
1562 1766 1587 1785 et
1598 1762 1748 1794 juramenta
1766 1763 1854 1786 facult.
1868 1762 1947 1787 theol.
1966 1763 2107 1792 Chartul„
2123 1763 2155 1792 ll,
2171 1772 2198 1795 p.
2214 1764 2269 1792 697,

405 1810 449 1832 705
466 1809 557 1840 edita),
571 1808 615 1831 sol.
631 1808 658 1831 71>
673 1808 804 1831 invenitur
819 1808 909 1831 eadem
928 1808 1084 1831 «conclusio
1101 1808 1229 1838 sncultat.y
1243 1808 1312 1839 quod
1329 1808 1447 1830 decetero
1461 1807 1611 1830 servabitur
1628 1815 1687 1830 cum
1705 1807 1793 1838 rigore
1809 1810 1937 1830 statutum
1951 1807 2048 1839 papale
2062 1808 2148 1839 quoad
2164 1811 2269 1839 tempus

405 1853 593 1885 acquirendum
605 1856 630 1876 et
644 1852 869 1876 continuacionem
886 1853 976 1882 studii,
988 1856 1013 1876 et
1027 1853 1095 1884 quod
1110 1853 1184 1876 nulla
1197 1852 1389 1884 suffragabitur
1400 1855 1491 1876 contra
1508 1851 1660 1883 hujusmodi
1677 1855 1806 1875 statutum
1821 1851 1983 1883 dispensatio
2001 1860 2022 1880 »,
2042 1852 2087 1875 ned
2105 1852 2268 1881 abbreviata,

404 1898 510 1921 omissis
530 1898 689 1927 nominibus,
707 1900 732 1921 et
751 1897 784 1920 ad
800 1906 842 1921 an.
859 1898 928 1925 1435,
950 1897 1042 1920 ultimo
1060 1897 1209 1928 juramento
1226 1897 1328 1921 variato
1346 1897 1408 1927 (vid.
1428 1897 1460 1920 ud
1478 1905 1521 1920 an.
1540 1897 1609 1925 1435,
1625 1897 1751 1920 Novemb.
1772 1897 1819 1926 16),
1835 1905 1895 1919 cuin
1913 1897 1986 1919 finali
2005 1897 2193 1920 conclusione:
2211 1907 2224 1919 ιι
2237 1898 2268 1921 Et

405 1943 467 1975 quia
485 1942 634 1966 observatio
650 1944 813 1973 prefatorum
832 1945 991 1965 statutorum
1007 1946 1047 1965 cst
1062 1942 1228 1965 rationabilis
1243 1945 1269 1965 et
1285 1942 1395 1965 honesta
1411 1959 1439 1965 ...
1456 1941 1576 1972 magistri
1592 1941 1709 1973 predicte
1728 1941 1860 1964 facultatis
1876 1941 1945 1964 trina
1960 1941 2016 1965 vice
2031 1950 2102 1965 more
2118 1942 2195 1965 solito
2208 1950 2268 1966 con-

404 1987 507 2019 gregati
521 1990 546 2010 et
561 1986 696 2010 convocati
712 1988 817 2010 suerunt
829 1995 896 2010 anno
912 1987 986 2010 Dum.
1002 1987 1098 2010 milles.
1117 1987 1332 2018 quadi-ingentes.
1354 1987 1487 2010 tricesimo
1505 1986 1596 2018 quinto
1612 1986 1644 2009 ad
1660 1986 1861 2017 providendum,
1878 1994 1909 2009 ne
1924 1986 1950 2009 in
1964 1989 2100 2017 posterum
2115 1986 2267 2018 hujusmodi

404 2035 502 2055 statuta
518 2032 688 2060 violarentur,
705 2035 730 2055 et
745 2040 824 2062 super
837 2031 1015 2055 ordinationes
1031 2032 1210 2055 observandas
1226 2031 1276 2055 suit
1289 2033 1356 2055 facta
1372 2031 1497 2054 solemnis
1513 2030 1687 2062 congregacio
1702 2032 1865 2062 prefatorum
1882 2031 2071 2062 magistrorum
2090 2031 2117 2054 in
2135 2032 2162 2055 S.
2180 2031 2266 2055 Matu-

403 2077 461 2100 rino
475 2077 529 2108 xvj¹¹
544 2077 585 2099 die
600 2076 756 2100 Novembris
773 2076 832 2099 anni
848 2076 944 2107 prelati
962 2085 983 2099 υ.

496 2153 519 2177 1.
536 2154 602 2176 Ms.:
621 2162 633 2176 <z
648 2153 802 2184 Aymundus
817 2160 838 2176 7).
849 2166 880 2169 —
895 2152 919 2177 2.
937 2153 1003 2176 Ms.:
1021 2162 1033 2174 α
1046 2152 1176 2176 Mastrerii
1193 2161 1214 2176 υ.
1231 2166 1261 2169 -
1272 2152 1297 2177 3.
1311 2153 1359 2176 Ms.
1375 2152 1482 2184 potius:
1500 2161 1511 2175 (
1525 2153 1630 2176 Faus».

405 2316 548 2353 2348.
572 2325 725 2351 Licentiati
741 2326 769 2351 in
784 2324 927 2359 facultate
943 2324 1113 2359 theologiae.

1605 2369 1682 2397 7430,
1698 2368 1789 2401 Aprilis
1802 2369 1847 2398 27,
1866 2369 1980 2396 Parisiis.

492 2456 556 2488 Die
572 2456 670 2500 jovis
687 2456 797 2500 xxvij³
816 2455 953 2500 Aprilis
974 2456 1121 2488 suerunt
1141 2455 1321 2488 licenciati
1342 2456 1378 2488 in
1396 2455 1502 2488 domo
1524 2457 1671 2489 fratrum
1695 2457 1964 2490 predicatorum
1990 2469 2055 2502 per
2075 2457 2261 2490 dominum

403 2523 633 2555 commissum
657 2523 868 2567 magistrum
891 2523 1080 2567 Hugonem
1102 2522 1262 2566 Majoris.

490 2609 563 2634 Frat.
579 2609 725 2634 Johannes
740 2608 875 2634 Wistleffl.
1432 2610 1532 2635 Petrus
1547 2609 1641 2638 Vileti.
1658 2609 1795 2639 Carmel..
1815 2609 1845 2636 13
1862 2610 1926 2636 Maii
1934 2610 1954 2636 ³.

490 2659 562 2690 Mag.
580 2659 726 2684 Johanncs
741 2659 766 2684 10
781 2657 974 2684 Mostardier2.

494 2733 561 2755 Bilil.
578 2736 631 2756 nat.
645 2734 738 2761 Paris.,
753 2741 802 2757 ms,
819 2734 864 2757 lat.
881 2734 949 2761 5494,
967 2742 993 2764 p.
1009 2734 1061 2758 101,
1076 2746 1106 2750 —
1121 2733 1169 2756 Ms.
1183 2733 1230 2757 lat.
1247 2734 1328 2763 56:37⁰,
1348 2734 1391 2757 sol.
1409 2733 1458 2757 17¹³.

495 2818 518 2842 1.
538 2819 663 2847 Magister
678 2819 747 2841 Junii
768 2820 793 2841 10
812 2821 847 2850 (p.
867 2820 928 2848 103).
944 2834 974 2837 —
990 2819 1013 2844 2.
1035 2820 1161 2850 Magister
1178 2820 1249 2843 ,Iunii
1271 2821 1300 2843 20
1319 2819 1413 2849 (ibid.).
1432 2818 1541 2844 Ibidem.
1560 2827 1586 2849 p.
1606 2819 1658 2845 102,
1673 2823 1818 2850 sequuntur
1831 2820 1936 2843 nomina
1950 2820 2149 2851 magistrorum,
2163 2821 2260 2852 quihus

401 2862 524 2884 licentiati
540 2863 682 2885 solverunt.
698 2877 727 2879 —
741 2863 765 2888 3,
780 2863 822 2886 Sic
835 2864 860 2886 in
877 2872 924 2887 ms.
941 2865 1021 2889 55:⁸7⁵.
1039 2865 1084 2887 sol.
1099 2866 1121 2891 (3,
1138 2864 1181 2887 ubi
1200 2867 1336 2895 praeterea
1356 2864 1536 2895 adjunguntur
1552 2864 1684 2887 Johannes
1704 2864 1735 2887 de
1755 2864 1869 2894 Gorello,
1890 2868 1915 2887 et
1937 2864 2076 2897 Philippus
2093 2865 2188 2897 Bajuli.
2208 2866 2259 2889 Sed

400 2914 547 2937 perperam,
566 2915 624 2928 nam
637 2907 690 2937 jam
705 2907 779 2929 annis
796 2908 976 2938 superioribus
991 2908 1117 2931 licentiati
1131 2913 1213 2932 erant.

523 2952 561 2973 (53.
