2502 3418
289 327 384 364 1420]
634 342 679 363 ΑΒ
713 342 818 364 ANNO
854 341 1142 364 mecenxxxxw
1180 342 1310 369 usone
1346 342 1393 363 AD
1428 342 1565 364 ANNUM
1601 343 1805 365 meeccmi.
2087 336 2151 368 389

288 414 421 449 multos
449 427 575 461 magne
597 416 832 456 auctoritatis,
862 415 972 448 multa
994 415 1185 460 prudentia
1207 422 1312 460 atque
1342 416 1492 449 scientia
1515 416 1678 461 preditos
1700 417 1810 457 viros,
1834 418 1936 450 etiam
1960 418 2151 464 alumpnos

287 489 446 523 nostros,
467 495 619 527 quorum
652 483 814 516 meritam
843 482 1095 515 exaltationem
1128 495 1194 515 nos
1225 489 1388 515 materno
1410 483 1539 516 affectu
1561 484 1813 516 desideramus
1835 491 1867 516 et
1894 497 2046 529 quorum
2070 498 2152 531 pro-

284 549 438 583 motioni
469 550 643 595 quicquid
673 550 710 582 in
740 549 846 582 nobis
878 556 933 582 est
963 549 1175 594 impendere
1203 549 1399 589 vellemus;
1430 550 1495 583 secl
1525 550 1608 595 quia
1641 562 1699 583 res
1731 551 1796 583 ista
1828 564 1935 583 unum
1971 552 2149 585 dumtaxat

285 616 450 661 requirit,
472 616 574 649 illum
597 616 791 662 specialius
812 617 1049 662 designamus
1070 616 1197 661 illique
1219 628 1346 649 manus
1368 617 1608 661 promotrices
1630 617 1839 662 prebemus,
1859 630 1963 662 quem
1988 620 2149 663 proprio-

284 695 357 716 rem
382 683 580 728 pontificali
601 684 716 729 gradu
742 683 954 729 attingendo
984 690 1051 716 tam
1075 695 1118 716 ex
1145 683 1273 716 merito
1302 696 1406 728 quam
1438 696 1557 716 rerum
1587 684 1831 729 dispositione
1859 685 1998 729 judicio
2026 693 2150 718 nostro

283 750 478 783 cernimus.
508 752 582 783 Nos
612 750 736 795 igitur,
760 750 1021 795 sapientissimi
1051 762 1090 783 ac
1120 750 1378 795 precellentes,
1405 757 1545 784 vestras
1572 751 1739 784 caritates
1761 750 1892 784 obnixe
1915 752 2152 796 deprecamur

283 823 317 850 et
337 817 483 850 easdem
505 817 542 850 in
564 817 719 850 Domino
740 817 939 859 hortamur,
963 824 1141 862 quatenus
1162 829 1228 851 vos
1249 818 1510 850 conformando
1533 818 1789 851 deliberationi
1811 819 1922 862 regis,
1947 819 2147 864 principum

281 895 321 917 ac
348 884 460 917 totius
488 884 633 917 consilii
663 884 767 929 regii,
790 890 960 929 quantum
990 884 1190 917 secundum
1222 885 1335 917 Deum
1366 891 1400 917 et
1429 885 1673 918 conscientias
1693 886 1833 918 vestras
1866 885 2044 930 poteritis,
2074 886 2149 919 sive

282 963 346 996 per
372 951 464 984 viam
486 951 692 992 electionis,
715 951 746 984 si
767 963 871 996 quam
898 951 1084 984 celebrare
1112 951 1316 993 intenditis,
1339 952 1415 985 sive
1438 964 1501 997 per
1526 952 1672 985 modum
1695 952 1854 998 gratiose
1878 953 2149 986 recommenda-

280 1018 390 1051 tionis
410 1025 530 1054 vestra
556 1030 622 1063 pro
648 1024 747 1063 parte
769 1018 917 1051 domino
939 1025 1065 1051 nostro
1087 1019 1318 1052 sanctissimo
1340 1019 1543 1060 sat-[i]ende,
1567 1020 1704 1064 prefato
1726 1020 1900 1063 magistro
1920 1021 2026 1053 Petro
2047 1020 2149 1053 beni-

280 1097 391 1130 gnum
412 1086 571 1119 savorem
593 1085 789 1130 prebeatis,
812 1086 891 1130 paci
920 1092 955 1118 et
984 1085 1237 1130 tranquillitati
1268 1086 1423 1119 ecclesie
1444 1093 1564 1119 vestre
1587 1093 1622 1118 et
1649 1087 1759 1119 totius
1789 1087 1902 1131 patrie
1925 1087 2040 1119 eidem
2064 1088 2149 1120 sub-

274 1153 371 1197 jecte
389 1152 673 1197 propendentes,
691 1164 759 1197 qua
777 1164 863 1197 pace
879 1164 945 1185 vos
961 1153 1032 1185 frui
1054 1159 1231 1197 perpetuo
1248 1153 1424 1185 concedat
1445 1154 1542 1185 Deus
1560 1153 1659 1198 pacis
1677 1160 1711 1186 et
1728 1153 1948 1186 dilectionis.
1968 1154 2146 1199 Scriptum

280 1219 441 1253 Parisius
465 1220 502 1252 in
523 1219 808 1265 congregatione
835 1226 958 1253 nostra
979 1219 1142 1264 generali
1163 1220 1258 1265 apud
1286 1221 1453 1253 Sanctum
1481 1221 1700 1253 Maturinum
1723 1220 1901 1253 celebrata
1924 1221 1982 1253 die
2064 1222 2145 1264 (sic).

1039 1287 1159 1321 Vestri
1174 1293 1294 1320 rector
1308 1292 1342 1320 et
1363 1288 1397 1321 U
1398 1288 1591 1321 niver-sitas
1605 1287 1721 1321 studii
1738 1288 1966 1321 Parisiensis.

349 1404 351 1406 ·
370 1393 483 1418 Minuta
499 1393 615 1417 chartac.
629 1393 654 1416 in
671 1394 749 1417 Arch.
764 1397 817 1417 nat.
834 1394 929 1421 Paris„
946 1395 968 1417 M
986 1394 1038 1424 65¹²,
1053 1399 1082 1417 n⁰
1095 1395 1125 1417 64
1142 1393 1214 1423 (olim
1230 1394 1258 1417 A.
1276 1395 1298 1417 3.
1317 1394 1370 1425 qq).
1384 1407 1414 1411 —
1433 1394 1491 1417 Vid.
1509 1397 1593 1417 notas.
1610 1394 1742 1421 Quantum
1758 1393 1790 1416 ad
1807 1394 1911 1417 Petrum
1927 1394 2059 1423 Cauchon,
2076 1402 2146 1425 mag.

277 1441 327 1461 art.
344 1441 370 1461 et
384 1438 471 1462 licent.
488 1438 514 1461 in
530 1438 636 1466 decret.,
649 1438 702 1462 vid.
717 1447 799 1470 supra
814 1447 839 1470 p.
856 1440 895 1467 90,
913 1442 965 1462 not.
983 1439 1020 1462 21.
1038 1440 1075 1462 Ex
1087 1439 1128 1462 his
1145 1438 1230 1470 magis
1244 1447 1322 1470 quam
1338 1447 1351 1462 e
1365 1439 1523 1470 quibusdam
1540 1439 1675 1469 prioribus
1689 1438 1851 1462 documentis
1867 1442 1939 1470 putet
1954 1439 2046 1462 intima
2061 1447 2148 1462 neces-

277 1482 364 1506 situdo
379 1483 445 1506 inter
462 1483 667 1506 Universitatem
685 1483 769 1507 Paris.
788 1486 812 1507 et
828 1484 934 1507 Petrum
952 1484 1085 1512 Cnuchon,
1100 1492 1147 1515 per
1161 1492 1239 1515 quam
1256 1492 1306 1506 non
1322 1492 1406 1515 pauca
1422 1483 1448 1506 in
1464 1491 1590 1514 processu
1607 1486 1698 1506 contra
1715 1484 1864 1506 Johannam
1879 1484 1955 1507 d'Arc
1971 1483 2145 1515 explicantur.

278 1528 414 1551 Caeterum
430 1528 482 1551 vid.
496 1528 696 1556 Reman-:mmm
711 1528 792 1553 Notes
806 1535 859 1552 sur
874 1528 914 1553 les
926 1529 1011 1559 juqes
1062 1530 1101 1553 du
1117 1529 1216 1553 Preces
1229 1530 1261 1552 de
1273 1529 1381 1553 Jeanne
1394 1528 1486 1556 dure,
1502 1537 1527 1559 p.
1546 1529 1574 1551 12
1587 1536 1646 1559 sqq.
1659 1529 1690 1551 At
1706 1536 1756 1550 non
1773 1528 1798 1551 id
1813 1528 1949 1559 singulare
1964 1528 2144 1559 judicandum,

277 1573 346 1604 quod
363 1572 485 1596 Cuuchon
505 1581 547 1597 an.
564 1573 624 1596 1423
637 1576 808 1596 conservator
825 1573 1027 1604 privilegiorum
1044 1573 1122 1596 Univ.
1137 1574 1221 1596 tuctus
1236 1573 1283 1603 εἰη
1300 1581 1412 1604 namque
1428 1573 1511 1604 episc.
1529 1572 1743 1603 SilvanectensiS,
1757 1576 1927 1596 conservator
1944 1573 2145 1604 privilegiorum

278 1617 340 1646 (vid.
357 1621 385 1639 n⁰
400 1617 470 1648 2159)
484 1617 538 1648 jam
554 1626 596 1641 an.
612 1618 672 1640 1422
693 1621 800 1641 exeunte
816 1618 955 1641 defunctus
972 1621 1037 1647 erut,
1053 1621 1078 1641 et
1093 1618 1205 1640 officium
1221 1618 1415 1641 conservatoris
1430 1618 1461 1640 ad
1482 1617 1621 1649 episcopos
1642 1617 1826 1640 Belvacensem
1842 1618 2052 1649 Meldensemque
2067 1618 2144 1641 etiam

277 1661 435 1692 pertinebat.
451 1662 592 1685 Meldensis
603 1671 674 1690 vero,
689 1663 818 1686 Rohertus
834 1663 865 1686 de
880 1663 993 1691 Criu-eme,
1010 1666 1071 1686 tunc
1091 1662 1152 1693 eligi
1170 1671 1219 1685 non
1236 1662 1331 1694 potuit,
1347 1663 1380 1685 ab
1396 1662 1488 1693 Anglis
1504 1662 1572 1685 enim
1589 1665 1682 1693 captus
1701 1662 1726 1685 in
1743 1662 1864 1693 Angliam
1880 1662 2001 1693 captivus
2017 1663 2144 1686 deductus

278 1710 326 1730 est.
341 1706 399 1730 Vid.
414 1707 538 1731 Journal
553 1707 623 1731 d'un
639 1707 793 1738 bouryeois,
810 1716 837 1738 p.
857 1708 916 1735 17ος
933 1708 1037 1735 ernu,
1056 1708 1184 1735 Foedera,
1202 1707 1243 1736 IV,
1258 1711 1333 1738 purte
1348 1708 1384 1736 4²,
1400 1716 1427 1738 p.
1445 1708 1497 1730 105.
1515 1707 1652 1730 Caeterum
1666 1706 1719 1729 vid.
1735 1706 1805 1729 insi-a
1818 1715 1860 1730 an.
1878 1707 1946 1736 1433,
1961 1707 2021 1730 Dec.
2037 1708 2074 1730 22.

369 1799 394 1825 1.
413 1801 478 1823 Eum
494 1800 660 1824 Universitas
679 1799 762 1824 Paris.
779 1809 822 1825 nn.
839 1801 898 1824 1411
915 1800 940 1824 in
955 1801 1036 1832 episc.
1055 1801 1160 1831 (Paris.)
1174 1804 1359 1832 proposuerat.
1375 1800 1433 1824 Vid.
1451 1808 1532 1831 supra
1547 1809 1574 1831 p.
1587 1800 1640 1823 222.
1655 1800 1703 1823 An.
1719 1800 1789 1828 1420,
1805 1802 1913 1822 exeunte
1934 1800 2031 1831 Aprile,
2046 1800 2143 1824 electus

275 1844 373 1868 eratin
393 1845 474 1876 episc.
491 1845 671 1869 Bellovacens.
695 1845 779 1874 (Gall.
803 1846 912 1877 chrisl.‚
934 1846 974 1874 IX,
998 1846 1055 1872 757:
1072 1846 1099 1869 Ρ.
1123 1846 1259 1874 ANSELME,
1280 1845 1352 1869 Hist.
1372 1845 1490 1876 qe'ne'al„
1510 1845 1552 1874 Vl,
1575 1853 1602 1875 p.
1618 1846 1663 1867 379
1684 1846 1748 1875 sq.);
1765 1845 1810 1867 sed
1830 1853 1889 1867 cum
1909 1845 1970 1868 Jun.
1988 1845 2016 1867 14
2034 1845 2143 1868 Senonis

275 1889 344 1913 diem
361 1898 515 1921 supremum
531 1890 650 1918 obiisset,
661 1890 776 1913 nondum
788 1899 881 1921 upupa
898 1891 1068 1913 confirmatus
1084 1894 1140 1914 erat
1156 1899 1238 1922 neque
1254 1891 1341 1913 sedem
1358 1890 1535 1921 episcopalem
1551 1892 1735 1920 occupaverat.
1751 1889 1789 1912 Cs.
1802 1890 1832 1911 de
1850 1897 1879 1912 eo
1895 1890 2004 1913 ΤιἘτΕΥ
2020 1889 2046 1912 in
2060 1890 2146 1914 Jour-

275 1934 326 1958 nal
340 1933 409 1959 d'un
423 1935 574 1965 bourgeois,
591 1923 673 1966 ps43,
690 1938 744 1959 not.
759 1935 820 1958 Jun.
836 1935 864 1958 18
878 1935 985 1958 nuntius
1006 1935 1098 1958 mortis
1119 1935 1235 1958 Parisios
1258 1935 1365 1958 advenit
1383 1935 1467 1964 (ibid.)
1481 1948 1511 1952 —
1527 1934 1550 1959 2.
1568 1935 1666 1958 Revera
1683 1942 1750 1957 anno
1762 1935 1861 1963 eodem,
1878 1935 1943 1964 Aug.
1960 1935 1987 1957 21
2006 1934 2057 1964 (die
2075 1943 2142 1958 mer-

275 1979 352 2007 curii,
365 1980 393 2002 12
405 1980 547 2011 kal.Sept.)
558 1979 686 2003 Martinus
702 1980 723 2002 V
738 1988 797 2003 eum
812 1980 946 2011 promovit
958 1981 1022 2010 (XII,
1037 1980 1091 2010 121,
1106 1989 1132 2011 p.
1149 1980 1213 2009 132).
1231 1980 1286 2003 Dux
1301 1980 1471 2011 Burgundiae
1487 1988 1545 2002 cum
1558 1979 1683 2002 comitatu
1700 1979 1851 2008 assistebat,
1864 1979 1968 2010 quando
1983 1979 2102 2002 Jnnuarii
2116 1980 2142 2002 12

276 2024 369 2047 urbem
383 2024 562 2048 Belluvacens.
580 2024 732 2048 solemniter
747 2025 884 2056 ingressus
897 2028 938 2048 est
950 2026 1062 2054 (Chron.
1078 2026 1110 2049 de
1124 2025 1290 2052 Monstrelec‚
1307 2025 1347 2054 lv,
1362 2025 1399 2052 23,
1418 2024 1461 2047 ubi
1477 2028 1563 2047 tamen
1579 2032 1719 2055 perperam
1737 2027 1845 2047 vocatur
1860 2024 1951 2047 doctor
1964 2024 2064 2053 theol.).

275 2241 419 2278 2168.
449 2250 624 2276 Πηίιένείΐαε
640 2251 737 2277 Paris.
753 2260 848 2277 severe
865 2252 994 2287 increpat
1011 2251 1159 2284 officialem
1176 2251 1283 2285 Paris.,
1307 2251 1355 2285 qui
1374 2259 1426 2286 per
1445 2249 1580 2275 tredecim
1597 2258 1706 2275 menses
1724 2258 1807 2274 ιιιιιιιη
1826 2250 2006 2285 suppositum
2027 2252 2140 2276 Univer-

361 2299 459 2325 sitatis
473 2299 501 2325 in
517 2300 681 2326 carceribus
696 2300 827 2334 detinuit,
846 2305 873 2326 et
888 2301 1039 2326 restituere
1053 2300 1154 2326 noluit.

1396 2335 1549 2364 1419-7420.
1566 2335 1674 2367 Augusti
1685 2336 1724 2364 31,
1742 2335 1854 2360 Parisiis.

362 2425 441 2456 Non
458 2435 585 2457 sumus
602 2424 730 2465 nescii,
749 2424 970 2458 venerabilis
987 2425 1125 2461 doctor.
1142 2431 1272 2469 quanta
1291 2423 1584 2456 neccessitudine
1602 2422 1820 2467 quantisque
1837 2422 1993 2455 vinculis
2010 2422 2138 2455 honori

275 2497 398 2523 nostro
421 2503 459 2523 ac
482 2491 754 2536 suppositorum
778 2499 984 2524 nostrorum
1014 2492 1086 2525 vite
1112 2498 1145 2524 et
1172 2491 1279 2524 saluti
1306 2491 1394 2523 estis
1416 2489 1598 2534 obligatus
1621 2496 1655 2521 et
1676 2488 1887 2529 obstrictus,
1910 2489 1970 2533 qui
1992 2489 2027 2521 in
2048 2489 2138 2522 alma

273 2564 384 2590 matre
402 2564 453 2590 tot
471 2557 665 2599 honorum,
684 2565 736 2591 tot
756 2565 957 2604 gestorum,
976 2565 1028 2591 tot
1048 2559 1225 2603 graduum
1249 2557 1407 2602 insignia
1428 2556 1657 2601 suscepistis.
1682 2557 1754 2588 Hee
1776 2562 1869 2588 tanta
1891 2562 1925 2588 et
1946 2562 2014 2588 tam
2035 2568 2138 2601 gran-

272 2624 328 2656 dia
351 2631 446 2663 sunt,
470 2631 508 2657 ut
533 2625 563 2657 si
591 2625 703 2657 nullis
732 2626 863 2658 essetis
890 2625 1132 2670 jurisjurandi
1164 2624 1399 2657 sacramentis
1427 2623 1575 2656 adactus
1597 2629 1629 2655 et
1658 2622 1861 2663 devinctus,
1885 2628 2003 2655 tamen
2023 2635 2040 2655 a
2061 2623 2138 2657 vice

271 2691 505 2735 gratitudinis
527 2698 652 2724 natura
674 2698 768 2724 tante
791 2692 1059 2737 conjunctionis
1081 2691 1276 2724 exorbitari
1299 2703 1371 2723 non
1389 2690 1537 2723 sineret.
1557 2690 1636 2731 Quo
1656 2689 1769 2733 magis
1787 2688 1958 2721 miramur
1974 2701 2051 2730 vos⁷
2070 2690 2136 2723 ista

272 2758 535 2802 perfectissime
557 2766 855 2803 cognoscentem,
878 2760 1090 2804 magistrum
1114 2760 1294 2803 Rogerum
1318 2757 1438 2789 Bette¹
1463 2757 1500 2788 in
1521 2756 1658 2788 artibus
1681 2756 1891 2799 magistrum
1921 2763 1955 2788 et
1979 2756 2135 2790 decretis

271 2824 529 2865 hachalarium,
552 2831 587 2857 et
616 2825 699 2857 (lum
731 2838 747 2857 a
779 2825 885 2858 nobis
914 2826 1085 2859 discessit
1114 2825 1149 2857 in
1181 2824 1329 2869 egregia
1360 2823 1588 2855 decretorum
1611 2822 1778 2854 facultate
1810 2833 1874 2866 pro
1902 2822 2134 2867 adipiscenda

271 2890 414 2924 licentia
436 2892 609 2925 continuo
636 2892 832 2937 legentem,
856 2892 901 2925 ob
927 2893 1072 2925 unicum
1102 2892 1199 2936 pium
1228 2902 1348 2923 casum
1378 2890 1414 2921 in
1444 2889 1578 2930 ar[c]tis
1606 2889 1775 2933 cecisque
1806 2889 2013 2922 carceribus
2043 2897 2134 2924 tres—
