2502 3418
1128 337 1292 359 TABULm

2074 329 2141 361 773

276 453 338 475 2459

275 643 337 666 2460

275 745 333 767 2461

275 846 335 869 2462

275 953 335 975 2463

274 1011 335 1033 2464

275 1068 336 1091 2465

275 1126 336 1148 2466

274 1228 334 1251 2467

273 1285 335 1308 2468

273 1344 335 1367 2469

274 1402 335 1424 2470

274 1459 333 1483 2471

274 1522 336 1547 2472

274 1584 336 1607 2473

275 1691 336 1714 2474

276 1754 337 1776 2475

276 1861 337 1883 2476
363 1856 368 1860 ’

276 2012 337 2035 2477

276 2075 337 2097 2478

276 2137 338 2160 2479

277 2244 304 2266 24
309 2244 338 2266 80

278 2350 336 2373 2481

274 2457 338 2479 ’2482

275 2519 339 2542 ’2483

278 2581 339 2604 2484

279 2688 339 2711 2485

279 2751 340 2773 2486

279 2813 340 2835 2487

413 452 480 478 1435

371 1123 519 1150 1433-1435

371 1226 519 1252 1434-1435

414 1283 477 1309 1435

369 1582 524 1608 1433-1435

412 1690 479 1716 1435

412 1752 480 1778 1436

607 453 668 476 Maii
684 453 713 476 13

603 643 667 667 Julii
683 644 713 667 16

622 747 712 769 —25

567 849 749 880 Jul.—August.

563 951 697 982 Septemb.
714 952 757 975 1-5

565 1010 728 1040 Septembris
746 1011 755 1033 1

574 1068 714 1099 Jul.-Sept.
731 1071 744 1092 5

582 1126 735 1157 Septembre

577 1228 742 1260 Sept.-Sept.

582 1286 736 1317 Septembre

565 1461 630 1484 Nov.
646 1461 751 1484 ineunte

552 1523 617 1546 Nov.
631 1524 733 1547 16-Dec.
751 1524 759 1546 1

560 1586 710 1609 Decembris
729 1587 758 1609 23

578 1755 716 1778 Februarii
731 1756 745 1778 4

636 1876 663 1880 -
717 1863 746 1886 15

594 2013 681 2036 Martii
699 2014 727 2036 10

621 2090 650 2093 -
699 2076 729 2099 19

568 2138 666 2169 Aprilis
683 2139 753 2161 13-'18

586 2245 685 2276 Aprilis
705 2246 735 2268 20

568 2352 667 2383 Aprilis
683 2352 754 2375 27-30

606 2471 634 2475 ——
683 2459 754 2481 27-30

606 2534 634 2538 —
682 2522 754 2544 27-30

606 2597 634 2600 —-
683 2584 757 2606 27-:30

564 2689 640 2712 Circa
655 2689 717 2712 Maii
734 2690 760 2713 17

628 2752 696 2775 Maio

558 2814 620 2837 Post
638 2814 710 2837 Junii
729 2815 769 2838 2-4

794 453 850 476 Dux
867 453 1036 484 Burgundiae
1052 463 1065 475 «
1082 462 1132 477 aux
1147 458 1223 485 gentz
1243 455 1361 486 d'eglise,
1377 458 1485 486 prevost
1502 455 1547 478 des
1563 455 1713 485 marehans,
1735 456 1865 483 echevins,
1884 456 2009 487 bourgois
2031 459 2055 479 et

822 497 945 521 habitans
959 498 990 521 de
1005 498 1031 521 la
1046 498 1131 522 bonne
1153 499 1215 522 ville
1239 499 1271 522 de
1290 499 1365 522 Paris
1379 507 1390 521 n
1414 499 1561 528 annuntiat,
1588 500 1652 523 Julii
1677 500 1687 522 1
1714 500 1836 523 Atrebate
1859 501 2055 523 conventionem

825 543 940 565 futuram
956 550 1014 565 esse
1027 543 1059 565 ad
1071 551 1162 574 pacem
1178 544 1327 574 generalem
1345 544 1501 567 faciendam.
1519 544 1616 567 Invitat
1631 543 1793 567 Parisienses
1811 547 1838 567 ut
1856 544 1960 567 mittunt
1977 544 2055 567 etiam

823 586 1029 610 ambassiatores
1047 588 1080 610 ad
1096 588 1162 610 hane
1177 588 1375 611 conventionem
1378 604 2054 613 ...........................

794 644 957 668 Universitas
978 645 1052 676 eligit
1077 646 1283 669 ambassiatores
1309 654 1374 677 quos
1396 646 1545 669 Atrebatem
1570 646 1651 669 mittit
1674 646 1706 669 ad
1730 649 1871 669 tractatum
1892 645 1965 676 pacis
1989 645 2056 669 inter

824 697 912 720 regem
929 689 1052 713 Carolum
1065 698 1095 713 ac
1110 698 1199 721 regem
1213 690 1352 714 Henricum
1367 691 1515 714 faciendum
1534 707 2054 714 .....................

794 747 958 770 Universitas
981 748 1100 779 queritur
1120 748 1146 771 in
1171 749 1337 772 Pnrlamento
1361 752 1451 772 contra
1475 749 1629 780 episcopum
1652 748 1736 772 Paris.
1759 748 1790 771 de
1817 747 1983 779 impositione
2006 747 2055 770 sibi

824 792 941 823 injuncta
956 801 1005 823 pro
1018 793 1257 816 ambassiatoribus
1273 794 1335 816 cleri
1354 793 1504 816 Atrebatem
1520 793 1653 816 mittendis
1658 809 2055 816 ................

793 860 806 871 «
824 850 1013 873 instructiones
1034 859 1083 882 pro
1107 851 1345 874 ambassiatoribus
1371 851 1557 874 Universitatis
1576 851 1608 874 ad
1635 850 1832 874 conventionem
1861 850 2056 874 Atrebatensem

825 895 989 918 destinandis
993 905 2055 920 ...........................................

794 953 828 976 De
839 953 1004 976 orationibus
1020 953 1053 976 ab
1069 953 1307 976 ambassiatoribus
1324 953 1511 977 Universitatis
1528 953 1650 977 Atrebate
1663 953 1760 976 habitis
1793 969 2055 977 ...........

794 1011 908 1034 Promoti
919 1019 934 1034 a
947 1011 1022 1034 Petro
1034 1011 1132 1040 Gazeti,
1147 1011 1271 1042 episcopo
1286 1011 1475 1040 Zambariens.‚
1485 1011 1518 1034 nb
1532 1011 1648 1042 Eugenio
1662 1012 1695 1034 IV
1706 1011 1834 1042 gradibus
1847 1010 1986 1042 privantur
1998 1027 2005 1033 .
2023 1027 2029 1032 .
2049 1028 2054 1032 .

794 1069 915 1092 Fucultas
931 1069 1079 1100 theologiae
1095 1072 1194 1092 statuta
1210 1069 1294 1092 denuo
1311 1069 1392 1092 scribi
1407 1069 1516 1092 mandat
1537 1085 2055 1093 .....................

794 1127 960 1150 Universitas
977 1127 1010 1150 ad
1024 1127 1188 1158 superiorem
1203 1127 1416 1159 [provincialem]
1431 1127 1493 1151 Ord.
1510 1127 1572 1150 Min.
1593 1127 1689 1156 Paris„
1707 1127 1819 1150 laudans
1839 1134 1910 1158 mag.
1928 1126 2057 1149 ,Iacobum

825 1172 856 1195 de
871 1171 996 1199 Turonia,
1014 1174 1042 1194 ut
1060 1172 1156 1194 fratres
1172 1171 1276 1202 placide
1291 1171 1386 1194 studiis
1403 1180 1496 1194 vacare
1512 1171 1581 1194 sinat
1585 1188 2055 1196 ...................

794 1230 920 1253 Cui-sores
931 1229 957 1252 in
974 1229 1098 1252 facultate
1113 1229 1262 1260 theologiae
1273 1246 2055 1253 ...............................

794 1287 963 1310 Sententiarii
977 1290 1002 1310 et
1020 1287 1114 1310 Biblici
1128 1287 1290 1310 Parisienses
1295 1304 1429 1310 ......
1452 1307 1456 1311 .
1476 1304 2055 1311 .......................

794 1345 914 1376 Magistri
930 1349 1051 1376 regentes
1067 1345 1094 1368 in
1110 1345 1242 1376 theologia
1251 1361 2056 1369 ................................

794 1403 936 1426 Servitium
953 1403 1140 1426 Universitutis
1156 1411 1204 1434 pro
1218 1403 1341 1426 defuncta
1355 1403 1447 1434 regina
1464 1402 1577 1426 Isabella
1591 1403 1668 1425 vidua
1673 1419 2055 1427 ................

794 1461 913 1492 Magistri
930 1465 1050 1492 regentes
1064 1461 1090 1484 in
1107 1462 1230 1484 facultate
1247 1461 1391 1484 medicinae
1407 1469 1448 1484 an.
1466 1461 1568 1484 1435-36
1586 1477 2056 1485 ...................

794 1525 927 1547 Statutum
944 1524 1076 1547 facultatis
1091 1524 1238 1555 theologiae
1252 1524 1283 1547 de
1296 1524 1411 1555 quinque
1426 1524 1502 1546 annis
1518 1527 1577 1546 ante
1589 1523 1722 1546 licentiam
1739 1540 2055 1547 .............

795 1587 959 1610 Universitas
975 1587 1109 1618 supplicat
1123 1586 1280 1609 cancellario
1301 1586 1437 1615 Franciae,
1456 1589 1483 1609 ut
1497 1589 1549 1609 tres
1575 1585 1705 1616 capellani
1730 1585 1939 1617 capellaniarum
1959 1585 2058 1609 Castel-

821 1631 867 1655 leti
883 1632 915 1654 ud
931 1631 1168 1663 praesentationem
1182 1631 1369 1654 Universitatis
1385 1631 1522 1654 solvantur
1533 1647 2056 1654 .....................

795 1694 931 1717 Licentiati
946 1694 971 1716 in
994 1694 1117 1717 facultate
1134 1693 1281 1724 theologiae
1299 1709 2056 1717 ..............................

795 1756 961 1780 Universitas
986 1756 1120 1787 supplicat
1139 1756 1256 1786 Eugenio
1278 1756 1318 1784 IV,
1335 1759 1363 1778 ut
1388 1756 1413 1778 in
1430 1756 1489 1786 jure
1509 1755 1696 1786 praesentandi
1719 1755 1751 1778 ad
1772 1755 1900 1778 beneficia
1919 1755 2057 1778 duodecim

827 1804 996 1824 conservetur
1000 1816 2056 1825 ..........................................

796 1863 953 1887 Guillelmus
968 1863 1000 1886 de
1015 1863 1099 1893 Algia,
1118 1862 1143 1885 in
1159 1866 1209 1886 art.
1226 1866 1250 1885 et
1266 1862 1394 1885 medicina
1406 1870 1485 1893 mag,
1504 1870 1587 1892 nuper
1598 1862 1630 1884 ud
1644 1861 1820 1884 sacerdotium
1834 1864 1979 1892 promotus⁷
1994 1869 2056 1892 sup-

825 1908 908 1939 plicat
924 1907 1039 1938 Eugenio
1056 1907 1097 1937 1v,
1113 1907 1177 1930 utin
1194 1907 1317 1930 facultate
1333 1907 1478 1930 medicinae
1502 1906 1586 1929 Paris.
1601 1914 1692 1937 regere
1714 1909 1738 1929 et
1753 1906 1819 1929 alios
1831 1909 1904 1929 uetus
1921 1905 2058 1929 scholasti-

826 1960 870 1975 cos
886 1960 1006 1975 exercere
1021 1952 1103 1975 libere
1118 1955 1142 1974 et
1163 1951 1234 1974 licite
1251 1951 1336 1982 possit
1354 1967 2056 1974 ...........................

797 2014 933 2038 Licentiati
944 2014 970 2037 in
988 2014 1111 2037 facultate
1126 2013 1271 2036 medicinae
1275 2029 2056 2037 ...............................

796 2077 933 2100 Licentiati
946 2077 972 2099 in
987 2076 1112 2099 facultate
1128 2076 1292 2099 decretorum
1303 2091 2057 2099 ..............................

796 2139 866 2163 Urbe
878 2138 1020 2162 Parisiensi
1035 2138 1091 2169 regi
1106 2138 1231 2161 Franciue
1246 2138 1358 2165 reddita,
1376 2137 1487 2160 facultas
1503 2137 1647 2160 medicinae
1662 2137 1766 2160 Petrum
1791 2136 1912 2160 Columbi
1931 2137 2056 2160 decanum

827 2184 910 2214 eligit,
925 2184 969 2215 qui
985 2192 1044 2206 cum
1057 2183 1117 2206 aliis
1133 2182 1320 2206 Universitatis
1334 2181 1572 2205 ambassiatoribus
1587 2181 1711 2205 Carolum
1727 2189 1816 2212 regem
1831 2181 1909 2204 adeat
1921 2198 2056 2205 ......

795 2246 928 2269 Johannes
943 2245 1080 2268 ⁸luvenalis
1096 2246 1141 2268 des
1156 2245 1250 2268 Ursins
1272 2247 1443 2268 conservator
1462 2244 1586 2275 privileg.
1611 2243 1806 2267 Universitatis.
1836 2243 2003 2267 Ambassiata
2025 2244 2056 2267 nd

827 2291 950 2314 Carolum
964 2291 1018 2313 VII.
1035 2290 1217 2313 processiones
1223 2304 2056 2313 .................................

798 2353 972 2381 Universitas,
987 2352 1043 2383 regi
1060 2353 1154 2375 Cui-olo
1167 2353 1211 2375 Vll
1226 2352 1326 2381 gratias
1353 2351 1455 2382 agendo
1471 2351 1502 2373 de
1524 2350 1674 2373 reductione
1694 2350 1768 2373 urhis
1792 2350 1887 2379 Paris.⁷
1909 2350 2057 2374 ambassia-

826 2401 905 2426 tores,
921 2405 1034 2429 quorum
1049 2397 1156 2419 nomina
1171 2396 1325 2425 afferuntur,
1341 2396 1374 2418 nd
1387 2404 1445 2419 eum
1462 2395 1542 2418 mittit
1560 2411 2056 2419 ....................

797 2459 961 2483 Universitas
975 2460 1006 2482 de
1021 2460 1112 2482 eodem
1128 2462 1283 2490 argumento
1299 2459 1331 2481 ad
1348 2458 1508 2481 Ludovicum
1523 2457 1678 2488 delphinum
1694 2460 1719 2479 et
1731 2456 1860 2488 reginam.

797 2522 984 2546 instructiones
1000 2530 1049 2553 pro
1065 2521 1302 2544 ambassiatoribus
1319 2520 1504 2544 Universitatis
1518 2519 1550 2542 ad
1567 2519 1689 2543 Carolum
1705 2519 1750 2542 VII
1767 2535 2056 2544 ............

797 2595 810 2605 α
826 2585 981 2607 Juramenta
993 2592 1043 2615 que
1059 2585 1144 2606 facere
1156 2587 1276 2606 tenentur
1292 2582 1506 2614 ambax[iatores]
1523 2582 1555 2604 ad
1570 2581 1705 2604 dominum
1715 2584 1834 2604 nostrum
1849 2589 1936 2612 regem
1948 2582 2058 2606 Francie

827 2637 875 2660 pro
893 2632 969 2660 purte
984 2628 1171 2652 Universitutis
1175 2637 2057 2651 ...................................

799 2699 810 2713 (t
828 2692 970 2722 Requestes
987 2699 1036 2721 que
1051 2692 1105 2713 font
1117 2698 1149 2712 au
1165 2698 1212 2721 roy
1225 2690 1262 2713 les
1279 2689 1471 2712 umbaxadeurs
1488 2689 1518 2711 de
1535 2687 1703 2711 l’Universite
1719 2688 1750 2710 de
1761 2687 1845 2711 Paris.
1858 2697 1870 2709 r>
1874 2705 2057 2712 ........

798 2753 907 2776 Carolus
919 2754 963 2776 Vll
973 2753 1113 2784 privilegiu
1125 2752 1311 2775 Universitatis
1325 2751 1420 2781 Paris.,
1432 2759 1510 2782 quam
1522 2750 1642 2773 maximis
1653 2750 1776 2773 laudibus
1788 2750 1898 2780 extollit,
1911 2751 2058 2776 confirmat.

799 2815 963 2838 Universitas
977 2815 1071 2838 carolo
1085 2815 1128 2837 Vll
1142 2814 1284 2845 supplicat,
1299 2818 1327 2837 ut
1341 2814 1410 2845 apud
1426 2821 1524 2844 papam
1537 2816 1562 2836 et
1575 2812 1721 2841 Concilium
1742 2812 1773 2835 de
1789 2813 1977 2843 suppressione
1996 2813 2059 2836 Uni-

828 2860 993 2888 versitatum,
1009 2859 1152 2890 praecipue
1167 2858 1284 2886 Cadomi,
1303 2862 1328 2881 et
1346 2858 1499 2881 facultatum
1516 2857 1617 2880 noviter
1632 2854 1779 2879 erectarum
1790 2864 1817 2879 se
1833 2856 1982 2888 interponat
2000 2876 2006 2882 .
2026 2875 2033 2883 .
2050 2875 2059 2883 .

2100 591 2145 613 565

2100 693 2147 715 565

2101 794 2147 816 566

2102 896 2146 918 567

2102 953 2145 976 571

2102 1010 2145 1034 571

2102 1069 2147 1092 572

2101 1172 2147 1194 572

2102 1229 2147 1252 572

2102 1288 2147 1310 573

2102 1345 2148 1368 574

2102 1403 2148 1426 574

2102 1461 2147 1484 574

2103 1523 2148 1546 574

2102 1630 2147 1653 576

2102 1692 2147 1715 576

2102 1799 2146 1821 577

2103 1950 2147 1972 578

2103 2012 2148 2034 578

2103 2074 2148 2097 578

2102 2181 2148 2203 579

2102 2288 2147 2310 580
2160 2314 2162 2316 v

2102 2395 2148 2417 580

2102 2456 2146 2479 581

2103 2519 2147 2541 582

2103 2628 2148 2661 ⁵85

2104 2690 2148 2712 586

2104 2752 2148 2775 587

2104 2859 2149 2881 588
