2502 3418
255 364 352 400 1419]
599 377 645 398 ΑΒ
679 377 784 399 ΑΝΝο
819 376 1108 399 MCCCLXXXle
1143 377 1273 405 USQUE
1308 378 1356 398 AD
1390 378 1528 399 ANNUM
1564 379 1767 402 MCCCCLII.
2052 372 2117 404 369

252 451 450 496 graduatus
489 451 526 483 in
560 450 625 483 hac
647 451 891 484 Universitate
922 450 1120 483 Parisiensi
1154 450 1274 483 minus
1304 450 1480 496 graduato
1510 451 1547 483 in
1578 452 1700 484 eadem
1738 453 1951 497 preferatur,
1982 460 2044 487 etc.
2075 475 2119 479 —-

253 518 340 550 Fiat.
363 517 405 551 O.
427 538 471 542 -
492 518 568 550 Dat.
593 517 776 550 Florentie
798 517 914 561 pridie
936 517 1019 550 idus
1041 516 1279 562 Septembris,
1302 526 1396 550 anno
1418 518 1593 551 secundo.

342 585 430 616 Item
452 584 625 629 dignetur
645 585 684 617 E.
709 584 744 617 S.
767 596 848 617 cum
870 596 943 617 non
964 583 1184 616 habentibus
1206 590 1334 617 etatem
1356 584 1399 617 ad
1422 584 1599 617 beneficia
1620 597 1700 617 cum
1725 598 1821 627 cura,
1845 586 2040 631 dignitates
2061 588 2118 620 vel

252 657 482 695 personatus,
500 651 840 684 administraciones
861 657 921 683 aut
937 650 1053 683 officia
1070 650 1279 692 obtinenda,
1299 651 1344 683 de
1363 650 1479 684 tribus
1500 652 1604 684 annis
1627 652 1883 696 dispensare...
1902 673 1944 676 —
1958 653 2029 685 Fiat
2052 666 2116 698 pro

253 717 436 750 omnibus.
459 717 501 751 O.
524 738 567 742 —
587 719 665 751 Dat.
688 717 872 750 Florentie
895 717 1011 762 pridie
1032 717 1115 750 idus
1138 716 1376 762 Septembris,
1399 729 1494 750 anno
1516 718 1692 751 secundo.

346 816 408 846 Reg.
426 815 520 846 Suppl.
534 816 611 838 Mart.
626 815 656 844 V,
673 819 701 838 n⁰
716 815 769 845 127,
784 814 829 838 fol.
847 815 898 838 93¹³.
916 816 945 838 In
960 815 1099 846 margine:
1118 823 1129 838 α
1145 815 1315 846 Prerogative
1333 818 1358 838 et
1374 815 1512 839 facultates
1529 815 1719 846 magistrorum
1735 819 1759 839 et
1777 817 1914 839 doctorum
1931 817 2118 841 Universitatis

251 859 332 882 studii
347 859 490 884 Parisiens.
506 868 528 883 n.
546 859 614 883 Bibl.
630 860 697 889 vat„
714 868 764 883 ms.
779 860 826 883 lat.
843 864 871 883 η’)
885 861 956 889 4990,
973 860 1018 883 fol.
1036 860 1089 884 163.

254 1024 397 1061 2139.
423 1034 567 1060 Martinus
588 1035 666 1060 Van.
684 1035 763 1069 1419,
783 1035 925 1071 Septemb.
947 1036 989 1070 15,
1009 1036 1037 1061 in
1058 1035 1130 1062 libro
1147 1036 1344 1062 cancellariae
1365 1036 1484 1062 inscribi
1503 1037 1573 1071 fecit
1588 1036 1771 1072 privilegium
1792 1037 1856 1072 (sub
1873 1037 2002 1063 Jolzanne
2025 1039 2125 1063 XXIII

342 1091 357 1108 ‹
371 1083 531 1109 Articulum
544 1084 601 1110 Vum
617 1093 632 1110 »
648 1084 787 1118 vocatum)
802 1093 854 1120 pro
870 1085 1018 1119 magistris
1035 1086 1158 1111 omnium
1173 1085 1348 1119 facultatum
1363 1085 1391 1110 in
1407 1085 1499 1111 rotulo
1514 1086 1606 1121 primo
1624 1086 1822 1112 Universitatis
1834 1087 1929 1112 Paris.
1943 1086 2079 1112 adductis
2095 1091 2122 1113 et

341 1140 359 1157 a
373 1140 454 1168 papa
470 1132 522 1158 sub
543 1133 567 1158 iv
581 1132 638 1159 kal.
657 1133 738 1159 Febr.
758 1142 806 1159 an.
821 1133 914 1169 primo
931 1134 1020 1168 (1418,
1038 1135 1103 1159 Jan.
1119 1135 1165 1168 29)
1182 1134 1306 1168 signato,
1326 1138 1356 1159 ut
1375 1134 1437 1160 scil.
1461 1134 1558 1169 quoad
1575 1135 1786 1170 exspectativas
1804 1139 1868 1161 tunc
1883 1136 1911 1161 in
1932 1136 2120 1162 Universitate

339 1181 541 1216 praesentibus
557 1190 572 1207 ‹
589 1181 643 1207 hac
657 1182 713 1208 vice
727 1182 909 1208 dumtaxat»
923 1191 1002 1209 nemo
1014 1184 1211 1218 praeferatur,
1231 1182 1404 1218 quibusdam
1420 1187 1531 1209 tantum
1548 1184 1685 1219 exceptis.

1393 1273 1463 1302 1479,
1481 1273 1609 1305 Septemb.
1630 1274 1665 1302 15,
1683 1274 1835 1299 Florentiae.

347 1358 415 1381 Bibl.
433 1359 500 1388 Vat„
521 1367 571 1383 ms.
586 1359 632 1383 lat.
652 1360 723 1390 4990,
741 1360 786 1383 sol.
802 1360 856 1383 162.
873 1360 949 1388 Bur„
966 1360 994 1389 V,
1011 1360 1065 1383 326.
1085 1360 1124 1383 Ad
1143 1360 1207 1383 haec
1228 1360 1282 1383 vid.
1298 1360 1471 1389 Οττεκτιιᾼι,
1492 1361 1618 1391 Βεραὶαε
1640 1361 1830 1385 cancellariae
1849 1365 1948 1391 apost„
1964 1370 1991 1392 p.
2008 1362 2052 1384 208
2071 1370 2121 1392 sq„

253 1406 281 1425 n⁰
296 1404 334 1426 99.
350 1416 380 1420 —
393 1403 468 1426 Certe
483 1403 654 1435 privilegium
668 1405 725 1435 jam
739 1404 814 1435 prius
833 1413 847 1427 a
863 1405 938 1429 Mart.
955 1405 975 1427 V
993 1412 1148 1427 concessum
1162 1409 1211 1428 est.
1230 1405 1343 1428 Eaedem
1362 1406 1414 1428 sere
1429 1413 1568 1436 personae,
1583 1406 1740 1437 quandoque
1756 1406 1781 1428 in
1797 1406 1902 1429 diverso
1920 1414 2038 1431 numero.
2056 1405 2124 1428 sicut

251 1447 315 1471 olim
333 1456 347 1470 a
369 1447 487 1471 Johanne
504 1448 594 1478 XXIII,
616 1448 791 1479 excipiuntur.
808 1449 865 1472 Vid.
884 1453 913 1471 n0
931 1449 1001 1472 1925.
1023 1449 1099 1472 Mart.
1115 1449 1145 1477 V,
1166 1449 1257 1473 Octob.
1279 1450 1302 1478 2,
1324 1449 1433 1481 insuper
1453 1450 1579 1478 declarat,
1601 1450 1671 1481 quod
1692 1450 1873 1473 cardinalibus
1892 1450 1994 1473 nullum
2014 1450 2124 1482 praeju-

252 1492 349 1515 dicium
370 1496 511 1523 generetur
527 1493 709 1522 (OTTENTuAL,
726 1494 744 1517 1.
761 1502 793 1522 c.,
810 1498 839 1516 n⁰
855 1494 907 1523 103)
919 1500 924 1505 ·

918 1513 924 1525 ,
941 1502 983 1517 an.
1005 1494 1075 1523 1420,
1091 1494 1149 1517 Jan.
1168 1495 1205 1522 12,
1223 1494 1351 1523 concedit,
1370 1497 1398 1517 ut
1415 1502 1466 1517 uon
1482 1495 1568 1517 solum
1584 1495 1683 1525 singuli
1699 1496 1728 1517 30
1745 1495 1890 1518 familiares
1906 1495 2044 1518 domestici
2059 1503 2123 1518 con-

251 1536 319 1559 tinui
336 1538 525 1560 commensales
542 1537 709 1568 singulorum
725 1538 910 1567 cardinalium,
923 1538 968 1561 sed
981 1538 1090 1570 insuper
1103 1539 1132 1561 30
1143 1547 1272 1569 personae
1284 1542 1337 1562 tam
1350 1539 1494 1562 familiares
1508 1548 1586 1570 quain
1602 1539 1668 1562 aliae
1681 1540 1791 1562 dilectae
1806 1548 1934 1570 personae
1948 1539 2124 1562 cardinalium

252 1581 417 1612 excipiantur
437 1582 620 1611 (OTTENTHAL,
636 1587 665 1605 11ο
679 1583 743 1613 104).
760 1583 842 1606 Multa
861 1583 942 1606 dubia
961 1586 1054 1614 postea
1070 1586 1197 1614 quantum
1210 1584 1243 1606 ad
1261 1583 1287 1606 id
1304 1583 1476 1614 privilegium
1492 1587 1581 1606 exorta
1598 1587 1659 1607 sunt
1674 1584 1746 1607 velut
1759 1587 1886 1615 quantum
1903 1584 1935 1606 ad
1950 1584 2123 1615 privilegium

253 1626 277 1648 ni
293 1626 435 1657 sequentis.

253 1749 398 1787 2140.
427 1759 601 1785 Πηίνθνείιαε
615 1759 711 1785 Paris.
729 1759 855 1784 Martirzo
878 1759 1055 1795 Vsztpplicat
1066 1768 1120 1795 pro
1137 1759 1305 1785 absentibus
1320 1759 1348 1784 in
1363 1759 1455 1785 rotulo
1470 1759 1560 1790 primo
1574 1759 1734 1795 principali
1746 1759 1910 1794 descriptis.

1391 1852 1461 1879 1419,
1478 1851 1606 1883 Septemb.
1621 1852 1666 1880 26,
1683 1852 1836 1876 Florentiae.

342 1939 527 1972 sanctitati
552 1941 595 1972 V.
624 1939 802 1984 supplicat
830 1938 1016 1971 humiliter
1041 1939 1170 1972 devota
1200 1938 1273 1971 filia
1298 1945 1417 1971 vestra
1446 1939 1673 1971 Universitas
1703 1938 1922 1971 parisiensis
1954 1939 2123 1983 quatinus

253 2006 416 2051 magistri
442 2006 613 2039 absentes
644 2006 808 2050 ejusdem
832 2006 1086 2039 Universitatis
1114 2006 1151 2037 in
1179 2006 1294 2050 primo
1317 2012 1351 2038 et
1379 2005 1569 2050 principali
1597 2005 1716 2038 rotulo
1739 2005 1925 2050 descripti,
1954 2005 2022 2037 sub
2044 2005 2123 2038 data

253 2079 379 2117 quarto
402 2073 470 2105 kal.
494 2073 680 2106 Februarii
702 2073 932 2118 pontificatus
953 2073 1064 2105 vestri
1086 2084 1179 2104 anno
1201 2072 1317 2117 primo
1340 2072 1496 2117 signato,
1519 2072 1701 2116 gaudeant
1721 2079 1756 2104 et
1775 2073 1826 2104 uti
1846 2071 1987 2105 valeant
2007 2072 2122 2104 omni-

253 2139 321 2172 bus
353 2140 594 2185 prerogativis
622 2147 656 2172 et
686 2139 990 2173 concessionibus
1020 2151 1084 2183 per
1106 2140 1145 2171 E.
1170 2139 1204 2172 S.
1228 2139 1319 2171 datis
1342 2146 1377 2171 et
1403 2139 1532 2172 dandis
1561 2139 1745 2183 magistris
1774 2138 2007 2183 presentibus
2034 2139 2120 2170 dicti

252 2206 361 2239 rotuli
383 2207 461 2239 sine
483 2214 601 2239 tamen
619 2207 821 2251 prejudicio
839 2207 1001 2251 ipsorum
1019 2206 1263 2250 presencium.
1282 2226 1325 2230 —
1342 2206 1417 2238 Fiat
1436 2218 1499 2250 pro
1518 2206 1699 2238 omnibus.
1720 2205 1761 2238 O.
1780 2226 1823 2229 ——
1841 2207 1916 2237 Dat.
1938 2205 2118 2237 Florentie

252 2280 353 2306 sexto
376 2273 444 2306 kal.
463 2274 645 2315 Octobris,
667 2286 761 2306 anno
783 2274 958 2306 secundo.

345 2373 408 2402 Reg.
425 2372 520 2403 Suppl.
536 2373 612 2395 Mart.
629 2372 656 2400 V,
679 2376 707 2394 11ο
729 2372 782 2398 127.
805 2372 848 2394 sol.
866 2371 916 2394 841¹.
938 2371 978 2394 Cs.
1003 2371 1082 2394 etiam
1107 2375 1135 2393 n⁰
1158 2371 1211 2399 165,
1238 2371 1283 2394 fol.
1304 2371 1358 2394 292.
1385 2385 1412 2388 —
1437 2370 1571 2401 Agebatur
1593 2370 1749 2401 praesertim
1769 2370 1800 2393 de
1821 2370 1962 2401 privilegio
1984 2378 2026 2393 an.
2049 2370 2118 2400 1419,

252 2417 386 2448 Septemb.
400 2417 436 2443 15,
449 2416 601 2447 registrato,
618 2419 646 2439 ut
660 2416 698 2439 eis
713 2416 739 2439 in
753 2416 918 2439 assecutione
934 2415 1122 2439 beneficiorum
1138 2423 1222 2444 nemo,
1238 2415 1330 2446 paucis
1342 2415 1466 2445 exceptis,
1479 2416 1667 2445 praeferretur.
1684 2415 1732 2437 Pro
1744 2414 1792 2437 hoc
1806 2414 1958 2445 privilegiu,
1973 2423 1994 2437 v.
2010 2423 2035 2445 g.
2051 2422 2118 2437 anno

251 2462 352 2491 eodem,
370 2462 469 2492 Haymo
483 2461 627 2490 Kerredan,
643 2469 714 2492 mag.
734 2464 794 2490 art.,
810 2461 836 2483 in
856 2461 942 2483 rotulo
962 2460 1049 2491 primo
1070 2463 1097 2483 ut
1113 2460 1208 2482 absens
1228 2460 1327 2482 relatus
1348 2460 1420 2490 (Reg.
1442 2460 1498 2482 Lat.
1519 2460 1595 2482 Mart.
1615 2460 1640 2487 V,
1658 2467 1700 2482 an.
1717 2460 1739 2487 2,
1758 2459 1805 2482 lib.
1824 2459 1861 2486 35,
1884 2459 1928 2482 fol.
1946 2459 1982 2489 2);
1999 2467 2041 2481 an.
2059 2459 2119 2481 1424

250 2506 383 2529 ,lohannes
406 2506 566 2537 Prigentius,
584 2514 653 2536 mag.
669 2509 719 2528 art.
735 2505 839 2536 (Suppl.
863 2506 938 2528 Mart.
958 2505 987 2534 V,
1003 2509 1032 2527 110
1048 2505 1100 2534 165,
1120 2505 1166 2527 sol.
1181 2505 1249 2533 ⁶292);
1267 2512 1309 2527 an.
1326 2505 1386 2527 '1425
1403 2504 1536 2527 ,Iohannes
1553 2503 1656 2532 Morini,
1677 2503 1767 2534 presb.
1792 2502 1911 2533 Sagiens.
1933 2503 2026 2531 dioec.,
2048 2511 2117 2534 mag.

251 2554 300 2574 art.
315 2554 340 2573 ct
354 2550 486 2573 Johannes
499 2550 609 2579 Fleurie,
627 2558 696 2581 mag.
713 2553 762 2573 art.
779 2553 803 2572 et
819 2550 891 2572 bace.
906 2549 1053 2580 theologiae
1066 2548 1149 2578 (ibid.‚
1166 2553 1194 2570 n⁰
1210 2549 1263 2576 176,
1277 2549 1322 2572 sol.
1334 2549 1397 2577 282),
1413 2551 1462 2571 ete.
1479 2549 1525 2571 An.
1545 2548 1602 2570 1432
1619 2547 1728 2570 Michael
1745 2547 1857 2576 Satoris,
1870 2548 2008 2578 Rotomag.
2025 2547 2117 2574 dioec.‚

252 2604 322 2626 mag.
334 2599 394 2624 art.5
407 2598 431 2617 ct
441 2595 573 2618 Johannes
590 2595 621 2617 de
636 2595 729 2625 Alreyo
746 2594 858 2617 similem
874 2593 986 2624 gratiam
999 2593 1170 2616 obtinuerunt
1186 2594 1258 2623 (Βοὲς.
1274 2593 1328 2615 Lat,
1346 2592 1456 2623 Eugcuii
1473 2593 1513 2621 lv,
1529 2601 1571 2615 an.
1591 2592 1608 2619 l,
1627 2592 1673 2614 lib.
1688 2593 1709 2616 2.
1724 2592 1768 2614 sol.
1786 2591 1828 2614 77¹³
1843 2595 1867 2614 ct
1881 2592 1958 2621 304b),
1971 2595 1996 2614 et
2012 2592 2048 2614 sic
2062 2592 2118 2614 alii.

379 2971 441 2987 ΝΗ
460 2967 553 2990 Chart.
578 2967 656 2990 Univ.
676 2967 770 2990 Paris.
790 2966 831 2988 lv.
1963 2966 1994 2988 ¹³7
