2502 3418
293 324 388 361 1446]
637 339 683 360 AB
720 339 824 360 ΑΝΝο
858 338 1145 361 MCCCLxxxxiv
1179 340 1309 368 USQUE
1345 341 1392 363 AD
1424 341 1562 363 ANNUM
1597 342 1801 364 mccccmi.
2085 333 2148 365 (369

381 411 405 436 1.
420 412 480 435 Jam
499 411 525 435 in
540 412 680 443 privilegio
701 412 818 444 Philippi
837 412 948 443 Augusti
974 413 1133 444 decernitur,
1153 414 1337 445 praepositum
1358 415 1534 439 Parisiensem
1558 415 1691 438 scholares
1717 419 1860 439 ari-estates
1878 416 1902 438 in
1923 416 1999 439 domo
2021 417 2149 439 scholaris

289 457 421 480 custodire
441 457 545 485 debere,
563 457 645 480 donce
665 465 708 480 eos
726 457 905 488 jurisdictioni
924 458 1069 481 ecclesiast.
1090 458 1193 481 tradere
1214 459 1300 490 possit
1319 460 1470 490 (Chartul.,
1490 461 1509 488 1,
1532 468 1558 491 p.
1585 461 1624 490 60,
1650 461 1713 489 123).
1738 461 1823 491 Supra
1845 464 1931 483 tamen
1956 461 2037 483 verba
2062 462 2150 484 bullae

289 501 410 532 Gregorii
424 502 454 524 lx
472 501 535 532 (vid.
552 501 621 524 infra
636 505 689 525 not.
708 502 744 531 10)
756 510 761 525 z
775 511 787 523 «
804 502 912 525 honeste
928 502 1073 531 detineri»,
1087 503 1234 526 redduntur
1244 512 1292 535 per
1305 512 1310 527 ·.
1325 515 1337 525 α
1355 504 1379 527 111
1391 505 1468 527 (161116
1484 504 1609 535 burgensi
1624 504 1733 527 detineri
1752 515 1773 528 ».
1785 519 1815 522 —
1826 505 1850 529 2.
1865 506 1882 527 Α
1899 505 1940 527 (lic
1953 506 2031 535 jovis,
2045 509 2072 528 ut
2083 506 2151 528 infra

289 549 423 575 narratur,
436 546 494 570 scil.
510 554 524 569 a
540 546 615 570 Febr.
632 547 670 569 17.
685 559 715 563 —-
727 545 752 571 3,
770 547 820 570 Seu
836 546 923 578 potius
941 555 952 570 α
967 547 1117 570 Oudreman
1135 556 1156 571 1).
1170 561 1200 565 -
1212 549 1238 573 4.
1255 549 1313 572 Vid.
1330 549 1467 576 Chartul„
1481 550 1499 578 I,
1514 558 1541 580 p.
1558 549 1611 577 223,
1626 550 1658 571 ad
1672 557 1715 572 an.
1729 550 1838 572 1251.—
1851 549 1874 574 5.
1887 550 1962 573 Febr.
1977 550 2012 573 17.
2028 564 2052 566 —
2063 550 2086 574 6.
2101 551 2150 573 Seu

291 598 301 613 α
319 590 413 613 Morini
429 598 451 614 1).
471 591 612 621 Propterea
629 591 741 613 facultas
763 590 910 622 theologiae
928 599 987 614 eum
1006 591 1131 622 privavit.
1153 592 1211 616 Vid.
1227 594 1358 623 Auctar„
1380 594 1412 622 Ily
1428 602 1454 624 p.
1469 594 1523 621 643,
1546 594 1574 616 13
1590 602 1648 624 sqq.
1667 607 1696 610 —
1711 592 1735 617 7.
1754 594 1823 616 Idem
1842 593 2021 616 verisimiliter
2037 594 2150 616 Jacobus

290 634 322 657 de
337 634 428 659 Gauda
443 634 584 666 collegium
600 643 645 658 seu
660 635 855 666 paedagogium
870 635 980 658 Parisiis
999 636 1132 665 fundavit;
1149 645 1209 660 nam
1228 637 1254 660 in
1272 638 1330 661 cod.
1350 638 1410 661 1099
1425 638 1548 661 biblioth.
1568 637 1638 662 civit,
1656 637 1780 662 Avenion.
1798 639 1888 661 Petrus
1902 639 2027 661 Zwancke
2043 639 2074 661 de
2090 638 2152 661 Dix-

290 679 379 710 muda,
396 679 481 703 dictus
495 680 643 708 Pancouke,
657 683 772 710 testatur
782 688 809 703 se
825 681 965 711 quemdam
981 681 1097 704 codicem
1113 690 1155 705 an.
1175 682 1275 705 1450-51
1294 682 1434 714 scripsisse
1448 691 1459 705 «
1476 683 1501 705 in
1513 683 1624 714 collcgio
1639 691 1708 713 mag.
1725 682 1816 705 Jacobi
1833 683 1864 705 de
1880 683 1971 706 Gouda
1984 691 2005 706 11.
2017 683 2079 707 -8,
2093 683 2151 705 ι111111

290 732 333 747 un.
349 725 409 747 1444
426 724 495 747 nlius
517 725 685 754 Alemanuus,
702 725 824 748 Albertus
845 725 998 756 Scriptoris,
1019 730 1158 749 accusatus
1178 730 1243 756 erat,
1264 727 1352 758 ipsum
1370 727 1436 750 velle
1456 728 1601 750 transferre
1617 727 1822 750 Universitatein
1839 727 1922 750 Paris.
1943 728 1975 749 nd
1993 730 2082 758 partes
2098 728 2154 750 Ale-

291 769 411 792 manniae
430 770 566 800 (Auctar.,
586 770 618 800 ΙΙ,
635 778 662 800 p.
679 770 732 798 597,
748 770 797 798 46).
814 782 846 788 -—
863 769 887 794 9.
908 771 954 794 An.
972 771 1041 799 1443,
1059 772 1131 802 Sept.
1148 772 1186 799 26,
1208 780 1278 802 mag.
1295 772 1355 795 Joh.
1376 772 1486 795 Luillier
1501 780 1560 795 eum
1579 772 1683 795 nomine
1699 771 1808 795 rectoris
1829 772 1972 803 repetebat.
1994 772 2069 795 Arch.
2089 775 2152 801 nat.3

290 814 337 836 X¹·
352 814 421 844 1482,
438 814 483 837 fol.
497 814 563 838 256¹&
579 826 605 831 -
621 813 661 839 10.
677 814 706 837 In
721 814 795 837 bulla
807 815 919 839 Parens
930 815 1117 840 scientiarum
1134 816 1286 846 (Charcul.,
1304 817 1322 846 l,
1340 825 1366 848 p.
1381 817 1445 846 138).
1460 817 1517 840 Vid.
1535 825 1616 848 supra
1632 821 1661 839 11⁰
1677 817 1699 840 1.

291 1000 436 1038 2607.
459 1009 599 1035 Mandato
614 1011 712 1036 curiae
727 1010 907 1037 Parlamenti
921 1011 1084 1045 adversata,
1104 1012 1279 1038 Universitas
1294 1012 1389 1038 Paris.
1407 1012 1515 1037 indixit
1529 1011 1680 1037 Februarii
1695 1012 1728 1038 23
1739 1011 1916 1037 cessationes
1932 1019 1949 1036 a
1965 1010 2152 1045 sermonibus,

380 1059 468 1085 donec
482 1059 630 1085 scholares
646 1060 725 1096 capti
740 1063 767 1086 et
781 1060 889 1086 detenti
902 1061 1128 1095 restituerentur,
1148 1061 1224 1097 quod
1237 1061 1339 1087 Martii
1354 1062 1387 1088 10
1397 1061 1498 1096 fiebat.
1516 1061 1616 1087 Martii
1632 1062 1666 1087 13
1679 1069 1821 1087 sermones
1838 1060 1976 1096 resumpti
1988 1064 2064 1086 sunt.

1313 1151 1385 1181 7446.
1399 1151 1531 1177 Februarii
1543 1151 1688 1178 23-Martii
1701 1151 1737 1180 13,
1754 1150 1869 1176 Parisii&

384 1239 503 1263 Auctar.
521 1237 651 1262 Chartul.
667 1237 800 1269 Univers„
816 1239 849 1268 11,
863 1247 889 1270 p.
905 1239 961 1271 643,
977 1241 991 1262 5
1007 1247 1079 1270 sqq.;
1094 1239 1148 1270 547,
1162 1240 1206 1268 44;
1219 1240 1273 1269 648,
1291 1240 1330 1263 16.

292 1422 437 1461 2608.
463 1432 582 1459 Carolus
601 1434 651 1460 VII
668 1433 852 1459 Parlamento
868 1434 963 1459 Paris.
981 1434 1129 1460 committit
1149 1443 1245 1460 omnes
1263 1443 1369 1460 causas
1393 1434 1591 1460 Universitatis
1610 1436 1727 1469 ejusque
1747 1434 1974 1469 suppositorum.

1505 1524 1575 1553 744⁶,
1592 1524 1733 1554 Μαι-11726,
1751 1524 1872 1550 Parisiis.

382 1611 546 1653 Charles,
565 1623 628 1656 par
643 1611 675 1644 la
697 1624 804 1655 grace
822 1612 866 1645 de
889 1613 979 1646 Dieu
1002 1625 1066 1658 roy
1082 1613 1126 1645 de
1148 1614 1298 1655 Franco,
1320 1615 1337 1645 a
1358 1625 1424 1645 noz
1445 1624 1542 1645 amez
1565 1619 1599 1645 et
1614 1612 1732 1645 feaulx
1753 1612 1969 1645 conseillers
1990 1612 2045 1644 les
2066 1623 2158 1656 gens

292 1685 421 1711 tenans
442 1685 566 1711 nostre
588 1686 739 1724 present
764 1679 969 1713 Parleinent
994 1687 1029 1712 et
1058 1680 1119 1725 qui
1150 1680 1323 1713 tendront
1349 1679 1455 1712 ceulx
1482 1682 1499 1712 ἱι
1527 1679 1643 1721 venir,
1671 1679 1765 1712 salut
1785 1686 1819 1712 et
1840 1679 2027 1711 dilection⁴
2055 1680 2106 1710 De
2128 1679 2160 1711 la

293 1745 407 1790 partie
429 1745 473 1778 de
495 1752 620 1779 nostre
642 1758 844 1791 procureur
864 1747 1014 1792 general
1040 1759 1133 1780 nous
1154 1760 1171 1780 a
1199 1751 1276 1780 este
1305 1751 1439 1792 expose
1467 1759 1537 1791 que
1566 1747 1647 1791 puis
1676 1750 1856 1791 nogueres
1878 1746 2024 1778 maistre
2045 1745 2159 1779 Jehan

294 1812 339 1846 de
360 1813 502 1855 Gonda,
524 1813 671 1847 maistre
693 1826 739 1846 en
765 1826 837 1856 ars,
866 1821 900 1847 et
921 1821 1043 1847 autres
1065 1815 1243 1848 escoliers
1270 1815 1313 1847 de
1342 1821 1466 1847 nostre
1495 1814 1569 1846 fille
1603 1814 1837 1847 l’Universite
1865 1814 1907 1846 de
1934 1814 2046 1855 Paris,
2069 1825 2162 1858 pour

294 1880 393 1913 leurs
409 1880 606 1913 demerites
623 1887 686 1914 ont
702 1884 778 1914 este
796 1881 897 1926 prins
915 1888 949 1914 et
961 1882 1028 1914 inis
1042 1882 1272 1927 prisonniers
1290 1894 1335 1914 en
1351 1881 1384 1914 la
1401 1885 1571 1926 prevoste
1589 1881 1632 1913 de
1646 1881 1758 1922 Paris⁷
1773 1880 1952 1925 lesquielx
1970 1880 2013 1913 de
2031 1880 2159 1913 Gouda

295 1953 331 1980 et
350 1958 410 1980 ses
431 1948 694 1993 compaignons
716 1955 750 1981 et
775 1948 1007 1993 colnplisses,
1036 1955 1161 1982 nostre
1189 1952 1266 1981 aine
1287 1955 1321 1982 et
1341 1943 1410 1981 seul
1432 1948 1628 1981 conseiller
1649 1948 1682 1980 le
1709 1947 1908 1992 patriarche
1931 1947 2157 1988 d'AnHoche,

295 2026 454 2059 evesque
476 2015 520 2048 de
541 2016 655 2057 Paris,
674 2027 720 2048 ou
741 2027 801 2048 ses
822 2015 979 2048 ossieiers
1000 2028 1092 2061 pour
1108 2016 1173 2058 lui,
1191 2016 1427 2061 requisdrent
1447 2022 1543 2048 estre
1565 2015 1700 2047 renduz
1721 2015 1821 2047 audit
1841 2026 1999 2059 evesque
2021 2026 2159 2047 comme

296 2081 409 2124 clers3
439 2088 474 2115 et
500 2081 600 2115 aussi
629 2082 883 2127 pareillement
909 2083 942 2115 16
971 2090 1116 2116 16616111
1141 2083 1184 2115 (16
1213 2083 1344 2116 ladicte
1371 2083 1580 2116 Universite
1609 2082 1749 2126 requist
1776 2081 1889 2114 lesdiz
1911 2082 1954 2114 (16
1977 2081 2104 2114 Gouda
2126 2088 2161 2113 ct

297 2149 416 2181 sesdiz
437 2149 655 2194 complisses
676 2149 727 2182 lui
748 2156 846 2183 estre
868 2150 1017 2192 renduz⁷
1037 2162 1142 2195 parce
1164 2150 1271 2195 qu'ilz
1292 2150 1451 2182 estoient
1470 2149 1660 2191 escoliers,
1679 2161 1742 2194 par
1758 2149 1791 2181 16
1813 2155 1961 2193 prevost
1981 2149 2025 2181 de
2046 2148 2159 2189 Paris,

296 2215 418 2260 lequel
433 2223 566 2262 voyant
586 2216 618 2249 le
636 2216 744 2249 debat
760 2217 826 2250 des
846 2217 994 2262 parties,
1013 2229 1170 2262 renvoya
1187 2217 1319 2249 ladicte
1336 2228 1443 2249 cause
1461 2229 1505 2249 en
1530 2216 1753 2249 nostredicte
1770 2222 1874 2248 court
1895 2216 1939 2248 de
1962 2215 2161 2259 pai-lenient

297 2295 475 2328 aveeques
496 2282 609 2316 lesdiz
626 2283 801 2317 escoliers
823 2284 1066 2329 prisonniers⁷
1084 2296 1176 2329 pour
1192 2290 1288 2317 estre
1311 2296 1372 2328 par
1389 2283 1493 2316 icelle
1516 2283 1736 2316 nostredicte
1760 2289 1864 2315 court
1885 2282 2012 2315 decide
2030 2282 2158 2315 ladicte

298 2350 543 2394 requisitoire⁷
567 2357 601 2384 et
621 2363 690 2395 que
712 2363 813 2384 assez
834 2357 907 2384 tost
926 2355 1032 2396 apros
1052 2351 1142 2384 ledit
1163 2357 1319 2392 recteur,
1341 2351 1487 2383 maistre
1508 2350 1620 2383 Jehan
1643 2349 1851 2390 Painecloer,
1876 2356 1910 2382 et
1934 2356 2056 2382 autres
2078 2349 2160 2382 eulx

298 2417 422 2450 disans
443 2417 596 2462 deputez
625 2418 669 2450 de
697 2418 827 2451 ladiete
853 2418 1074 2460 Universite7
1104 2419 1275 2451 vindrent
1302 2430 1347 2450 611
1374 2417 1596 2450 nostredicte
1623 2423 1726 2449 court
1751 2416 1794 2449 de
1821 2416 2023 2461 parlement
2047 2419 2064 2449 ἰι
2086 2428 2161 2461 ung

292 2485 380 2529 jour
395 2484 439 2517 de
456 2485 585 2527 mardi,
603 2485 756 2518 environ
778 2486 868 2518 neus
883 2485 1030 2526 heures,
1050 2492 1084 2518 et
1104 2485 1338 2530 requisdrent
1359 2485 1472 2517 lesdiz
1494 2485 1537 2516 de
1559 2484 1687 2517 Gouda
1709 2490 1743 2516 61
1763 2495 1823 2516 ses
1845 2483 2061 2528 complisses
2082 2483 2161 2516 leur

298 2558 394 2584 estre
420 2552 555 2585 renduz
582 2559 863 2597 promptement,
886 2559 921 2586 61
941 2565 986 2585 611
1012 2565 1070 2585 cas
1093 2565 1161 2597 que
1184 2552 1408 2585 nostrediete
1430 2558 1532 2584 court
1554 2563 1596 2584 ne
1619 2551 1672 2583 les
1693 2551 1773 2583 leur
1794 2551 1958 2583 rendroit
1978 2557 2161 2595 prompte-

298 2625 408 2660 ment,
431 2618 476 2651 ilz
497 2619 707 2652 intimerent
736 2626 811 2652 tres
837 2619 1140 2653 irreverenunent
1163 2619 1375 2652 cessacions
1400 2621 1418 2651 a
1446 2618 1669 2651 nostrediete
1697 2624 1813 2651 court.
1836 2618 1865 2650 A
1887 2629 1983 2662 quoy
2008 2618 2060 2650 sut
2086 2630 2162 2650 res-

299 2686 423 2731 pondu
451 2698 514 2731 par
540 2687 763 2720 nostredicte
789 2693 894 2719 court
914 2699 983 2731 que
1005 2687 1119 2719 lesdiz
1140 2686 1185 2719 de
1206 2686 1335 2719 Gouda
1357 2692 1392 2718 et
1418 2685 1537 2718 sesdiz
1558 2684 1776 2729 coinplisses
1798 2697 1842 2717 ne
1870 2684 2043 2730 povoient
2067 2691 2162 2718 estre

300 2753 458 2787 delivrez
486 2765 531 2786 ne
560 2754 696 2786 renduz
726 2754 826 2787 audit
852 2761 997 2787 recteur
1025 2766 1108 2786 sans
1136 2765 1227 2798 ouyr
1255 2753 1437 2785 nostredit
1465 2752 1662 2785 conseiller
1688 2752 1874 2796 l’evesque
1901 2752 1945 2784 de
1974 2752 2074 2785 Paris
2100 2764 2163 2785 sur

299 2820 535 2866 l‘opposition
555 2821 642 2866 qu'il
663 2821 759 2854 avoit
778 2821 896 2863 faicte,
924 2833 993 2866 que
1022 2821 1136 2853 lesdiz
1157 2820 1333 2853 escoliers
1355 2832 1399 2852 ne
1420 2820 1564 2852 fussent
1585 2819 1721 2851 renduz
1747 2819 1848 2851 audit
1875 2825 2029 2852 recteur.
2061 2821 2103 2852 Et
2129 2818 2161 2852 Ie

301 2888 509 2921 lendemain
524 2889 611 2933 jour
627 2888 671 2921 de
693 2888 888 2930 mercredi,
905 2888 1074 2921 combien
1095 2900 1164 2933 que
1185 2887 1258 2920 l’on
1280 2888 1398 2920 n’eust
1418 2890 1628 2920 acoustume'
1650 2886 1695 2919 de
1717 2885 1857 2931 plaider
1873 2898 1918 2919 en
1940 2887 2162 2920 nostredicte
