2502 3418
227 284 322 321 1403]
654 298 702 318 ΑΒ
736 297 842 319 Auno
877 296 1163 318 MCCCLxxxxlv
1196 298 1243 318 AD
1278 298 1415 320 ANNUM
1450 300 1655 323 mccccrii.
2044 295 2086 327 63

222 371 425 404 Arelatens.
451 371 544 404 dioc.
568 370 708 403 decimo
729 371 856 415 quinto
887 370 954 403 kal.
985 370 1200 403 Novembris
1228 382 1321 403 anno
1344 372 1496 411 decimo,
1523 373 1566 405 ad
1587 381 1751 407 vacatura
1781 382 1861 419 post
1889 376 1956 409 kal.
1982 379 2085 410 Maii’

221 450 315 471 anno
337 450 407 483 qUO
429 449 550 483 Supra.

312 536 375 567 Reg.
393 535 488 566 Suppl.
505 535 601 559 Bened.
616 535 684 564 XIII,
701 539 729 558 n⁰
741 536 780 564 97,
795 534 839 559 sol.
853 534 903 559 25¹².

311 620 335 645 1.
352 620 501 644 Afferuntur
517 621 546 643 20
562 620 696 651 magistri:
719 620 765 643 sed
780 628 862 651 paene
877 628 966 643 omnes
987 619 1054 643 inter
1074 620 1103 642 46
1123 619 1265 650 magistros
1286 619 1355 642 infra
1371 624 1399 642 n⁰
1419 620 1476 643 1795
1495 621 1588 643 allatos
1605 625 1755 645 occurrunt.
1772 622 1828 646 Vid.
1848 623 1922 652 ibid„
1940 628 1993 647 not.
2017 626 2038 648 2.
2054 639 2084 643 —

217 665 241 690 2.
256 666 275 688 I.
290 674 313 690 e.
327 669 388 696 post,
403 665 463 688 Maii
475 665 497 693 1,
514 674 556 688 an.
573 666 643 688 1404.

220 813 360 850 1790.
384 831 399 848 ‹
415 822 534 848 Botulus
550 822 761 848 licentiatorum
777 826 803 848 et
818 822 1042 848 bawuariorum
1058 822 1087 847 in
1102 821 1224 847 decretis
1241 822 1383 848 Par-isius.
1397 832 1412 848 »

306 910 365 932 Jam
381 917 471 940 supra..
488 914 516 932 n⁰
536 910 605 938 1785,
622 909 720 932 dictum
736 912 784 937 est,
801 909 869 932 hunc
885 909 1000 932 rotulum
1021 909 1160 932 Benedicto
1176 909 1234 932 XIII
1250 912 1309 932 ante
1325 918 1450 940 magnum
1473 911 1588 933 rotulum
1604 911 1794 941 magistrorum
1810 912 1877 934 infra
1894 912 2082 943 publicandum

212 957 409 985 praesentatum
432 962 498 977 esse.
523 954 660 977 Caeterum
681 954 729 976 hoc
749 954 837 984 ipsum
859 962 890 976 ex
911 953 1030 976 urticulis
1046 953 1229 976 communibus
1251 954 1292 976 hic
1312 954 1406 985 positis
1426 954 1517 985 liquet.
1535 955 1671 978 Licentiati
1690 959 1714 978 et
1736 956 1883 979 baccalarei
1903 957 1998 980 decret.
2016 958 2081 980 alios

211 999 365 1030 praevenire
380 999 528 1027 voluerunt,
545 1002 573 1022 ut
587 1006 597 1022 α
612 999 701 1022 datam
715 1007 726 1021 n
741 999 875 1022 meliorem
891 1002 1018 1030 quantum
1034 998 1066 1021 ad
1080 998 1180 1029 gratias
1196 999 1387 1030 exspectativas
1404 1000 1559 1030 reciperent.

1375 1085 1449 1114 1403,
1467 1085 1552 1111 Octob.
1569 1086 1614 1114 20,
1631 1087 1670 1115 27,
1687 1086 1795 1112 Sullane.

299 1173 534 1206 Sanctissimo
556 1173 593 1205 in
614 1172 760 1206 Christo
783 1173 874 1218 patri
897 1185 936 1205 ac
958 1173 1106 1205 domino
1127 1179 1252 1205 nostro
1275 1173 1422 1205 domino
1445 1174 1644 1206 Benedicto
1669 1181 1899 1207 sacrosancte
1922 1176 2080 1208 Romane

208 1252 247 1273 ac
277 1240 495 1273 universalis
526 1239 680 1272 ecclesie
713 1252 855 1272 summo
886 1239 1061 1284 pontifici,
1094 1239 1250 1272 humiles
1281 1247 1316 1272 et
1348 1240 1468 1272 devoti
1501 1240 1701 1273 sanctitatis
1729 1241 1892 1285 ejusdem
1915 1248 2078 1274 oratores

207 1307 381 1340 licentiati
402 1314 437 1340 et
457 1306 624 1340 bacalarii
654 1306 833 1339 facultatis
855 1307 1083 1339 decretorum
1107 1307 1219 1339 Paris.
1248 1307 1391 1351 seipsos
1412 1307 1455 1339 ad
1484 1307 1614 1352 pedum
1643 1307 1766 1340 oscula
1786 1308 1972 1341 beatorum
1996 1321 2076 1341 cuin

207 1375 305 1407 omni
337 1373 536 1406 humillima
567 1373 899 1406 recomendatione.
935 1374 1140 1407 Sanctitatis
1168 1381 1287 1406 vestre
1318 1374 1528 1407 celsitudini
1560 1381 1766 1419 presentem
1796 1376 2021 1420 generalium
2043 1383 2077 1409 et

206 1441 417 1486 specialium
449 1441 754 1486 supplicationum
786 1441 943 1473 rotulum
975 1441 1210 1486 presentandi
1238 1453 1364 1474 ansum
1395 1442 1466 1484 (sic)
1497 1441 1623 1486 prebet
1660 1449 1806 1486 paterne
1840 1442 2076 1476 beatitudinis

206 1508 355 1541 affectus
460 1514 637 1552 quatenus
669 1514 737 1540 tam
766 1519 833 1540 nos
862 1519 967 1552 quam
998 1508 1153 1540 nuncios
1185 1507 1249 1540 hac
1280 1519 1392 1552 super
1424 1520 1460 1540 re
1491 1508 1699 1553 specialiter
1724 1509 1926 1542 destinatos
1953 1510 2075 1542 favore

205 1582 355 1620 paterno
376 1587 414 1607 ac
436 1574 688 1607 misericordie
710 1574 816 1607 solite
838 1574 951 1619 gratia
972 1581 1140 1619 acceptos
1161 1574 1294 1607 habere
1316 1575 1488 1620 dignetur
1509 1576 1633 1608 eadem
1656 1576 1826 1608 sanctitas
1848 1583 1977 1609 vestra.

293 1643 337 1674 Et
357 1642 472 1687 primo
495 1641 666 1686 dignetur
687 1641 812 1674 eadem
838 1642 1009 1675 sanctitas
1031 1649 1151 1675 vestra
1172 1642 1307 1674 dictum
1330 1642 1487 1675 rotulum
1510 1649 1545 1675 et
1565 1649 1733 1675 contenta
1759 1643 1796 1675 in
1817 1643 1943 1676 eodem
1967 1644 2073 1676 solito

203 1708 394 1741 clementie
412 1708 577 1753 ejusdem
598 1708 798 1741 sanctitatis
816 1720 915 1741 more
936 1708 1096 1754 benigne
1115 1709 1277 1754 recipere
1295 1715 1330 1741 et
1346 1709 1523 1742 deffectus
1546 1716 1613 1742 tam
1626 1710 1722 1754 juris
1740 1722 1845 1754 quam
1862 1711 1998 1743 erroris
2014 1718 2073 1744 aut

202 1775 408 1821 ignorantie
429 1775 717 1808 misericorditer
738 1775 922 1820 supplere.

290 1844 378 1875 Item
400 1842 573 1888 dignetur
593 1843 718 1875 eadem
741 1843 911 1875 sanctitas
933 1849 1139 1888 presentem
1162 1843 1320 1875 rotulum
1348 1850 1382 1876 et
1411 1844 1546 1888 gratias
1576 1844 1728 1877 inferius
1756 1844 1980 1889 subscriptas
2003 1845 2070 1877 sub

202 1909 281 1942 data
302 1909 484 1942 consimili
504 1921 605 1954 quam
626 1910 765 1943 habebit
785 1909 926 1943 rotulus
946 1910 1207 1955 magistrorum
1233 1910 1493 1944 Universitatis
1509 1911 1728 1944 parisiensis
1749 1912 1894 1956 signare
1912 1918 1944 1944 et
1967 1924 2070 1956 expe-

200 1976 269 2009 diri
291 1976 471 2009 mandare.

287 2045 375 2076 Item
397 2049 432 2076 et
452 2044 483 2076 si
504 2043 678 2076 licentiati
699 2050 733 2076 et
753 2043 948 2076 bachalarii
976 2044 1130 2077 inferius
1151 2044 1326 2089 descripti
1354 2052 1573 2078 concurrant
1600 2045 1636 2077 in
1658 2046 1737 2078 data
1765 2058 1844 2078 cum
1874 2045 2067 2078 licentiatis

198 2116 234 2143 et
266 2110 481 2143 bachalariis
515 2110 667 2143 aliorum
703 2111 905 2143 studiorum
941 2111 1165 2156 generalium
1197 2123 1511 2156 quorumcunque,
1543 2112 1714 2157 dignetur
1742 2113 1864 2145 eadem
1898 2113 2067 2145 sanctitas

197 2177 398 2210 concedere
420 2184 456 2210 et
476 2177 659 2210 declarare
681 2178 778 2222 quod
806 2178 878 2210 illis
900 2178 1072 2211 licentiati
1102 2185 1135 2211 et
1166 2179 1334 2211 bacalarii
1365 2179 1585 2224 infrascripti
1616 2180 1652 2212 in
1673 2180 1903 2212 assecutione
1931 2179 2067 2212 beneti-

196 2244 334 2277 ciorum
356 2245 595 2289 preferantur.
626 2246 669 2277 Et
695 2245 846 2290 insuper
867 2245 1038 2290 dignetur
1059 2246 1183 2278 eadem
1211 2246 1382 2278 sanctitas
1404 2246 1607 2278 concedere
1629 2247 1727 2291 quod
1757 2246 1929 2279 licentiati
1955 2247 2066 2279 inl'ra-

196 2311 322 2356 scripti
349 2311 533 2356 magistris
561 2312 597 2343 in
624 2312 816 2353 medicina,
844 2311 1060 2345 bachalariis
1082 2312 1117 2344 in
1140 2312 1323 2357 theologia
1345 2313 1507 2345 sor-matis
1528 2325 1670 2345 necnon
1697 2313 1800 2345 ctiam
1824 2313 2006 2357 magistris
2028 2314 2063 2345 in

195 2377 350 2419 artibus;
374 2377 567 2411 bachalarii
590 2390 676 2411 vero
698 2379 851 2412 inferius
872 2379 1070 2424 conscripti
1098 2379 1294 2412 licentiatis
1316 2379 1351 2411 in
1373 2380 1565 2420 medicina,
1588 2379 1802 2412 bachalariis
1824 2380 1859 2412 in
1882 2380 2063 2424 theologia

194 2456 267 2477 non
287 2445 464 2486 formatis,
487 2445 591 2477 etiam
614 2446 798 2490 magistris
827 2446 863 2478 in
889 2446 1027 2479 artibus
1055 2446 1149 2479 inter
1169 2453 1430 2479 concurrentes
1451 2447 1583 2479 ceteris
1610 2446 1756 2491 paribus
1778 2447 2060 2491 p1·eserantur....

281 2558 317 2583 Et
341 2558 438 2591 primo
459 2558 613 2592 Radulpho
634 2558 786 2592 Sapientis,
803 2559 869 2585 cler.
889 2559 1105 2585 Constanciensi
1121 2559 1173 2585 civi
1178 2579 1231 2588 .....
1253 2559 1284 2584 in
1299 2559 1376 2585 decr.
1398 2559 1520 2585 Parisius
1535 2559 1581 2584 lic.
1601 2559 1675 2584 etin
1695 2559 1750 2591 leg.
1766 2559 1838 2588 bac..
1860 2559 1895 2585 dc
1915 2567 2060 2593 maneque

191 2606 299 2640 legenti
313 2607 445 2637 Parisius,
462 2615 543 2633 nune
556 2607 587 2633 in
602 2608 661 2634 fine
674 2608 752 2634 tertii
767 2608 838 2634 anni
853 2608 963 2634 lecture
977 2608 1169 2637 matutinalis.
1186 2608 1222 2634 de
1237 2609 1410 2634 canonicatu
1431 2609 1498 2634 cccl.
1516 2608 1743 2637 Constanciens.‚
1763 2609 1907 2642 Bajocens.
1925 2610 1952 2635 et
1968 2609 2058 2635 Lexo-

191 2663 279 2682 viens.

278 2706 352 2732 Item
366 2706 472 2732 Jacobo
490 2706 574 2736 Gelu,
591 2707 754 2732 Treverens.
771 2707 857 2736 dioc.,
878 2706 924 2732 lic.
947 2707 977 2732 in
999 2707 1066 2739 leg..
1091 2714 1168 2739 mag.
1191 2706 1221 2731 in
1241 2708 1295 2732 art.
1314 2709 1343 2732 et
1358 2707 1419 2732 bac.
1443 2707 1474 2731 in
1496 2706 1572 2732 decr.
1599 2706 1629 2731 in
1654 2706 1746 2731 forma
1768 2706 1892 2735 licentio,
1917 2707 1951 2733 de
1971 2715 2057 2733 manc

189 2754 297 2787 legenti
313 2755 444 2784 Parisins,
461 2755 496 2781 de
511 2755 641 2781 canonic.
659 2756 726 2782 cccl.
744 2756 982 2788 Rothomagens..
999 2756 1209 2784 Cameracens..
1227 2756 1408 2788 Carnotens„
1423 2755 1622 2780 Aurelianc1is.
1642 2755 1684 2780 vel
1699 2755 1887 2781 Ambianens.

278 2804 369 2829 Fratri
385 2804 496 2829 Simoni
512 2804 547 2830 de
564 2805 696 2837 Bousyes.
714 2805 847 2837 religioso
863 2805 1031 2830 monasterii
1046 2804 1072 2829 S.
1091 2804 1174 2837 Eligii
1190 2812 1279 2837 prope
1294 2805 1468 2830 Noviomum
1485 2804 1517 2829 O.
1534 2804 1560 2829 S.
1579 2804 1620 2832 B.‚
1638 2804 1698 2829 bac.
1716 2804 1745 2829 in
1759 2805 1825 2837 jure
1841 2813 1903 2830 can.
1916 2805 1946 2830 in
1962 2806 2054 2830 forma

188 2852 301 2879 licentie
316 2853 450 2879 existenti
463 2861 495 2880 ac
507 2854 543 2879 dc
558 2854 683 2888 presenti
694 2861 772 2879 anno
788 2854 896 2887 legenti
911 2854 1088 2879 ordinariam
1104 2853 1257 2879 lectionem
1271 2853 1306 2879 de
1322 2862 1407 2880 manc
1424 2853 1554 2879 Parisius.
