2502 3418
276 334 371 371 1442]
618 347 664 369 AB
698 347 804 368 ΑΝΝο
839 345 1128 368 MCCCLxxxxiv
1158 346 1289 374 USQUE
1325 346 1373 367 An
1408 346 1546 367 ANNUM
1581 346 1789 368 mccccru.
2071 338 2135 371 623

273 421 508 466 contingente
536 421 674 466 aliquas
696 421 869 466 pecunias
894 427 1019 453 mutuo
1047 421 1210 465 recipere
1232 420 1386 464 possint.
1415 421 1454 452 In
1486 421 1590 464 cujus
1615 421 1668 453 rei
1698 421 1943 453 testimonium
1972 422 2131 466 sigillum

273 495 437 521 nostrum
460 500 629 533 magnum
651 487 884 532 presentibus
914 487 1045 520 litteris
1077 487 1246 519 duximus
1280 486 1548 532 apponendum.
1590 488 1717 519 Datum
1752 487 1912 520 Pal-isius
1947 489 1982 520 in
2013 495 2133 521 nostra

272 555 555 600 congregatione
585 554 747 600 generali
782 554 876 599 apud
916 554 1084 586 Sanctum
1124 554 1342 586 Maturinum
1379 553 1591 586 solemniter
1625 553 1818 595 celebrata,
1862 566 1955 586 anno
1990 555 2134 587 Domini

272 623 528 664 MCCCCXLI,
552 622 610 655 die
630 622 713 667 vjija
735 621 871 654 mensis
891 621 1063 654 Januarii.

363 720 480 744 Minuta
498 719 614 743 chartac.
630 719 656 742 in
674 719 752 743 Arch.
770 719 892 742 Univers.
910 718 1005 748 Paris.‚
1023 719 1098 741 theca
1119 719 1138 747 1,
1159 720 1186 742 Α.
1207 719 1228 743 1.
1250 728 1274 750 y.
1292 719 1367 748 Bm„
1384 720 1412 746 V,
1431 727 1456 750 p.
1477 720 1531 742 521.
1553 733 1579 736 -
1594 719 1805 742 Ambassiatorcs
1828 719 1861 741 ad
1881 727 1969 749 regem
1985 719 2059 742 missi
2076 723 2137 742 sunt.

271 768 379 796 propter
390 773 484 787 causas
501 764 534 787 ob
547 773 613 796 quus
628 764 708 787 etiam
724 772 738 787 n
753 763 912 787 lectionibus
928 766 953 787 et
968 764 1134 787 sermonibus
1148 764 1311 787 Uuivcrsitas
1327 764 1450 787 cessavit.
1466 764 1523 787 Vid.
1541 772 1622 794 supra
1637 768 1666 786 11ο
1681 764 1751 786 2553.

363 862 388 887 1.
404 863 439 885 De
454 862 503 885 hoc
524 862 620 885 celebri
638 863 705 885 facto
721 863 844 885 lectorem
866 862 1024 885 remittimus
1045 862 1078 885 ad
1098 865 1216 887 Auctar.
1238 863 1366 886 chartul.
1387 862 1511 886 Univcrs.
1528 862 1631 891 Paris„
1655 863 1686 890 11,
1707 870 1733 893 p.
1755 864 1808 889 509,
1830 865 1883 885 not.
1900 863 1926 890 23
1943 863 1996 889 523,
2017 863 2059 890 '10;
2081 863 2134 892 52'1,

271 908 357 935 16-46;
379 908 432 935 544,
450 908 488 930 36.
512 907 650 935 Duumzun,
677 907 714 931 Le
735 907 842 931 the‘atre
856 909 902 931 cles
922 907 1079 938 antiquita:
1101 909 1133 931 de
1154 907 1238 932 Paris
1253 908 1342 937 (1039),
1363 916 1389 938 p.
1405 908 1451 930 [119
1471 916 1510 938 sq.
1528 907 1636 930 Occisus
1654 908 1735 930 frater
1752 907 1897 930 vocabatur
1917 907 2008 930 Petrus
2025 907 2134 938 Gougis‚

271 960 340 983 mag.
357 952 437 975 theol.
454 952 577 975 Nicoluus
593 952 725 983 Aymerici
738 952 859 983 captivus
875 952 1005 975 abductus
1023 955 1072 975 est.

271 1146 416 1183 2557.
440 1155 585 1189 Eugenius
606 1156 650 1181 IV
661 1155 781 1181 mandat
803 1155 929 1181 Gerardo
950 1155 1087 1185 Macheti,
1109 1156 1242 1191 episcopo
1266 1157 1420 1189 Castrens.,
1446 1159 1472 1180 et
1496 1156 1578 1181 Petro
1595 1155 1630 1180 de
1652 1155 1798 1189 Versaliis,
1821 1156 1907 1190 episc.
1930 1155 2079 1190 Meldens.‚
2105 1160 2136 1181 1ιί

359 1205 507 1240 inquirant
522 1205 557 1230 de
573 1209 651 1230 statu
666 1205 862 1231 cancellariae
877 1205 971 1230 Paris.

1426 1249 1497 1279 1442,
1512 1250 1644 1275 Februarii
1660 1251 1682 1279 7,
1698 1250 1850 1276 Florentiae.

361 1351 560 1396 Eugenius,
578 1358 660 1389 etc.,
676 1351 950 1385 venerabilibus
963 1352 1298 1385 frat.....Castreus.
1313 1358 1347 1384 et
1366 1351 1546 1384 Meldens.
1560 1351 1744 1396 episcopis
1765 1352 1930 1391 salutem,
1950 1359 2017 1385 etc.
2042 1354 2132 1385 Dum

272 1418 489 1451 universalis
516 1418 671 1451 ecclesie
698 1419 868 1463 regimini
894 1419 1126 1464 presidentes
1152 1419 1333 1463 insignem
1357 1419 1546 1451 doctorum
1569 1425 1601 1451 et
1623 1419 1880 1463 magistrorum
1906 1419 2133 1464 aliorumque

270 1486 615 1518 litteratissimorum
636 1486 797 1519 virorum
824 1486 1107 1526 uuiltitudinem,
1132 1498 1235 1530 quam
1259 1486 1389 1519 dilecta
1416 1486 1487 1518 filia
1514 1492 1635 1518 nostra
1658 1486 1883 1519 Universitas
1906 1486 2017 1519 studii
2038 1487 2135 1519 Pari-

271 1553 383 1586 siens.
402 1553 515 1586 veluti
536 1554 618 1585 fons
640 1552 843 1585 exuberans
866 1553 1069 1598 producere
1092 1566 1164 1585 non
1182 1553 1333 1594 desinit,
1354 1553 1435 1585 dum
1460 1553 1612 1598 insuper
1628 1554 1739 1597 juges
1760 1565 1877 1593 curas,
1897 1553 2135 1598 solicitosque

271 1619 414 1652 labores
439 1632 530 1664 quos
557 1620 592 1652 in
619 1620 873 1664 prosequenda
896 1627 930 1653 et
950 1620 1199 1653 conservanda
1221 1627 1343 1653 sancte
1367 1621 1466 1652 Rom.
1495 1620 1650 1652 ecclesie
1672 1620 1807 1652 unione
1829 1620 2020 1661 sustinuit,
2049 1621 2131 1653 dum

271 1687 429 1732 denique
451 1687 673 1732 singularem
690 1687 897 1720 devotionis
913 1688 1094 1726 ass'ectum,
1112 1700 1217 1732 quem
1240 1687 1283 1720 ad
1302 1699 1368 1719 nos
1390 1693 1423 1719 et
1445 1687 1593 1719 eandem
1611 1687 1800 1720 ecclesiam
1823 1687 2007 1720 indefesse
2024 1688 2132 1732 gerit,

271 1754 426 1787 solerter
446 1754 666 1787 attendimus
685 1766 692 1786 ι
715 1766 756 1787 ea
773 1755 934 1799 profecto
956 1754 1113 1787 libenter
1134 1755 1383 1795 concedimus,
1401 1766 1470 1798 que
1492 1754 1608 1799 ipsius
1626 1754 1883 1787 Universitatis
1900 1761 2132 1799 augmentum

271 1821 502 1865 conspiciunt
523 1828 558 1854 et
577 1820 767 1854 honorem.
796 1822 888 1854 Sane
916 1821 1083 1854 nonnulli
1114 1822 1284 1854 doctores
1314 1828 1348 1854 et
1373 1821 1537 1866 magistri
1559 1821 1721 1865 ejusdem
1749 1821 2001 1854 Universitatis
2028 1822 2133 1854 nobis

272 1900 389 1933 nuper
405 1888 587 1933 exponere
605 1889 893 1933 curarunt,quod
915 1889 1165 1921 cancellariam
1188 1888 1342 1921 ecclesie
1364 1888 1558 1921 ParisienS.
1583 1900 1648 1933 pro
1670 1895 1833 1933 tempore
1851 1888 2044 1929 obtinenti,
2063 1895 2134 1921 stu-

272 1955 443 1988 dentibus
470 1956 506 1987 in
533 1955 659 1988 eodem
688 1955 809 1988 studio
841 1956 877 1988 in
906 1955 1104 2001 theologie,
1134 1956 1376 1996 decretorum,
1408 1962 1442 1988 et
1473 1956 1652 1988 medicine
1683 1968 1721 1988 ac
1749 1956 1876 1988 artium
1903 1955 2133 1989 facultatibus

271 2026 472 2068 (postquam
498 2022 589 2055 inibi
617 2023 823 2055 ordinarios
845 2023 880 2055 in
903 2023 1077 2068 predictis
1103 2022 1334 2055 facultatibus
1359 2029 1577 2068 peregerunt
1605 2035 1735 2055 cursus
1766 2035 1804 2055 ac
1826 2035 1890 2068 per
1911 2023 2079 2056 doctores
2101 2030 2136 2056 et

272 2090 466 2134 magistros
493 2089 536 2122 ad
562 2089 630 2122 hoc
656 2101 721 2134 per
742 2102 822 2122 eum
845 2102 915 2134 quo
942 2090 986 2122 ad
1006 2090 1211 2123 facultatem
1238 2090 1366 2122 artium
1397 2090 1588 2134 deputatos
1617 2090 1807 2122 examinati
1836 2090 2132 2135 sullicientesque

270 2157 430 2202 repperti
450 2157 606 2200 suerunt)
628 2157 780 2201 gradum
802 2157 948 2190 licentie
976 2169 1018 2189 ex
1039 2157 1216 2190 institutis
1237 2157 1448 2201 apostolicis
1469 2157 1695 2201 impendere,
1719 2157 1917 2190 nonnullos
1943 2169 2132 2190 sermones

270 2224 314 2256 ad
343 2223 479 2256 clerum
508 2230 543 2256 et
574 2224 611 2256 in
641 2224 734 2256 dicta
764 2224 1009 2257 Universitate
1038 2225 1171 2266 facere,
1201 2224 1423 2257 baccalarios
1457 2230 1491 2256 et
1517 2224 1607 2256 alios
1638 2224 1674 2256 in
1702 2223 1885 2268 theologia
1916 2236 2002 2257 suos
2032 2231 2132 2258 actus

271 2291 471 2324 seeundum
494 2302 630 2323 morem
648 2291 734 2323 dicti
757 2291 867 2324 studii
886 2298 1097 2324 exercentes
1120 2291 1162 2334 (si
1182 2292 1305 2324 forsan
1322 2291 1507 2324 veritatem
1527 2291 1721 2334 offendant)
1739 2291 1930 2324 scolastice
1947 2292 2133 2337 corrigere

270 2365 305 2391 et
325 2358 368 2390 ad
389 2358 481 2390 viam
503 2357 665 2391 veritatis
687 2358 877 2399 reducere,
900 2370 1042 2391 necnon
1064 2359 1100 2391 in
1126 2371 1250 2391 eorum
1273 2358 1484 2403 magisterio
1507 2358 1694 2402 presidere
1720 2364 1754 2390 et
1779 2358 1823 2390 ad
1848 2365 1964 2391 certas
1985 2359 2133 2392 conclu-

271 2425 394 2458 siones
420 2424 648 2470 theologicas
669 2437 837 2470 arguere,
860 2425 1024 2470 aliosque
1047 2425 1261 2458 scolasticos
1283 2432 1383 2458 actus
1409 2426 1619 2469 frequenter
1650 2437 1820 2457 exercere
1846 2425 2034 2467 incumbit,
2065 2438 2133 2470 que

270 2499 305 2524 et
329 2492 396 2524 alia
418 2492 535 2524 eidem
556 2492 770 2524 cancellarie
792 2492 1078 2525 incumbentium
1108 2505 1218 2525 onera
1251 2492 1529 2525 convenientius
1562 2498 1667 2536 atque
1699 2492 1926 2525 reverentius
1952 2493 2131 2537 (quemad-

270 2559 416 2592 modum
441 2565 543 2592 antea
570 2571 685 2604 usque
711 2559 755 2591 ad
784 2566 944 2604 tempora
968 2560 1134 2592 moderni
1162 2559 1325 2604 ejusdem
1353 2559 1507 2592 ecclesie
1537 2558 1755 2599 cancellarii,
1785 2559 1821 2591 in
1848 2559 2031 2604 theologia
2058 2573 2129 2593 non

270 2626 447 2671 graduati,
470 2626 537 2658 suit
553 2625 795 2669 observatum)
818 2638 882 2671 per
899 2639 1008 2659 unum
1030 2627 1065 2658 in
1088 2626 1284 2671 theologia,
1304 2638 1408 2670 quam
1426 2626 1462 2658 in
1483 2625 1550 2658 alia
1571 2625 1738 2658 facultate
1755 2626 1984 2670 graduatum,
2002 2626 2131 2660 fierent

270 2700 304 2726 et
325 2699 603 2738 exequerentur.
626 2694 744 2736 Quare
767 2705 831 2738 pro
850 2700 949 2738 parte
972 2693 1170 2726 eorundem
1193 2693 1382 2725 doctorum
1405 2699 1439 2725 et
1454 2693 1709 2737 magistrorum
1733 2692 1839 2725 nobis
1860 2693 1926 2726 suit
1946 2693 2131 2727 humiliter

270 2760 524 2805 supplicatum,
552 2767 590 2793 ut
611 2772 722 2805 super
743 2760 810 2793 hoc
832 2767 1011 2805 oportune
1033 2760 1225 2805 providere
1248 2760 1291 2792 de
1313 2759 1536 2804 benignitate
1563 2759 1761 2804 apostolica
1783 2760 2030 2804 dignaremur.
2057 2763 2130 2794 Nos

270 2828 393 2872 igitur,
424 2827 485 2872 qui
514 2827 678 2871 ejusdem
705 2827 958 2860 Universitatis
988 2834 1152 2872 tanquam
1180 2826 1328 2859 lucerne
1350 2827 1385 2858 in
1408 2826 1514 2858 (101110
1537 2826 1681 2858 Domini
1708 2826 1881 2871 fulgentis
1907 2827 2075 2860 decorem
2098 2835 2133 2861 et

270 2901 401 2927 statum
424 2906 639 2939 prosperum
668 2894 935 2939 salutaremque
960 2894 1197 2927 directionem
1225 2894 1403 2938 cupimus,
1431 2893 1475 2925 de
1502 2893 1691 2938 premissis
1713 2900 1844 2926 certam
1869 2895 2029 2927 notitiam
2059 2908 2131 2928 non
