2502 3418
415 317 454 348 18
984 324 1301 347 CHARTULARIUM
1335 323 1525 345 UNIVERS.
1563 322 1691 344 rimis,
2173 307 2273 344 [1396

500 402 626 428 Johanni
642 401 751 430 Hervei.
769 402 861 435 presb.
878 400 1088 427 Constantiens.
1105 400 1190 429 dioc..
1208 400 1268 425 bac.
1284 399 1314 424 in
1329 399 1404 425 decr.

501 451 657 477 Guillelmo
672 451 827 483 Bourdays,
845 450 938 483 presb.
954 449 1078 482 Sagiens.
1096 449 1181 477 dioc..
1198 449 1259 474 bac.
1277 448 1306 473 in
1321 448 1397 473 decr.

501 500 642 533 Pasquero
658 499 852 528 Bonnandini,
870 499 962 532 presb.
981 498 1155 523 Mallcaccns.
1173 497 1257 526 dioc.,
1275 497 1334 522 bac.
1350 497 1380 521 in
1396 496 1470 521 decr.

500 549 623 575 Roberto
638 549 673 574 de
689 548 821 581 Slampis,
836 547 929 581 presb.
946 547 1090 580 Bajocens.
1106 546 1192 575 dioc..
1207 546 1252 571 lic.
1269 546 1298 571 in
1314 543 1397 578 leg.³.
2075 541 2127 577 [51]

501 650 588 682 Item
617 649 713 694 quod
745 649 775 682 si
802 654 1019 681 concurrant
1048 646 1084 679 in
1114 647 1192 679 data
1221 658 1299 678 cum
1330 644 1512 689 aliquibus
1540 644 1620 677 aliis
1646 643 1809 688 ejusdem
1840 644 1989 689 gradus,
2014 643 2111 688 quod
2137 643 2268 676 ceteris

413 715 560 760 paribus
587 716 647 748 isti
675 716 914 760 preferantur,
938 721 973 746 et
998 713 1095 758 quod
1120 713 1156 745 in
1185 711 1435 744 concurrentia
1458 710 1683 744 bachalarius
1711 710 1840 756 legens
1870 711 2072 755 preferatur
2094 710 2268 755 magistro

413 782 515 814 etiam
538 782 674 827 legenti
681 807 746 814 .....

501 850 577 881 Dat.
599 848 778 881 Avinione
809 859 873 892 pro
900 846 1080 879 contentis
1110 845 1146 877 in
1173 845 1242 877 isto
1271 844 1390 877 rotulo
1416 856 1479 889 pro
1508 844 1708 877 licenciatis
1737 844 1773 876 in
1794 845 1877 889 jure
1907 844 2172 886 tertiodecimo,
2202 856 2267 890 pro

412 915 600 947 baculariis
622 914 837 947 duodecimo
855 913 923 946 kal.
942 912 1157 946 Novembris
1178 923 1271 944 anno
1293 911 1422 956 primo,
1439 911 1482 943 ad
1498 917 1663 944 vacatura
1679 917 1761 956 post
1778 911 1846 944 kal.
1864 911 1962 944 Junii
1978 923 2072 944 anno
2090 911 2264 945 secundo.

503 1014 565 1044 Reg.
581 1012 675 1043 Suppl.
693 1012 787 1035 Bened.
806 1012 873 1041 XIII,
895 1015 923 1033 11Ο
937 1012 975 1039 85,
993 1011 1036 1033 sol.
1054 1010 1117 1033 loob.
1130 1023 1160 1027 ——
1182 1010 1246 1032 Cum
1262 1009 1382 1040 Registra
1399 1009 1488 1033 facult.
1504 1009 1573 1031 decr.
1588 1008 1671 1032 Puris.
1687 1009 1772 1031 solum
1785 1017 1843 1031 cum
1860 1017 1902 1032 an.
1918 1009 1979 1032 1415
1994 1017 2039 1032 seu
2055 1009 2116 1032 1416
2129 1009 2268 1041 incipiant,

408 1058 449 1081 hic
463 1058 563 1080 rotulus
580 1057 667 1080 licent.
689 1052 714 1079 ct.
733 1056 862 1079 haccalnr.
877 1055 999 1078 momenti
1015 1063 1065 1077 non
1082 1057 1161 1077 caret.
1175 1054 1221 1077 An.
1239 1054 1298 1076 1395
1314 1054 1346 1076 ad
1363 1054 1457 1076 Bened.
1472 1054 1529 1076 XIII
1546 1053 1642 1076 missus
1658 1056 1707 1082 est,
1720 1053 1938 1085 Universitasque
1953 1053 2080 1085 impedire
2095 1054 2187 1083 voluit,
2203 1054 2265 1086 quin

408 1103 440 1125 ad
455 1110 552 1133 papam
567 1101 724 1132 perveniret.
740 1100 797 1123 Vid.
811 1102 939 1129 Auctar.,
957 1100 976 1124 1.
992 1108 1018 1130 p.
1035 1099 1087 1126 715,
1105 1099 1134 1121 lio
1150 1107 1218 1129 sqq„
1234 1101 1259 1121 et
1273 1107 1300 1129 p.
1317 1106 1399 1121 Lxxni
1413 1101 1438 1120 et
1453 1101 1506 1121 not.
1520 1099 1542 1122 7.

500 1199 524 1223 1.
543 1198 706 1222 Universitns
722 1197 806 1221 Puris.
822 1197 928 1220 minime
943 1197 1058 1219 rotulum
1073 1196 1106 1219 ud
1124 1188 1292 1219 Ben'edictum
1311 1196 1367 1218 XIII
1385 1195 1457 1218 misit
1476 1195 1539 1225 (vid.
1555 1197 1685 1225 Auctar.‚
1700 1196 1719 1225 I,
1734 1204 1759 1227 p.
1774 1196 1828 1225 715,
1840 1199 1893 1219 not.
1907 1197 1930 1225 3,
1944 1199 1969 1219 et
1982 1205 2010 1227 p.
2025 1197 2091 1227 993),
2105 1205 2164 1220 cum
2177 1200 2264 1220 tamen

409 1253 431 1268 v.
445 1253 470 1275 g.
483 1243 645 1267 Universitas
659 1242 838 1266 Aurelianens.
851 1250 893 1265 un.
906 1242 974 1270 1394,
988 1241 1113 1264 Novemb.
1129 1243 1152 1269 5,
1166 1240 1280 1263 rotulum
1292 1241 1324 1263 nd
1340 1240 1507 1263 Benedictum
1524 1240 1677 1263 mittendum
1693 1241 1861 1270 concluserit,
1874 1244 1899 1264 et
1914 1249 1981 1264 anno
1994 1241 2122 1273 sequenti,
2135 1241 2211 1265 Febr.
2225 1242 2263 1272 16,

407 1288 494 1319 sigillo
511 1287 651 1310 muniverit
666 1288 826 1316 (Fon-nmen,
839 1286 949 1310 Statuts
964 1290 989 1309 et
1003 1285 1159 1316 privilbyes,
1174 1288 1231 1312 etc..
1248 1287 1267 1307 t.
1284 1285 1328 1313 111,
1345 1294 1370 1315 p.
1386 1286 1451 1313 1193).
1471 1298 1498 1302 -
1514 1284 1537 1309 2.
1555 1285 1602 1308 Ms.
1619 1293 1624 1308 z
1644 1293 1655 1308 «
1671 1285 1789 1308 Donchin
1805 1293 1827 1309 1).
1851 1286 1923 1309 Infra
1938 1290 1967 1308 11ο
1982 1286 2043 1309 1790
2057 1294 2062 1309 :
2085 1294 2096 1309 ‹
2113 1286 2222 1310 Doucini
2241 1294 2264 1310 1).

406 1347 435 1350 -
450 1333 475 1357 3.
492 1333 584 1355 Postea
601 1332 729 1355 formulae
743 1331 833 1362 plures
849 1333 1003 1362 sequuntur.

409 1481 547 1518 1734.
570 1499 585 1516 01<
601 1489 720 1515 Botulus
736 1488 913 1524 quorundam
928 1487 1063 1513 nobilium
1079 1487 1289 1513 licentiatorum
1301 1490 1327 1513 el
1344 1486 1556 1513 baculariorum
1571 1487 1662 1514 studii
1675 1488 1860 1515 Parisiensis.
1880 1498 1895 1514 »

1331 1575 1403 1604 1394,
1421 1575 1506 1601 Octob.
1522 1576 1647 1605 27-1396,
1661 1579 1724 1608 post
1737 1577 1793 1602 dun.
1811 1577 1829 1606 7.
1847 1577 1976 1603 Arensone.

491 1664 703 1697 Beatissime
725 1670 824 1708 pater
845 1669 879 1695 et
899 1662 1126 1695 sanctissime
1144 1662 1302 1703 domine,
1322 1663 1355 1695 S.
1371 1664 1414 1696 V.
1433 1662 1642 1696 beatissime
1660 1663 1865 1709 supplicant
1879 1664 2066 1698 humiliter
2081 1672 2117 1699 et
2131 1665 2260 1699 devote

401 1732 557 1765 humiles
578 1731 643 1764 filii
671 1731 783 1764 vestri
813 1729 1046 1774 infrascripti,
1070 1741 1222 1774 quorum
1245 1729 1356 1774 aliqui
1378 1730 1538 1771 nobiles,
1561 1730 1621 1763 alii
1642 1731 1833 1773 licentiati,
1856 1732 1916 1765 alii
1938 1732 2106 1766 bacalarii
2132 1740 2168 1766 et
2186 1746 2259 1767 ma-

401 1800 506 1844 gistri
527 1799 564 1831 in
584 1797 721 1831 artibus
742 1797 911 1838 existunt,
931 1803 962 1829 et
980 1796 1140 1829 Parisius
1152 1796 1365 1841 jamdudum
1383 1809 1447 1842 per
1463 1810 1590 1843 magna
1608 1805 1811 1844 temporum
1828 1800 2008 1833 curricula
2025 1801 2257 1842 studuerunt,

400 1866 484 1898 licet
503 1865 609 1898 modo
631 1876 703 1897 non
725 1864 904 1903 studeant,
922 1870 956 1896 et
974 1875 991 1895 a
1014 1863 1153 1909 prefata·
1169 1864 1203 1896 S.
1222 1865 1264 1897 V.
1284 1863 1416 1896 nullam
1438 1865 1587 1909 gratiam
1610 1865 1726 1899 adhuc
1747 1873 1990 1911 reportarunt⁷
2006 1874 2184 1912 quatenus
2204 1868 2258 1902 eis

400 1934 540 1978 gracias
561 1931 738 1976 speciales
759 1931 876 1963 facere
898 1930 1098 1975 dignemini
1120 1930 1401 1975 subsequentes.
1433 1957 1437 1960 .

485 2031 519 2056 Et
533 2023 628 2063 primo
641 2030 743 2055 devoto
757 2030 849 2055 vestro
864 2029 1021 2054 Guillelmo
1036 2028 1071 2053 de
1086 2027 1183 2058 Eule¹,
1200 2036 1263 2054 000.
1279 2029 1446 2060 Morinens.,
1461 2038 1539 2064 mag.
1556 2031 1586 2057 in
1602 2033 1668 2061 art.,
1683 2032 1718 2058 de
1734 2032 1824 2058 nobili
1839 2041 1944 2066 genere
1958 2036 2118 2067 procreato.
2132 2035 2184 2068 qui
2203 2036 2258 2062 Pa-

397 2080 480 2106 risius
494 2088 544 2113 per
559 2087 664 2112 inagna
680 2081 811 2112 tempora
827 2078 948 2107 studuit,
963 2078 998 2103 de
1013 2085 1076 2103 can.
1091 2078 1158 2103 eccl.
1175 2077 1201 2103 S.
1216 2078 1388 2104 Guidomari
1403 2079 1439 2105 de
1455 2079 1480 2105 S.
1497 2080 1688 2111 Guidomaro,
1703 2082 1756 2107 vel.
1774 2082 1800 2108 S.
1819 2082 1893 2108 Petri
1909 2083 2018 2109 Ariens.
2031 2084 2075 2110 vel
2090 2084 2256 2115 Casletens..

397 2129 550 2155 Morinens.
568 2128 640 2154 dioc.

483 2178 555 2203 Item
571 2176 661 2202 nobili
675 2177 838 2209 Ingeranno
853 2175 888 2201 dc
903 2175 984 2204 Eule,
1001 2175 1121 2208 predicti
1136 2175 1285 2201 Guillelmi
1301 2184 1451 2208 germano,
1466 2185 1543 2211 mag.
1559 2178 1590 2204 in
1606 2179 1726 2205 artibus.

486 2226 579 2251 Brixio
594 2226 682 2254 Dane,
699 2233 776 2258 mag.
793 2225 824 2250 in
839 2224 958 2253 artibus,
979 2224 1014 2250 de
1029 2224 1120 2250 nobili
1139 2232 1243 2257 genere
1264 2227 1424 2258 procreato,
1441 2226 1476 2252 de
1491 2227 1664 2253 canonicatu
1679 2228 1746 2255 eccl.
1771 2228 1798 2255 S.
1816 2229 1891 2255 Petri
1907 2229 2071 2259 Casletens.,
2088 2230 2131 2257 vel
2146 2230 2255 2257 Ariens.

396 2277 447 2301 aut
461 2275 626 2303 Morinens..
642 2274 684 2300 vel
700 2274 726 2299 S.
742 2273 892 2299 Salvatoris
907 2273 1127 2302 llarlebettens.‚
1142 2274 1185 2299 vel
1201 2273 1227 2299 S.
1242 2273 1387 2307 Valburge
1402 2275 1543 2301 Furnens.

483 2324 587 2349 Jacobo
603 2323 780 2355 Ponninage,
797 2322 899 2348 rectori
914 2322 1101 2355 parrochialis
1115 2322 1182 2348 eccl.
1199 2322 1225 2348 S.
1241 2323 1316 2348 Petri
1328 2323 1498 2350 Tornacens.

483 2373 605 2398 Mai-tino
621 2371 758 2400 Memard,
775 2371 867 2404 presb.
886 2371 1038 2396 Morinens.

482 2421 608 2447 Johanni
623 2421 731 2454 Capsel,
746 2420 891 2445 Dominici
906 2420 1005 2452 Capsel
1021 2421 1099 2449 nato,
1114 2420 1180 2446 cler.
1195 2419 1348 2446 Morinens.
1363 2421 1437 2448 dioc.

482 2471 564 2495 Petro
579 2470 687 2503 CapseL
704 2469 835 2502 proxime
848 2469 988 2494 Johannis
1003 2469 1099 2502 scripti
1115 2476 1265 2502 germano,
1282 2469 1348 2496 cler.
1366 2471 1519 2498 Morinens.
1537 2473 1610 2499 dioc.

482 2519 637 2544 Guillelmo
649 2518 764 2547 Trenin,
781 2518 874 2551 presb.
889 2518 964 2543 dicte
978 2518 1051 2543 dioc.

480 2569 552 2600 Mag.
568 2567 693 2593 Johanni
708 2566 895 2600 Carpentarii,
912 2574 974 2592 can.
993 2566 1158 2596 Morinens.,
1176 2567 1237 2593 bae.
1254 2566 1284 2593 in
1297 2567 1373 2594 decr.

482 2616 604 2642 Olivcrio
620 2616 754 2645 Gruzien,
771 2616 864 2648 presb.
882 2616 1054 2641 Nannctens.
1072 2615 1145 2641 dioc.

480 2665 606 2690 Johanni
621 2664 751 2697 Chignie.
764 2664 857 2697 presb.
870 2664 1004 2689 Ambian.
1017 2664 1102 2693 dioc„
1116 2664 1160 2689 lic.
1175 2664 1296 2691 Parisius
1310 2665 1341 2690 in
1353 2665 1420 2699 jure
1435 2674 1497 2693 000.
1511 2675 1579 2694 cum
1595 2669 1688 2702 rigore
1700 2671 1840 2697 examinis
1850 2673 1879 2697 et
1891 2672 1957 2698 scol.
1973 2672 2004 2697 in
2017 2671 2105 2698 theol.
2121 2672 2252 2699 Parisius.

480 2713 606 2739 Johanni
622 2713 824 2745 Bouquenoys,
840 2713 906 2738 cler.
923 2712 1104 2738 Noviomens.

480 2761 574 2787 Brixio
589 2761 615 2787 le
629 2762 727 2790 Zenre,
744 2762 810 2786 cler.
827 2761 980 2787 Morinens.
998 2762 1070 2787 dioc.

477 2810 603 2836 Johanni
618 2810 643 2835 le
655 2809 770 2839 Cornet‚
785 2810 877 2842 presb.
895 2810 1066 2835 Nannetens.
1081 2810 1154 2836 dioc.

476 2860 559 2886 Petro
571 2858 688 2887 Tcrrati.
705 2858 797 2890 presb.
816 2858 984 2884 Bituricens.
1002 2859 1075 2884 dioc.

512 2908 534 2929 3.
