2502 3418
409 338 474 370 246
787 356 789 358 -
981 345 1303 367 CHARTULARIUM
1339 344 1531 367 UNIVERS.
1569 343 1699 365 Panis.
2180 329 2280 367 [1412

411 421 513 454 etiam
538 420 755 453 reducentes
778 431 929 464 magnos
957 419 1102 452 labores
1129 425 1164 451 et
1188 418 1331 451 fidelem
1355 417 1705 450 administrationem
1728 416 2011 449 reverendorum
2033 421 2171 460 patrum
2200 427 2281 460 pre-

411 487 644 520 decessorum
671 493 874 519 vestrorum
903 486 940 518 in
961 486 1172 531 episcopatu
1196 484 1459 518 Silvanectensi
1488 484 1524 516 in
1552 483 1644 528 ipsis
1675 482 1891 527 privilegiis,
1919 482 1956 514 in
1981 481 2112 514 melius
2137 493 2281 526 semper

410 554 658 599 promovendo
682 555 764 597 jura
786 560 922 594 nostra,
947 552 1166 585 unanimiter
1187 564 1226 584 ac
1253 551 1485 584 concorditer
1514 550 1550 582 in
1582 549 1732 582 eandem
1764 549 1999 582 reverendam
2031 548 2279 593 paternitatem

410 621 621 661 direximus,
641 620 790 653 eandem
813 620 849 652 in
866 626 1160 652 conservatorem
1179 618 1398 663 prefatorum
1422 616 1695 662 privilegiorum
1719 615 1912 661 eligentes.
1930 615 2109 658 Quocirca
2130 615 2280 648 eandem

410 688 659 732 paternitatem
683 687 837 719 sinceris
859 686 1047 719 affectibus
1069 685 1319 730 deprecamur,
1349 683 1519 728 quatinus
1541 694 1634 715 onus
1661 683 1797 727 prefate
1822 682 2093 715 conservatorie
2122 681 2281 727 benigne

410 761 596 799 acceptare
627 760 659 786 et
691 754 879 798 suscipere
908 751 1143 797 dignemini¹.
1178 750 1424 783 Reverendam
1457 749 1707 794 paternitatem
1733 756 1887 782 vestram
1916 748 2071 782 feliciter
2091 755 2282 782 conservet

410 820 634 854 Altissimns.

502 919 616 943 Minuta
642 917 758 940 chartac.
783 917 809 939 in
832 916 908 939 Areh.
926 919 979 939 nat.
996 915 1091 945 Paris.,
1109 916 1132 938 M
1149 916 1202 944 65·,
1226 919 1254 938 n⁰
1274 915 1319 938 132
1336 915 1409 944 (olim
1434 916 1462 939 Α.
1482 915 1521 938 33.
1542 914 1591 943 111).
1611 927 1642 931 -
1658 913 1805 945 Opinamur
1827 914 1969 945 epistolam
1993 913 2122 945 scriptam
2144 921 2202 936 esse
2223 917 2285 945 pout

410 966 519 986 mortem
536 963 604 985 Petri
619 963 649 985 de
666 961 786 992 Savoisy,
801 961 919 992 episcopi
935 960 1115 983 Bellovacens.
1136 961 1216 990 (1412,
1236 961 1303 991 Aug.
1324 960 1372 989 13),
1392 959 1653 990 Universitatemque
1672 961 1735 981 tunc
1751 958 1863 981 officium
1880 958 2076 982 conservatoris
2092 959 2169 982 Petro
2182 958 2284 986 Plaoul,

409 1007 533 1038 episcopo
547 1006 748 1034 Silvanectensi,
763 1005 807 1037 qui
823 1006 902 1035 longo
918 1008 1036 1036 tempore
1053 1004 1079 1027 in
1098 1004 1279 1028 Universitate
1299 1004 1398 1031 docuit,
1416 1003 1556 1027 obtulisse.
1572 1002 1750 1026 Nihilominus
1770 1004 1890 1030 fatemur,
1908 1011 1950 1026 un.
1967 1003 2027 1026 1420
2044 1003 2148 1026 Petrum
2164 1003 2196 1026 de
2210 1002 2287 1026 Chia-

410 1060 463 1083 sey,
480 1052 634 1083 episcopum
654 1051 854 1077 Silvanectens..
874 1053 1086 1073 conservatorem
1108 1049 1189 1073 fuisse
1206 1049 1268 1078 (vid.
1286 1053 1315 1072 n⁰
1333 1049 1420 1078 215⁹);
1437 1048 1545 1071 minime
1564 1051 1662 1076 tamen,
1685 1051 1813 1079 quantum
1833 1047 1940 1075 scimus.
1959 1056 1970 1070 (ι
1986 1048 2066 1079 longo
2081 1051 2199 1079 tempore
2213 1047 2284 1071 litt&

410 1105 498 1119 rarum
516 1095 669 1126 aquisitioni
683 1103 693 1117 »
711 1094 820 1118 Parisiis
837 1094 950 1118 vacavit.

503 1179 526 1204 1.
542 1180 693 1210 Sequuntur
714 1179 781 1202 duae
796 1179 880 1202 lineae
902 1179 1071 1207 cancellatae,
1088 1178 1114 1201 in
1137 1178 1233 1210 quibus
1255 1178 1460 1209 significabatur
1477 1186 1487 1200 (ι
1502 1177 1680 1208 personaliter
1740 1180 1786 1200 aut
1808 1177 1901 1200 saltem
1921 1185 2050 1208 personas
2068 1177 2175 1200 idoneas
2197 1177 2284 1201 vice·-

409 1227 529 1256 gerentes
544 1224 641 1255 eligere
655 1232 704 1255 que
719 1224 831 1246 officium
848 1224 996 1255 predictum
1013 1223 1119 1246 valeant
1133 1231 1254 1246 exercere
1271 1231 1292 1246 n.

415 1391 554 1428 1959.
578 1400 625 1425 Lis
649 1403 725 1425 mota
749 1403 792 1425 est
814 1400 841 1425 in
866 1399 947 1424 cur-ia
967 1398 1145 1435 parlamenti
1168 1399 1242 1424 inter
1262 1398 1422 1424 Amadeum
1445 1397 1625 1424 cardinalem
1651 1397 1687 1424 de
1709 1397 1832 1423 Salutiis
1854 1401 1881 1423 et
1904 1398 2043 1423 Simonem
2068 1397 2103 1423 de
2128 1396 2281 1432 Cramaud,

499 1449 745 1484 archiepiscopum
761 1449 934 1476 Remensem,
953 1457 1033 1483 quem
1056 1448 1231 1474 Universitas
1245 1447 1381 1483 protegit.
1403 1447 1489 1474 Card.
1506 1447 1542 1473 de
1561 1446 1684 1472 Salutiis
1701 1446 1847 1483 impedivit
1862 1446 2110 1483 archiepiscopum
2125 1447 2153 1472 in
2168 1454 2284 1481 posses-

499 1498 578 1524 sione
595 1497 781 1531 quorumdam
799 1497 1010 1532 beneficiorum,
1029 1501 1056 1522 et
1069 1497 1197 1532 quamvis
1212 1497 1326 1522 litteras
1345 1496 1525 1532 apostolicas
1544 1496 1710 1530 obtinuerit,
1733 1499 1829 1522 tamen
1846 1495 1920 1522 nihil
1933 1495 2057 1531 profecit
2073 1495 2142 1531 quia
2158 1497 2187 1521 in
2203 1495 2285 1521 curia

500 1548 578 1572 Rom.
597 1547 703 1572 dicitur
719 1557 727 1572 .·
743 1547 850 1573 Contra
867 1547 1044 1573 cardinalem
1059 1554 1119 1572 non
1136 1547 1201 1573 licet
1214 1546 1354 1572 cardinali
1367 1546 1520 1572 contraire.

1587 1608 1659 1637 7472,
1674 1608 1804 1640 Septemb.
1826 1607 1863 1637 15.
1879 1608 1995 1634 Parisiis.

502 1645 579 1668 Areli.
597 1648 650 1668 nat.
667 1645 762 1674 Paris„
778 1645 829 1673 ΧΦ,
846 1645 916 1671 4789.
932 1644 977 1667 fol.
994 1645 1048 1666 340.

415 1785 554 1822 1960.
578 1796 680 1820 Petras
696 1794 746 1820 des
763 1796 878 1828 Essars,
891 1795 1078 1831 praepositus
1094 1795 1200 1825 Paris„
1216 1794 1373 1820 Iohannem
1387 1794 1422 1820 do
1436 1795 1582 1828 Fontanis,
1599 1803 1673 1829 mag.
1690 1795 1805 1825 artium,
1823 1794 1996 1831 protectioni
2011 1793 2097 1828 regis,
2111 1793 2212 1819 virtute
2221 1793 2285 1829 pri-

499 1844 661 1878 vilegiorum
687 1844 896 1878 Universitatis,
916 1849 1052 1879 quantum
1070 1844 1109 1869 ad
1126 1845 1186 1879 ejus
1197 1853 1361 1879 personam,
1381 1844 1466 1875 bona,
1482 1844 1649 1878 familiares
1664 1844 1825 1878 substituit,
1844 1844 1886 1869 ita
1903 1847 1934 1869 ut
1951 1843 2025 1868 liber
2043 1843 2082 1868 sit
2101 1842 2139 1868 ab
2155 1842 2285 1868 omnibus

499 1893 652 1928 Impositis.

1596 1929 1664 1959 1472.
1681 1929 1810 1961 Septemb.
1824 1929 1864 1958 21,
1881 1928 1996 1955 Parisiis.

502 2017 625 2049 Pierre
648 2017 712 2049 des
734 2018 876 2058 Essars,
895 2016 1068 2050 chivalier
1086 2017 1285 2062 seingneur
1302 2017 1346 2050 de
1362 2017 1557 2053 Vv'illerval
1580 2024 1611 2050 et
1635 2017 1679 2050 de
1700 2017 1733 2050 la
1753 2018 1865 2050 Motte
1888 2016 1932 2049 de
1949 2016 2056 2062 Tilly,
2075 2015 2286 2049 conseillier

411 2083 651 2116 chalnbellain
676 2084 722 2116 du
745 2096 808 2129 ro)v
830 2091 952 2117 nostre
974 2084 1046 2117 sire
1074 2091 1105 2116 et
1137 2084 1249 2129 garde
1278 2084 1322 2117 de
1349 2084 1381 2117 la
1403 2087 1571 2129 prex-oste
1596 2084 1640 2116 de
1662 2084 1776 2125 Paris,
1793 2083 2057 2124 commissaire,
2079 2083 2231 2129 gardien
2251 2089 2286 2116 et

411 2157 671 2183 eonservateur
701 2150 863 2196 general,
891 2151 1011 2183 donne
1044 2158 1079 2183 et
1105 2151 1238 2196 depute
1267 2151 1311 2184 de
1340 2163 1403 2196 par
1430 2151 1463 2184 le
1492 2163 1557 2196 roy
1587 2157 1711 2184 nostre
1740 2151 1792 2184 dit
1821 2151 1996 2196 seigneur
2023 2162 2091 2183 aux
2117 2150 2285 2183 maistres

412 2229 546 2262 regens
564 2224 599 2250 et
619 2217 795 2250 escoliers
812 2217 1000 2251 estudians
1022 2230 1066 2250 en
1087 2217 1321 2251 l'Universite
1346 2218 1389 2250 de
1411 2218 1523 2259 Paris,
1542 2230 1585 2250 au
1607 2218 1765 2262 premier
1785 2224 1935 2262 sergent
1956 2217 2055 2262 royal
2076 2217 2137 2262 qui
2161 2228 2224 2250 sur
2244 2228 2285 2250 ce

415 2296 494 2317 scra
518 2284 654 2329 requis,
674 2284 778 2317 salut.
806 2285 906 2317 Nous
933 2287 950 2317 a
972 2284 1004 2317 la
1031 2291 1200 2329 requeste
1224 2284 1268 2316 de
1289 2284 1484 2317 venerable
1506 2291 1540 2317 et
1560 2284 1717 2317 discrete
1738 2296 1921 2329 personne
1943 2284 2090 2317 maistre
2105 2283 2219 2317 Jehan
2240 2283 2284 2317 de

414 2352 608 2384 Fontaines
637 2352 784 2384 maistre
813 2363 858 2384 en
886 2363 943 2384 ars
972 2358 1005 2384 et
1033 2354 1118 2384 cure
1147 2351 1190 2384 de
1221 2351 1362 2396 l‘eglise
1390 2351 1593 2396 parrochial
1621 2351 1665 2384 de
1701 2351 1800 2384 Saint
1829 2351 1960 2384 Plaisir
1984 2363 2030 2384 ou
2058 2351 2214 2396 dyocese
2240 2350 2285 2384 de

413 2419 593 2464 Bourges,
612 2418 794 2451 estudiant
815 2420 833 2451 a
854 2418 953 2451 Paris
976 2430 1020 2450 en
1041 2418 1171 2451 ladicte
1188 2418 1396 2451 Universite
1423 2430 1467 2450 en
1488 2417 1520 2450 la
1547 2418 1677 2451 faculte
1704 2418 1748 2451 de
1764 2418 1907 2459 ,decret,
1932 2418 2036 2451 selon
2057 2430 2097 2451 ce
2119 2429 2189 2463 que
2213 2423 2285 2451 tes-

413 2486 559 2530 moigne
582 2497 675 2518 nous
697 2497 714 2517 a
736 2489 812 2518 este
834 2496 896 2530 par
917 2484 1043 2518 lettres
1065 2491 1229 2530 patentes
1251 2484 1405 2518 scellees
1429 2485 1475 2518 du
1503 2485 1578 2517 seel
1600 2485 1643 2517 de
1669 2484 1700 2517 la
1722 2485 1877 2518 rectorie
1899 2484 2041 2517 d'icelle
2062 2484 2283 2525 Universite,

415 2552 578 2584 donnees
603 2564 646 2584 en
669 2552 749 2584 date
775 2551 808 2584 le
834 2552 911 2596 xiije
931 2552 1017 2596 jour
1044 2551 1087 2584 de
1114 2564 1153 2584 ce
1175 2558 1324 2596 present
1345 2563 1446 2597 moys
1469 2552 1512 2584 de
1535 2551 1761 2596 Septembre,
1784 2558 1901 2585 estant
1921 2554 1939 2584 a
1961 2556 2069 2584 cau'se
2093 2551 2137 2584 de
2160 2563 2201 2584 ce
2222 2562 2285 2596 par

414 2618 467 2650 les
491 2618 686 2663 privileges
717 2618 864 2663 royaulx
892 2618 1033 2651 donnes
1061 2625 1095 2651 et
1120 2618 1278 2651 octroiez
1299 2621 1317 2651 a
1339 2618 1470 2651 ladicte
1496 2618 1702 2651 Universite
1726 2625 1760 2651 et
1783 2630 1851 2651 aux
1876 2630 2014 2663 suppoz
2039 2617 2181 2650 d'icelle
2211 2629 2285 2650 em-

414 2685 565 2726 semble,
589 2697 648 2717 ses
675 2697 766 2730 gens
787 2685 975 2726 familiers,
994 2696 1124 2730 parens
1147 2691 1182 2718 et
1201 2685 1306 2718 biens
1328 2685 1597 2730 quelzconques
1615 2697 1659 2717 en
1680 2685 1712 2717 la
1734 2685 1950 2730 protection,
1968 2696 2077 2718 sauve
2094 2691 2130 2717 et
2149 2683 2284 2729 special

415 2751 525 2795 garde
543 2751 589 2784 du
608 2764 671 2796 roy
687 2759 810 2784 nostre
828 2752 879 2785 dit
901 2752 1088 2797 seigneur,
1107 2752 1137 2784 si
1154 2752 1399 2784 notoirement
1415 2763 1484 2796 que
1502 2763 1618 2784 aucun
1636 2751 1748 2784 soubz
1766 2751 2023 2784 dissimilation
2042 2762 2115 2783 non
2135 2757 2222 2796 puet
2237 2762 2282 2784 ou

414 2818 489 2850 doit
513 2818 705 2862 pretendi-c
722 2820 820 2863 juste
841 2830 949 2851 cause
967 2819 1214 2863 d'ignorance,
1231 2831 1323 2852 vous
1345 2818 1522 2851 mandons
1540 2825 1574 2851 et
1595 2831 1657 2863 par
1673 2825 1776 2852 vertu
1798 2818 1845 2851 du
1867 2818 1994 2863 povoir
2010 2820 2028 2850 a
2048 2829 2141 2850 nous
2163 2817 2284 2850 donne

415 2891 447 2916 et
465 2885 615 2917 commis
633 2897 676 2916 en
694 2892 791 2917 ceste
809 2885 922 2929 partie
939 2892 1180 2918 commettons
1197 2898 1266 2931 que
1283 2897 1374 2918 vous
1391 2886 1452 2930 qui
1469 2885 1593 2930 requis
1611 2897 1655 2918 en
1673 2889 1774 2918 seres
1792 2884 2011 2918 d’abundant
2027 2895 2091 2930 par
2106 2884 2138 2917 la
2155 2891 2284 2918 teneur
