2502 3418
238 336 334 372 1430]
584 349 629 369 ΑΒ
665 349 769 369 ANNO
804 347 1091 369 MCCCLxxxxn'
1121 348 1252 375 USQUE
1289 349 1336 369 AD
1370 349 1507 369 :xix-Num
1543 349 1746 370 mccccmr
2030 341 2092 372 503

238 422 375 455 dixerat
394 434 400 455 :
425 437 440 453 «
465 423 499 455 Si
523 423 589 454 sim
608 421 939 454 excommunicatus
956 433 972 453 a
985 421 1121 464 judice,
1141 433 1212 453 non
1231 434 1309 453 sum
1328 422 1657 454 excommunicatus
1677 435 1693 454 a
1713 424 1800 462 Deo,
1819 430 1851 455 et
1869 424 1898 455 si
1918 430 2090 467 tamquam

237 489 567 521 excommunicatus
588 489 716 521 fuerim
739 487 946 520 inhumatus
968 487 1004 519 in
1026 488 1174 531 campis,
1197 488 1313 520 anima
1336 500 1412 520 mea
1435 495 1582 532 propter
1602 488 1669 520 hoc
1691 490 1794 533 pejus
1816 502 1887 521 non
1909 490 2037 522 valebit
2062 504 2091 530 >›,

236 562 270 588 et
290 556 445 588 dicendo
467 556 563 600 quod
586 567 644 588 res
666 567 736 588 non
758 561 831 587 erat
859 561 953 587 tanta
980 554 1076 598 quod
1105 554 1255 587 deberet
1281 555 1450 595 detineri,
1474 555 1557 587 dum
1587 555 1917 599 reprehenderetur
1944 556 1986 587 de
2014 556 2092 595 hoc,

236 622 391 655 dicendo
413 629 448 655 et
468 622 683 655 sustinendo
706 622 795 654 dixit
817 633 823 653 :
843 621 939 665 quod
961 621 1098 653 domini
1121 621 1358 654 ecclesiastici
1375 622 1535 654 fecerant
1550 621 1697 662 clavam,
1716 622 1831 665 galice
1849 622 2031 655 macliue³.
2051 623 2093 654 de

236 689 383 721 domino
404 689 635 733 inquisitore,
658 688 742 720 dum
765 687 906 732 positus
927 688 1043 719 suerat
1064 688 1142 732 ipse
1164 688 1360 721 advocatus
1382 688 1418 720 in
1441 688 1587 721 materia
1608 688 1705 725 fidei,
1729 688 1786 720 cui
1808 688 1954 720 domino
1977 689 2094 733 inqui-

236 756 339 788 sitori
361 756 479 800 ipsum
501 755 710 788 advocatum
737 760 994 787 accusaverant
1019 754 1094 787 sive
1122 755 1356 787 tradiderant.
1380 756 1423 788 Et
1447 767 1588 788 manum
1617 755 1770 787 levando
1797 767 1835 787 ac
1866 755 2094 799 respiciendo

236 822 438 867 ymaginem
461 821 621 854 crucifixi
643 821 831 864 subjunxit
851 821 918 853 ista
939 821 1047 854 verba
1067 833 1074 853 ι
1095 836 1110 852 α
1134 822 1202 854 Sur
1221 834 1304 854 mon
1325 823 1414 863 ame,
1438 834 1484 854 on
1502 834 1556 854 me
1579 822 1637 854 list
1652 822 1733 854 auxi
1750 828 1855 866 grant
1871 829 1942 854 tort
1957 834 2094 854 comme

239 892 257 922 a
275 889 386 922 Jhesu
409 889 508 922 Crist
530 902 559 920 ».
584 889 627 921 Et
647 888 772 920 ultime
795 888 883 920 dixit
904 888 999 932 quod
1023 888 1192 921 dominus
1214 889 1378 921 officialis
1400 889 1461 934 qui
1483 896 1566 921 tunc
1588 895 1676 929 crat,
1703 889 1747 921 de
1769 888 1836 921 hoc
1858 889 1955 933 quod
1977 889 2093 933 ipsum

235 956 444 989 advocatum
467 961 708 995 accusaverat,
733 954 803 987 sibi
825 955 961 987 dixerat
985 969 1000 986 ι(
1024 956 1169 999 peccavi
1188 969 1217 996 »,
1242 956 1318 988 sive
1340 956 1492 1000 petierat
1512 956 1666 989 veniam.

326 1023 414 1055 Item
432 1028 467 1055 et
486 1021 670 1066 loquendo
692 1021 880 1065 injudicio
902 1028 937 1054 et
958 1028 1055 1054 extra
1077 1022 1121 1054 de
1143 1022 1302 1066 negotiis
1325 1022 1557 1067 tangentibus
1579 1023 1753 1067 quosdam
1777 1022 1838 1067 qui
1859 1023 1973 1055 vocati
1997 1029 2097 1055 erant

238 1089 274 1121 in
296 1089 442 1122 materia
462 1088 560 1129 fidei,
584 1088 672 1121 dixit
693 1095 726 1121 et
747 1088 958 1121 vociferavit
978 1088 1116 1133 pluries
1138 1095 1173 1121 et
1194 1101 1258 1134 per
1283 1089 1407 1133 plures
1431 1089 1544 1130 vices,
1572 1090 1669 1133 quod
1695 1090 1836 1134 positus
1861 1090 1977 1122 suerat
2001 1089 2093 1121 idem

236 1156 431 1189 advocatus
452 1156 488 1188 in
509 1155 654 1188 materia
675 1155 759 1187 fidei
780 1155 915 1199 injuste
938 1162 972 1187 et
994 1155 1073 1188 sine
1090 1167 1195 1189 causa
1213 1156 1437 1197 racionabili,
1456 1163 1490 1189 et
1506 1156 1603 1201 quod
1620 1156 1690 1189 sihi
1706 1157 1834 1188 sactum
1852 1157 1967 1188 fuerat
1985 1156 2094 1200 injus,

237 1229 273 1256 et
292 1223 390 1268 quod
411 1234 470 1255 res
491 1235 564 1255 non
586 1222 637 1255 sic
659 1229 918 1255 remaneret....

325 1289 466 1332 Quibus
488 1289 650 1322 articulis
672 1289 716 1321 (le
736 1289 848 1322 verbo
870 1290 913 1322 ad
934 1289 1083 1323 verbum
1107 1290 1291 1334 perlectis,
1315 1290 1484 1322 dominus
1512 1290 1703 1334 presidens
1730 1297 1882 1334 protunc
1908 1290 1944 1322 in
1970 1290 2093 1322 eadem

239 1357 543 1401 congregacione,
565 1356 684 1389 audita
704 1357 872 1401 primitus
893 1356 1163 1390 deliberacione
1181 1357 1340 1389 omnium
1359 1363 1393 1389 et
1410 1357 1638 1401 singulorum
1658 1357 1885 1389 dominorum
1909 1357 2094 1401 episcopo-

239 1436 331 1465 rum,
349 1423 516 1456 abbatum
535 1430 569 1456 et
584 1423 737 1456 aliorum
755 1423 986 1456 dominorum
1004 1424 1192 1457 doctorum
1212 1431 1247 1456 et
1263 1424 1532 1469 magistrorum,
1551 1423 1743 1464 conclusit,
1767 1424 1863 1468 quod
1886 1436 1996 1468 super
2016 1436 2095 1456 con-

239 1491 347 1523 tentis
368 1491 404 1523 in
426 1491 516 1535 ipsis
538 1490 700 1523 articulis
722 1503 787 1535 per
807 1491 1044 1535 nosjudices,
1063 1491 1198 1524 vocatis
1217 1491 1404 1524 nobiscum
1425 1490 1568 1523 duobus
1586 1491 1755 1523 discretis
1771 1491 2097 1535 virisjurisperitis

239 1558 268 1590 si
289 1557 479 1597 vellemus,
503 1570 572 1590 una
593 1570 673 1590 cum
695 1558 846 1591 notariis
868 1565 903 1590 et
923 1558 1055 1591 scribis
1076 1559 1211 1591 nostris
1234 1558 1336 1590 fieret
1360 1558 1570 1590 informacio
1593 1564 1731 1590 secreta
1753 1558 1789 1590 in
1815 1558 1927 1590 forma
1943 1558 2094 1602 juris...

239 1626 428 1669 Ipsamque
450 1625 748 1657 informacionem
771 1625 822 1657 sic
843 1625 967 1657 factam
991 1625 1027 1657 in
1048 1625 1158 1658 altera
1180 1625 1471 1670 congregacione
1493 1625 1537 1657 de
1558 1625 1724 1657 mandato
1742 1631 1868 1657 nostro
1886 1624 2098 1657 solemniter

238 1692 274 1723 in
298 1691 432 1736 capella
454 1691 677 1736 hujusmodi,
699 1692 735 1724 in
757 1704 825 1736 qua
846 1692 1090 1725 interfuerunt
1115 1692 1282 1724 nonnulli
1308 1692 1351 1724 (le
1371 1692 1468 1736 ¹ipsis
1497 1692 1709 1724 reverendis
1735 1691 1910 1736 patribus,
1940 1691 2096 1723 dominis

239 1759 434 1803 episcopis,
467 1758 671 1800 abbatibus,
702 1758 901 1803 prioribus,
932 1759 1158 1798 doctoribus,
1188 1766 1223 1791 et
1249 1759 1445 1803 magistri&
1477 1765 1683 1799 convocata,
1714 1758 1870 1791 fuissent
1895 1758 2035 1790 articuli
2063 1765 2098 1790 et

239 1825 488 1870 depositiones
516 1826 660 1858 testium
687 1825 909 1870 hujusmodi,
937 1838 1061 1859 eorum
1090 1826 1299 1858 nominibus
1326 1833 1357 1858 et
1385 1825 1666 1869 cognominibus
1692 1832 1840 1870 propter
1867 1837 1975 1869 grave
2002 1825 2096 1869 peri-

238 1892 358 1925 eulum
380 1892 476 1936 quod
499 1899 651 1937 protunc
674 1892 781 1924 nobis
802 1893 991 1925 videbatur
1012 1894 1200 1925 imminere
1226 1893 1449 1938 suppressis,
1473 1892 1576 1924 lectis
1603 1899 1637 1924 et
1659 1892 1892 1937 publicans...
1919 1893 2096 1936 [Segzteut

235 1970 270 1992 se
289 1959 457 2003 offerebat
473 1958 520 1992 ad
535 1959 822 2003 informationem
842 1971 948 2004 snper
962 1960 1166 2002 articulis]

328 2025 469 2068 Quibus
491 2026 542 2059 sic
568 2026 656 2059 actis
682 2026 829 2059 cedulas
857 2034 1031 2059 extractas
1053 2027 1097 2060 de
1123 2039 1296 2072 processu
1325 2027 1442 2072 ipsius
1469 2027 1533 2067 rei,
1561 2026 1604 2058 de
1631 2026 1846 2058 consessatis
1875 2032 1909 2058 et
1936 2025 2095 2069 probatis

238 2093 396 2126 dominis
413 2093 561 2138 prelatis
578 2093 790 2125 doctoribus
808 2100 842 2126 et
859 2094 1055 2138 magistris,
1075 2094 1206 2126 nedum
1225 2094 1333 2139 hujus
1351 2094 1504 2127 civitatis
1522 2100 1555 2126 et
1573 2093 1759 2137 provincie
1777 2092 2095 2137 Rotliomagensis,

238 2160 303 2193 sed
324 2160 429 2193 etiam
459 2160 679 2193 venerabilis
707 2160 887 2194 facultatis
918 2161 1101 2206 theologie
1130 2161 1347 2194 parisiensis
1376 2168 1408 2193 et
1437 2161 1587 2193 aliorum
1612 2160 1907 2204 jurisperitorum
1938 2160 2096 2192 Parisius

238 2227 490 2268 existencium,
504 2239 542 2260 ac
561 2227 748 2260 nonnullis
766 2228 978 2261 doctoribus
996 2235 1031 2261 et
1046 2229 1230 2272 magistris
1244 2229 1287 2260 de
1302 2228 1431 2273 Anglia
1449 2227 1660 2271 Rothomagi
1676 2234 1827 2271 protunc
1842 2226 2094 2267 existentibus,

238 2301 276 2327 ut
296 2306 406 2339 super
427 2294 564 2327 eisdem
587 2294 879 2328 (leliberaciones
901 2295 1029 2328 darent
1048 2295 1122 2327 illis
1144 2296 1205 2340 qui
1227 2302 1418 2340 presentes
1439 2301 1553 2336 erant,
1576 2294 1807 2326 dedissemus
1825 2300 1859 2325 et
1875 2293 1954 2326 aliis
1972 2293 2095 2326 absen-

238 2361 334 2394 tibus
356 2361 587 2394 duxissemus
610 2362 937 2399 transmittendum,
961 2363 1124 2407 ipsisque
1147 2363 1287 2395 cedulis
1312 2362 1451 2395 traditis
1477 2369 1507 2394 et
1537 2361 1770 2399 transmissis,
1798 2373 1836 2392 ac
1864 2360 2096 2393 deliberacio-

242 2428 351 2460 nibus
369 2428 567 2460 eorundem
586 2428 814 2461 dominorum
833 2429 1068 2474 prelatorum,
1086 2430 1273 2462 doctorum
1296 2436 1329 2462 et
1351 2430 1605 2473 magistrorum
1628 2427 1733 2460 nobis
1756 2427 1931 2467 remissis,
1955 2439 2096 2459 necnon

237 2501 309 2527 toto
330 2506 520 2539 processu,
542 2495 721 2536 articulis,
743 2496 1049 2541 interrogatoriis,
1074 2496 1392 2541 responsionibus,
1419 2495 1559 2528 cedulis
1581 2502 1615 2527 et
1641 2493 1974 2527 deliberacionibus
1998 2501 2097 2538 post-

238 2562 381 2594 modum
405 2562 513 2594 certis
543 2562 710 2606 personis
736 2563 898 2607 providis
924 2570 959 2596 et
983 2563 1147 2596 honestis
1168 2576 1206 2596 ac
1228 2563 1453 2608 jurisperitis
1479 2562 1667 2595 nobiscum
1690 2561 1836 2601 vocatis,
1861 2561 2096 2594 manifestatis

236 2635 270 2661 et
291 2629 343 2661 eis
366 2628 592 2672 integraliter
613 2629 814 2673 explicatis,
836 2630 956 2663 habito
979 2631 1083 2663 etiam
1106 2642 1216 2674 super
1237 2630 1372 2662 eisdem
1396 2629 1562 2669 consilio,
1586 2629 1715 2660 suisset
1736 2640 1799 2672 per
1820 2640 1887 2660 nos
1904 2635 2000 2660 certa
2018 2628 2096 2660 dies

238 2696 373 2728 eisdem
397 2695 667 2740 promotoribus
690 2703 724 2728 et
746 2708 806 2729 reo
827 2698 1008 2742 assignata
1030 2698 1073 2730 ad
1095 2697 1443 2729 concludendum....

327 2763 403 2805 Qua
429 2763 487 2794 die
514 2763 744 2804 adveniente,
772 2764 942 2797 videlicet
964 2765 1109 2797 veneris
1136 2765 1271 2796 decima
1302 2765 1451 2807 septima
1479 2763 1616 2795 mensis
1641 2762 1869 2803 Novembris,
1897 2763 2096 2795 indictione

239 2841 345 2865 nona,
370 2829 599 2874 pontificatus
622 2831 840 2863 sanctissimi
859 2831 893 2863 in
911 2831 1056 2864 Christo
1079 2832 1190 2875 patris
1212 2838 1246 2863 et
1267 2831 1402 2863 domini
1424 2830 1538 2862 nostri
1560 2830 1696 2862 domini
1718 2829 1860 2862 Martini
1878 2829 1996 2862 divina
2015 2842 2097 2874 pro-

239 2896 398 2930 videntia
420 2909 510 2941 pape
532 2897 648 2941 quinti
669 2910 763 2929 anno
786 2905 912 2942 quarto
934 2899 1107 2931 decimo‘.
1130 2910 1247 2930 coram
1276 2897 1381 2930 nobis
1408 2909 1472 2941 pro
1499 2896 1667 2929 tribunali
1696 2896 1922 2937 sedentibus,
1948 2897 1991 2929 ad
2015 2898 2096 2941 jura
