2502 3418
263 320 358 356 1405]
607 334 652 355 An
689 334 793 355 Auno
829 335 1116 357 mccclixxxxiv
1150 337 1282 365 esoni:
1317 339 1364 359 An
1401 340 1536 362 iusum
1571 342 1774 366 MCCCCLtt.
2059 340 2119 372 137

256 407 367 429 Juvenal
383 407 428 429 des
445 406 539 430 Ursins
557 407 606 436 (ed.
624 407 781 435 Gonnum,
797 417 823 439 p.
841 408 894 437 176)
911 409 1003 432 scribit
1019 410 1049 432 de
1063 410 1111 432 hoc
1127 419 1265 434 sermone:
1286 420 1296 433 «
1312 412 1338 434 Si
1355 416 1400 435 ont
1415 422 1445 435 eu
1462 414 1540 436 voulu
1556 415 1652 445 garder
1674 416 1697 438 le
1717 421 1826 440 (wullena
1846 427 1876 441 en
1900 419 1973 444 icelle
1990 430 2019 444 en
2037 422 2120 446 bonne

255 451 340 482 police
352 454 376 474 et
389 455 594 481 gouvernement
608 452 642 474 du
658 460 792 482 royaume.
809 453 845 475 tes
859 453 950 476 choses
967 457 1073 477 eussent
1089 454 1147 477 bien
1162 457 1224 478 este.
1240 456 1304 478 Mais
1321 465 1352 479 on
1369 457 1439 480 nvoit
1454 458 1521 480 beau
1536 459 1670 489 prescher,
1689 469 1732 483 rar
1750 462 1787 484 les
1803 462 1939 492 seigneurs
1957 469 1981 488 et
1997 474 2061 489 ceux
2075 467 2119 497 qui

255 495 367 518 estoient
382 499 475 518 entour
486 496 570 525 d'eux,
583 495 640 519 n’en
656 496 772 519 tenoient
786 500 889 528 compte
903 505 925 522 )),

258 679 399 716 1820.
423 698 438 714 «
454 689 499 714 Ad
517 691 646 723 futuram
666 690 709 715 rei
729 690 901 716 memoriam.
922 692 1121 723 [Innocentius
1148 693 1214 727 VII]
1235 693 1416 719 scholaribus
1436 695 1627 729 studentibus,
1653 700 1679 721 et
1701 698 1848 731 magistris
1869 699 1896 724 in
1917 700 2012 726 studio
2036 703 2119 727 Pari-

340 738 431 763 siensi
451 737 551 763 incolis
567 738 740 772 regentibus,
761 743 787 764 et
807 739 875 764 aliis
895 740 1118 776 quibuscumque
1136 742 1277 777 personis,
1296 744 1423 769 censuris
1441 748 1467 769 et
1483 745 1582 778 poenis
1602 745 1768 771 schismatis
1781 749 1946 782 praesentis
1962 749 2116 784 laqueatis,

339 787 488 822 permittit,
512 791 542 812 ut
557 786 645 813 libere
661 791 688 813 et
703 787 780 813 licite
797 787 911 813 valeant
930 790 1111 825 participare
1128 794 1184 816 tam
1203 792 1231 816 in
1252 792 1346 817 missis
1362 796 1389 817 et
1409 792 1477 818 aliis
1498 793 1601 819 divinis
1618 795 1725 827 offi'eiiS,
1747 804 1832 830 quam
1852 797 1879 821 in
1897 798 2119 834 quibuscumque

340 835 409 860 aliis
435 836 629 861 communibus
653 836 766 862 actibus
794 841 999 872 praeterquam
1025 839 1052 864 in
1083 840 1211 874 crimine,
1239 844 1302 874 etta,
1329 841 1507 877 similemque
1534 844 1660 877 gratiam
1688 844 1816 870 extendit
1840 845 1880 870 ael
1903 846 2115 881 Aurelianens.,

343 884 504 917 Tholosan.‚
523 885 789 920 Montispessulan„
815 890 841 912 et
861 886 1057 921 Andegavens.
1080 893 1107 913 et
1129 889 1198 914 aliis
1220 889 1291 915 dicti
1314 891 1394 924 regni
1412 891 1524 917 Galliae
1544 892 1651 917 studiis
1674 893 1858 927 generalibus
1881 894 1952 929 (sic),
1977 900 2028 922 etc.
2053 898 2115 923 Dat.

339 934 457 960 viterbii
477 934 507 960 13
522 935 574 961 cal.
592 934 784 969 Novembris⁴,
803 943 881 961 anno
897 940 935 962 2⁰.
954 945 968 961 »

1445 977 1520 1006 1405,
1536 977 1649 1003 uovemb.
1667 979 1704 1008 191
1721 978 1831 1006 Viterbii.

342 1058 419 1081 Arch.
443 1058 510 1083 vat„
535 1066 602 1081 arm.
623 1058 721 1086 xxxn,
740 1064 768 1082 η(1
788 1061 826 1084 58.
847 1068 872 1090 p.
899 1060 936 1087 52,
958 1069 969 1082 «
991 1069 1021 1083 ex
1043 1061 1111 1084 libro
1134 1062 1220 1093 primo
1241 1063 1272 1085 de
1293 1063 1405 1086 diversis
1423 1064 1513 1087 formis
1530 1073 1598 1088 anno
1615 1067 1728 1089 secundo
1749 1075 1771 1095 »,
1795 1067 1839 1090 sol.
1858 1067 1912 1097 197,
1929 1067 1974 1098 qui
1991 1068 2046 1099 jam
2064 1078 2115 1093 non

248 1106 332 1126 exstat
345 1102 371 1125 in
385 1102 506 1126 ArchivO.

341 1186 365 1211 1.
378 1187 435 1210 Jam
452 1187 477 1210 in
494 1190 622 1217 Auctar.,
635 1189 653 1215 1,
671 1197 696 1219 p.
713 1190 767 1216 906,
785 1193 837 1213 not.
850 1191 872 1219 1,
884 1190 1007 1218 diximus,
1021 1191 1205 1221 rorrigcndnm
1222 1200 1278 1215 esse
1294 1192 1318 1215 in
1336 1202 1347 1215 «
1361 1193 1386 1215 13
1402 1194 1454 1217 kal.
1469 1194 1589 1217 Dccemb.
1604 1203 1624 1222 J),
1638 1203 1696 1218 cum
1710 1196 1778 1219 enim
1793 1205 1835 1220 an.
1853 1199 1922 1227 1404,
1938 1199 2063 1224 Novemb.
2076 1201 2114 1230 11,

246 1234 386 1254 coronatus
403 1232 436 1255 sit
449 1233 534 1262 (At-cli.
552 1233 618 1258 vat..
633 1233 721 1264 Ohlig.
738 1239 766 1256 n⁰
781 1236 819 1263 57,
835 1235 878 1258 fol.
896 1236 943 1265 75),
961 1236 989 1258 ‘13
1005 1236 1058 1258 kal.
1077 1236 1140 1259 Nuv.
1154 1245 1196 1259 an.
1214 1238 1239 1259 20
1255 1240 1323 1260 esset
1338 1246 1379 1260 an.
1398 1239 1466 1267 1406,
1483 1239 1574 1262 Ortob.
1593 1240 1629 1263 20.
1647 1241 1751 1271 quando
1768 1242 1933 1266 Innocentius
1946 1243 2001 1274 jam
2018 1245 2113 1268 Romae

246 1279 423 1299 commoratus
441 1280 481 1300 est
497 1277 559 1307 (vid.
576 1278 676 1306 Euam„
693 1278 717 1301 in
733 1279 806 1303 Hist.
824 1280 978 1307 „Icilii-buch,
994 1289 1036 1303 an.
1055 1281 1122 1309 1895,
1141 1290 1166 1312 p.
1183 1283 1247 1310 560).
1265 1282 1316 1305 Vel.
1337 1283 1485 1312 dicendum,
1502 1284 1681 1307 Innocentium
1698 1286 1742 1308 VH
1763 1294 1823 1309 suos
1841 1295 1923 1310 annos
1944 1289 2112 1319 pontificatus

246 1328 400 1344 numerasse
413 1329 428 1344 a
443 1321 484 1344 die
497 1322 641 1350 electionis,
658 1331 708 1345 non
727 1324 914 1348 coronationis.

252 1509 391 1546 1821.
418 1520 491 1552 Quia
508 1521 679 1546 Benedictus
696 1523 769 1547 XIII
778 1531 832 1557 per
846 1522 1067 1548 subcollectores
1089 1524 1304 1550 Universitatem
1321 1525 1415 1550 Puris.
1439 1525 1559 1559 cogebat
1579 1526 1619 1550 ad
1637 1526 1800 1552 solvendam
1819 1527 1869 1553 diu
1885 1532 2018 1555 taxatam
2034 1530 2113 1555 deei-

334 1577 417 1601 mam,
441 1570 614 1595 Universitas
631 1571 659 1595 in
673 1571 804 1605 generali
819 1573 1038 1606 congregatione
1056 1573 1168 1607 statuit,
1188 1577 1217 1598 ut
1233 1582 1250 1598 α
1267 1575 1298 1599 21
1318 1574 1479 1599 Novembris
1496 1584 1513 1599 a
1535 1575 1803 1610 praedicationibus
1822 1581 1849 1602 et
1870 1578 1983 1603 actibus
1998 1579 2113 1605 schola-

333 1617 414 1643 sticis
430 1623 600 1653 cessaretur,
620 1619 825 1656 quodpropter
838 1621 994 1646 Adventum
1010 1622 1123 1647 Domini
1138 1631 1233 1648 omnes
1249 1632 1334 1657 aegre
1351 1623 1484 1649 tulerunt.
1507 1625 1573 1649 Dux
1588 1624 1807 1650 Aurelianensis
1829 1626 1926 1659 vigilia
1942 1628 2111 1654 Natiuitatis

333 1670 467 1692 rectorem
484 1667 574 1693 adivit
596 1672 622 1694 et
638 1669 755 1703 rogavit,
782 1673 811 1695 ut
830 1679 883 1705 pro
900 1674 983 1695 tanta
1003 1671 1184 1697 solemnitate
1198 1672 1434 1707 praedicationes
1455 1677 1638 1705 resumerent,
1654 1674 1824 1709 promittens
1846 1675 1995 1701 libertates
2015 1685 2110 1702 eorum

334 1716 416 1741 tueri.
438 1717 567 1743 Frustra.
585 1719 657 1743 Nam
678 1717 738 1744 dux
752 1728 864 1755 semper
881 1719 1022 1755 promisit,
1041 1724 1068 1746 et
1088 1720 1161 1746 nillil
1180 1722 1280 1747 tenuit.
1303 1721 1425 1747 Tandem
1446 1731 1498 1747 rea:
1524 1723 1740 1748 Universitatem
1757 1733 1847 1759 usque
1868 1725 1907 1749 ad
1927 1726 2110 1752 Nativitatem

334 1769 496 1799 sequentem
511 1767 626 1793 exemit.

1477 1808 1550 1837 1405,
1566 1808 1688 1838 Moremb.,
1707 1809 1821 1835 Decemb.

338 1849 396 1873 Rei.
413 1851 445 1873 de
461 1850 666 1882 Saint-Denys,
682 1853 727 1881 ΙΙΙ,
744 1853 797 1875 352.

248 2013 387 2051 1822.
410 2023 553 2049 lohannes
570 2025 757 2051 Breviscome
773 2029 799 2051 et
815 2027 979 2052 Dominicus
996 2028 1080 2053 Parvi
1095 2036 1165 2053 onus
1182 2027 1297 2053 lectoris
1315 2028 1342 2053 in
1359 2028 1501 2062 theologia
1518 2028 1639 2053 libenter
1653 2033 1820 2064 accepturos
1835 2039 1865 2055 se
1881 2029 2042 2056 declarant.

1396 2116 1468 2145 1405,
1485 2116 1600 2142 Decemb.
1623 2117 1643 2146 7,
1659 2117 1692 2146 11,
1710 2117 1822 2142 Parisiis.

333 2200 508 2243 Exposuit
528 2212 621 2245 mag.
638 2201 718 2234 Joh.
743 2202 960 2235 Breviscoxe
978 2203 1171 2247 quodcum
1190 2203 1286 2235 (lom.
1310 2210 1436 2236 noster
1457 2215 1620 2236 summus
1642 2204 1802 2248 pontifex
1818 2204 1933 2236 eidem
1957 2205 2104 2249 gratiam

242 2265 367 2297 fecerit
388 2266 580 2310 specialem
600 2268 644 2300 de
661 2269 871 2301 canonicatu
895 2269 963 2301 suh
981 2270 1229 2314 expectatione
1247 2270 1431 2315 prebende
1454 2270 1580 2311 Paris,
1600 2271 1750 2315 ipseque
1773 2271 1941 2303 (lominus
1963 2273 2102 2304 noster¹

241 2331 398 2364 voluerit
417 2333 453 2364 in
475 2334 584 2366 certis
612 2335 779 2368 ecclesiis
808 2337 911 2381 regni
943 2337 1077 2369 assumi
1107 2349 1215 2369 unum
1248 2337 1419 2369 lectorem
1443 2337 1640 2382 theologie,
1663 2349 1767 2381 quem
1791 2338 1942 2381 preferri
1963 2338 2105 2370 volebat

242 2398 533 2444 quibuscumque
559 2400 639 2433 aliis
667 2401 958 2446 impetrantibus,
987 2411 1179 2448 eapropter
1206 2404 1284 2448 ipse
1316 2411 1504 2448 promptus
1536 2411 1610 2436 erat
1640 2416 1732 2435 onus
1761 2403 1969 2447 hujusmodi
2000 2404 2035 2436 in
2066 2416 2103 2437 se

241 2465 429 2511 suscipere
452 2466 534 2499 dum
561 2474 595 2500 et
615 2469 878 2513 quamprimum
900 2477 1042 2502 vacaret
1063 2470 1098 2502 in
1122 2470 1213 2503 (licta
1237 2470 1390 2503 ecclesia
1416 2470 1600 2515 prebenda
1620 2482 1625 2502 :
1649 2483 1742 2514 mag.
1765 2470 1976 2502 Dominicus
2002 2471 2104 2504 Parvi

240 2543 333 2576 mag.
361 2534 396 2564 in
427 2532 536 2566 theol.
565 2535 732 2579 exposuit
759 2542 793 2568 et
821 2536 1012 2570 declaravit
1036 2537 1255 2570 voluntatem
1286 2549 1384 2570 suam
1413 2537 1509 2581 quod
1540 2543 1683 2581 paratus
1709 2543 1782 2569 erat
1804 2536 1927 2568 subire
1953 2537 2043 2569 etin
2065 2549 2102 2570 se

239 2610 425 2632 assumere
452 2612 545 2632 onus
576 2601 723 2634 lectoris
750 2602 786 2634 in
808 2602 917 2636 theol.
943 2610 978 2636 et
1000 2604 1162 2636 residere
1184 2616 1221 2636 ae
1243 2604 1309 2636 alia
1331 2605 1448 2636 facere
1471 2616 1585 2648 nuper
1610 2603 1776 2647 imposita
1803 2615 1866 2647 per
1888 2603 1982 2635 (lom.
2006 2611 2100 2636 nost.

240 2677 363 2710 papam
387 2667 523 2699 Bened.
542 2669 625 2699 XIII
649 2668 685 2700 in
706 2669 815 2701 certis
832 2670 999 2703 ecelesiis
1021 2671 1125 2715 regni
1148 2671 1308 2702 Franeie.

331 2764 408 2786 ixi-eli.
427 2768 478 2788 nat.
496 2765 591 2789 Paris„
608 2766 656 2788 LL.
677 2766 738 2795 1090,
755 2775 780 2797 p.
798 2768 852 2790 525.

330 2847 354 2871 1.
371 2848 526 2871 Benedirtus
543 2850 610 2877 Xlll,
627 2850 670 2880 qui
687 2851 823 2873 renovavit
840 2859 877 2878 ea,
900 2860 965 2882 quae
988 2855 1048 2882 post
1065 2853 1242 2875 Innocentium
1261 2853 1293 2875 III
1312 2853 1360 2874 sub
1377 2853 1507 2875 Clemente
1530 2852 1559 2873 vt
1583 2855 1607 2873 ct
1633 2851 1781 2874 Innocentio
1800 2851 1830 2873 vl
1856 2851 1887 2874 de
1911 2851 2052 2874 lectoribus
2077 2852 2102 2874 in

237 2891 354 2914 ecclesiis
372 2893 569 2916 cathedralibus
586 2893 754 2917 instituendis
773 2898 871 2918 statuta
889 2897 1000 2919 suerunt.

363 2945 425 2956 *ww
443 2938 539 2962 Chai-t.
563 2939 642 2962 Unio.
660 2940 754 2963 Paris.
774 2940 813 2962 lv.
1951 2942 1976 2962 1⁸
