2502 3418
379 337 442 369 630
957 348 1281 372 annTULAntuM
1314 349 1503 372 UNtVERS.
1541 350 1671 372 PAIMS.
2144 336 2241 374 [1442

468 422 584 467 Super
605 424 852 456 controversia
874 436 991 469 nuper
1006 431 1100 458 mota
1118 425 1213 458 inter
1233 426 1473 458 venerandam
1492 425 1694 458 facultatem
1716 424 1900 470 theologie
1915 425 2026 457 studii
2044 424 2239 458 Parisiens.

378 495 412 521 et
433 489 601 522 dominos
631 489 826 534 religiosos
855 497 1010 535 quatuor
1031 491 1207 524 Ordinum
1236 492 1518 525 Mendicantium
1549 492 1740 524 occasione
1766 491 1953 536 cujusdam
1980 491 2079 524 bulle
2101 491 2243 524 noviter

378 556 565 600 impetrate
582 569 599 589 a
617 557 764 589 domino
783 558 947 602 Eugenio
965 570 1054 603 papa
1072 559 1119 591 IV
1132 559 1277 591 nomine
1295 559 1541 603 predictorum
1559 565 1714 604 quatuor
1726 558 1917 599 Ordinum,
1936 570 2005 603 que
2023 559 2075 591 sic
2092 559 2239 604 incipit:

375 622 435 656 Ad
446 626 573 668 jugem
594 623 712 657 divine
730 625 886 665 scientie,
915 626 1020 665 etc.,²
1052 632 1133 669 post
1154 625 1285 658 multas
1315 626 1601 671 disceptationes
1628 632 1662 658 et
1687 625 1835 658 crebras
1861 625 2075 658 collationes
2102 625 2242 659 habitas

377 697 445 722 tam
482 703 546 735 per
576 691 767 736 deputatos
796 703 899 734 quam
930 692 965 724 in
996 692 1164 736 pluribus
1191 692 1541 737 congregationibus
1569 693 1826 738 magistrorum
1858 692 2022 737 ejusdem
2048 692 2241 729 facultatis..

377 758 519 790 tandem
542 764 577 790 et
602 758 814 799 novissime,
846 759 904 791 die
926 759 1099 791 videlicet
1130 760 1169 792 10
1199 759 1412 792 Decembris
1438 759 1522 792 anni
1548 761 1645 801 1442,
1669 760 1829 804 predicta
1859 759 2009 793 facultas
2035 771 2146 805 super
2173 759 2240 793 hoc

377 825 583 869 specialiter
617 832 810 859 convocata
850 825 1030 858 conclusit
1064 838 1128 870 pro
1164 838 1250 871 pace
1285 833 1320 859 et
1354 827 1547 860 concordia
1578 827 1676 860 finali
1710 827 1827 860 media
1860 827 1937 860 sive
1972 827 2145 860 articulos
2179 827 2240 875 qui

377 898 566 936 sequntur.

466 960 533 991 Pro
567 959 759 991 securitate
790 959 969 992 facultatis
1000 960 1154 1004 predicti
1182 961 1325 1002 fratres,
1358 968 1425 994 tam
1454 961 1617 1006 magistri
1645 973 1748 1006 quam
1778 961 1982 1002 baccalarii,
2005 960 2181 1006 jurabunt
2207 967 2242 994 et

376 1026 588 1070 promittent
607 1025 700 1058 bona
718 1026 801 1067 fide,
823 1033 995 1070 quantum
1018 1027 1054 1059 in
1076 1027 1129 1060 eis
1151 1034 1206 1060 est
1226 1035 1261 1060 et
1282 1028 1462 1061 mediante
1479 1028 1734 1067 instrumento,
1753 1028 1789 1060 in
1807 1028 1990 1073 presentia
2006 1028 2185 1061 facultatis
2207 1034 2241 1061 et

377 1093 486 1125 totius
513 1092 782 1133 Universitatis,
810 1105 994 1138 nunquam
1021 1094 1072 1126 uti
1094 1094 1191 1127 bulla
1212 1095 1373 1140 predicta
1407 1095 1549 1128 noviter
1570 1095 1757 1140 impetrata
1783 1095 1929 1128 nomine
1951 1102 2106 1140 quatuor
2134 1095 2242 1128 Ordi-

375 1172 472 1200 num,
492 1160 662 1204 quodque
679 1159 895 1193 laborabunt
911 1167 946 1193 et
967 1173 1046 1193 cum
1064 1161 1193 1194 effectu
1216 1162 1353 1195 dabunt
1369 1174 1514 1207 operam
1536 1169 1611 1195 toto
1633 1169 1762 1195 conatu
1780 1169 1815 1195 et
1831 1174 1940 1207 posse
1962 1174 2028 1195 suo
2050 1174 2136 1208 erga
2152 1174 2240 1195 suos

374 1227 580 1271 generales,
602 1227 772 1271 quatinus
796 1228 1055 1261 revocatorium
1078 1228 1178 1262 illius
1199 1229 1256 1262 vet
1282 1230 1513 1262 cassatoriam
1536 1230 1573 1262 in
1596 1230 1753 1275 registro
1779 1230 1878 1262 curie
1901 1231 2002 1262 Rom.
2031 1230 2237 1275 impetrent,

374 1300 408 1326 et
435 1294 479 1326 dc
511 1294 684 1338 predictis
711 1295 915 1327 cassatione
942 1302 976 1328 et
1000 1296 1234 1329 annulatione
1264 1297 1397 1330 sacient
1423 1303 1590 1330 constare
1621 1297 1715 1330 dicte
1747 1297 1905 1330 facultati
1936 1296 2121 1342 theologie
2147 1297 2239 1330 intra

372 1361 502 1393 festum
526 1361 763 1394 Exaltationis
785 1362 819 1394 S.
843 1363 974 1395 Crucis
991 1363 1226 1407 proxiuuun³.

464 1429 506 1461 Et
526 1440 570 1460 ne
596 1428 632 1460 in
660 1435 844 1473 posterum
868 1441 979 1474 super
1003 1429 1150 1463 biblicis
1173 1430 1384 1463 baccalariis
1406 1437 1440 1464 ct
1461 1431 1718 1476 presentandis
1745 1431 1944 1464 eorundem
1968 1432 2145 1464 Ordinum
2175 1431 2240 1480 alif

373 1497 477 1539 cujus
513 1496 696 1528 discordie
724 1495 934 1529 suboriatur
963 1498 1119 1538 occasio,
1156 1498 1411 1531 determinavit
1441 1505 1474 1531 et
1505 1498 1686 1531 conclusit
1714 1499 1875 1543 predicta
1902 1499 2053 1532 facultas
2083 1487 2142 1531 die
2168 1510 2239 1544 quo

375 1575 482 1607 snpra
513 1563 548 1595 in
580 1564 709 1596 Sancto
738 1563 946 1596 Mathurino
977 1571 1171 1597 convocata
1204 1565 1355 1609 quedam
1382 1566 1417 1597 in
1448 1566 1561 1598 forma
1589 1565 1793 1611 subscripta
1820 1566 1907 1599 satis
1932 1566 2168 1599 conformiter
2196 1566 2240 1603 ad

374 1630 521 1662 cedulas
542 1642 607 1675 per
632 1630 779 1663 eosdem
804 1630 1000 1676 religiosos
1025 1631 1204 1664 exhibitas
1225 1632 1397 1673 facultati,
1420 1632 1592 1666 videlicet
1617 1633 1715 1677 quod
1737 1633 1927 1666 studentes
1955 1639 2109 1678 quatuor
2134 1623 2242 1666 Ordiss

376 1709 473 1738 num,
503 1698 563 1742 qui
586 1698 774 1730 mittentur
794 1698 837 1730 ad
858 1698 1054 1743 legendum
1079 1699 1297 1740 Sententias,
1321 1706 1417 1732 stent
1445 1700 1606 1732 Parisius
1627 1707 1708 1733 ante
1731 1700 1861 1733 dictam
1883 1700 2057 1733 lecturam
2080 1712 2145 1745 per
2167 1706 2241 1733 tres

374 1776 502 1805 annos,
529 1764 699 1797 videlieet
720 1777 784 1809 per
804 1777 935 1797 annum
958 1772 1039 1798 ante
1061 1765 1233 1798 lecturam
1257 1765 1388 1807 Biblie,
1412 1773 1448 1799 et
1474 1779 1538 1811 per
1562 1779 1695 1799 annum
1717 1767 1754 1799 in
1776 1779 1847 1812 quo
1871 1767 1997 1812 legent
2016 1766 2183 1808 Bibliam,
2207 1773 2242 1800 et

375 1844 438 1876 per
460 1832 623 1864 tertiumb
646 1832 681 1864 in
704 1844 774 1877 quo
793 1845 831 1865 se
853 1833 1050 1878 disponent
1069 1833 1113 1866 ad
1136 1833 1309 1866 lecturam
1336 1834 1617 1875 Sententiarum,
1636 1841 1675 1867 ut
1690 1835 1869 1867 sententia
1890 1835 2052 1879 ipsorum
2070 1841 2238 1868 etmores

374 1899 671 1944 comprobentur.
692 1901 734 1932 Et.
757 1900 788 1932 si
810 1901 996 1945 contingat
1017 1900 1172 1945 aliquem
1200 1901 1291 1934 mitti
1313 1914 1331 1933 a
1353 1913 1420 1934 suo
1446 1902 1627 1946 superiori
1649 1902 1692 1934 ad
1714 1901 1910 1947 legendum
1934 1903 2152 1944 Sententias,
2177 1903 2238 1948 qui

374 1979 445 1999 non
472 1967 581 1999 fucrit
601 1967 803 2012 dispositus
825 1974 859 2000 et
885 1967 1074 2000 ordinatus
1098 1968 1140 2000 ad
1163 1967 1357 2012 legendum
1387 1968 1553 2010 Bibliam,
1583 1968 1764 2001 tenebitur
1791 1969 1960 2002 similiter
1983 1969 2052 2002 iste
2075 1961 2236 2003 Parisius

373 2034 519 2067 stetisse
541 2047 606 2079 per
626 2042 700 2068 tres
721 2047 836 2068 annos
857 2041 939 2067 ante
961 2035 1090 2067 dictam
1118 2035 1289 2068 lecturam
1318 2036 1598 2076 Sententiarum,
1626 2036 1661 2068 in
1683 2048 1836 2081 quorum
1862 2036 2024 2069 secundo
2043 2032 2107 2070 >vel
2131 2037 2236 2070 tertio

373 2101 556 2134 tenebitur
576 2103 693 2134 facere
715 2103 808 2135 duos
834 2114 964 2135 cursus
991 2109 1024 2134 et
1050 2102 1192 2135 solvere
1209 2103 1291 2147 jura
1318 2102 1509 2135 facultatis.
1539 2103 1575 2135 Si
1600 2115 1686 2136 vero
1715 2103 1797 2148 quis
1821 2110 2027 2145 extraneus,
2050 2104 2085 2136 id
2110 2110 2164 2137 est
2192 2104 2236 2137 de

373 2175 469 2201 extra
496 2167 645 2210 Gallias,
671 2170 780 2202 suerit
799 2169 842 2202 ad
865 2169 1063 2214 predictam
1090 2169 1263 2202 lecturam
1293 2170 1559 2203 Sententiarum
1588 2170 1808 2215 assignatus,
1837 2170 1945 2203 stabit
1969 2171 2129 2204 Parisius
2154 2159 2235 2204 ante

372 2235 542 2269 lecturam
563 2237 828 2269 Sententiarum
848 2248 912 2281 per
933 2236 1026 2269 duos
1047 2248 1175 2277 annos,
1200 2243 1237 2269 ut
1260 2237 1381 2269 mitius
1398 2244 1526 2282 agatur
1542 2249 1621 2270 eum
1644 2237 1702 2278 iis,
1721 2237 1782 2282 qui
1804 2237 1847 2270 de
1865 2237 2068 2283 longinquo
2085 2238 2237 2271 veniunt

372 2304 414 2335 ad
438 2304 743 2348 prcclarissimum
771 2298 977 2336 Parisiense
1003 2304 1177 2336 studium.
1206 2304 1415 2349 Reliquam5
1438 2308 1548 2345 [vero]
1574 2311 1777 2349 temporum
1799 2317 1934 2337 moram
1957 2306 2166 2350 requisitam
2190 2306 2234 2338 de

372 2377 503 2403 statuto
526 2370 641 2416 papali
668 2371 710 2403 ad
742 2371 913 2404 lecturam
937 2371 1203 2403 Sententiarum
1225 2372 1415 2416 acquirent
1439 2372 1475 2403 in
1506 2366 1811 2405 Universitatibus
1837 2379 1897 2405 aut
1924 2372 2056 2405 studiis
2081 2384 2235 2417 genera-

372 2437 468 2470 libus
485 2449 634 2470 suorum
656 2438 899 2479 Ordinum,i11
917 2437 1050 2482 quibus
1068 2438 1269 2471 secundum
1287 2450 1423 2471 morem
1441 2438 1638 2483 cujuslibet
1654 2439 1804 2471 Ordinis
1821 2445 1906 2472 sunt
1921 2439 2092 2481 lectores,
2107 2451 2235 2485 regen-

373 2510 425 2536 tes
447 2511 481 2537 et
506 2504 694 2537 baccalarii
716 2511 795 2537 actu
816 2504 984 2549 legentes
1010 2505 1215 2537 Sententias
1240 2505 1430 2538 scolastice
1457 2512 1492 2538 et
1516 2505 1698 2538 ordinarie
1725 2512 1759 2538 et
1785 2506 2054 2551 respondentes
2075 2507 2119 2539 de
2145 2519 2234 2552 que-

372 2571 553 2603 stionibus
575 2572 784 2613 ordinariis,
803 2572 890 2604 etin
913 2571 1046 2616 quibus
1068 2578 1338 2604 consueverunt
1355 2572 1535 2617 assignari
1557 2572 1747 2605 studentes
1767 2585 1832 2617 pro
1854 2573 2026 2606 exercitio
2048 2572 2233 2618 theologie

373 2640 452 2682 (que
475 2639 618 2682 quidem
642 2639 759 2671 studia
786 2650 849 2671 sua
870 2638 927 2672 vel
949 2645 1150 2672 conventus
1177 2646 1299 2683 preter
1322 2639 1584 2672 Universitates
1605 2640 1797 2684 generales
1818 2640 1855 2672 in
1876 2640 2005 2673 Galliis
2030 2640 2074 2673 ad
2095 2647 2231 2673 certum

372 2717 559 2737 numerum
593 2706 780 2750 designata
809 2713 893 2738 sunt
923 2712 959 2738 et
984 2718 1048 2751 per
1074 2706 1222 2738 eosdem
1252 2706 1447 2751 descripta,
1480 2713 1577 2740 extra
1605 2719 1692 2739 vero
1719 2707 1855 2741 Gallias
1881 2719 1954 2740 non
1980 2707 2231 2753 designarunt,

373 2772 453 2814 quia
476 2784 547 2803 non
568 2772 702 2805 habent
722 2779 852 2805 certam
876 2773 919 2805 de
941 2773 1014 2805 illis
1036 2773 1224 2815 notitiam),
1248 2773 1294 2806 ita
1311 2780 1429 2806 tamen
1451 2774 1548 2818 quod
1569 2781 1719 2819 propter
1743 2774 1980 2807 reverentiam
2003 2774 2112 2819 hujus
2133 2775 2231 2807 Pari-

373 2838 505 2870 sicnsis
523 2839 633 2871 studii
655 2840 726 2871 duo
747 2840 830 2872 anni
848 2840 883 2871 in
906 2840 1078 2885 predictis
1099 2840 1404 2873 Universitatibus
1426 2847 1486 2873 aut
1501 2841 1634 2874 studiis
1656 2842 1733 2874 suis
1754 2853 1819 2886 pro
1842 2853 1914 2874 uno
1935 2853 2029 2874 anno
2047 2841 2117 2874 sibi
2138 2853 2230 2874 com-

373 2912 553 2949 putentur.

2490 3234 2502 3260 ,-.*
2491 3015 2502 3224 ..z-....(a—mu-mnK
2488 2904 2502 3008 »mm-n—
2500 2889 2502 2892 .
2495 2873 2499 2876 ·
2494 2842 2502 2857 .-=
2495 2799 2502 2825 ,11-
2498 2776 2502 2791 ..
2498 2717 2502 2760 .....
