2502 3418
219 330 318 368 1415]
567 345 614 366 AB
649 345 755 367 ANNO
789 345 1077 367 MGCCLxxxxw
1111 346 1242 374 USQUE
1277 347 1325 368 An
1360 346 1497 368 ANNUM
1532 347 1737 369 mccccmi.
2018 339 2083 372 295

305 418 520 453 Justificationi,
538 422 590 444 aut
605 418 713 445 domini
728 418 904 452 cardinales,
924 419 981 444 ista
995 423 1070 445 esset
1084 419 1272 445 veliementior
1285 423 1312 445 et
1327 420 1456 455 apertior
1469 429 1560 445 causa
1573 420 1761 455 depositionis
1776 430 1879 455 eorum,
1896 431 1980 456 quam
1996 423 2084 456 suerit

309 467 337 492 in
353 466 444 492 altero
461 467 689 493 contendentium
703 476 776 493 nunc
788 476 883 493 secum
899 467 934 493 de
947 471 1063 503 papatu
1080 468 1121 493 vel
1134 477 1250 493 suorum
1266 467 1544 493 anticardinalium'ss
1560 477 1585 494 »,
1604 469 1706 494 Orator
1721 478 1775 494 non
1790 473 1819 494 ut
1834 470 1973 504 inimicus,
1992 471 2043 496 sed
2055 474 2085 496 ut

306 515 417 541 amicus
430 515 512 541 ducis
527 516 713 550 Burgundiae
729 519 885 552 reputetur,
902 517 963 551 ejus
976 516 1068 542 saluti
1083 516 1200 542 animae
1216 516 1386 542 deserviens.
1403 526 1417 541 «
1433 517 1503 543 Ecce
1518 525 1566 543 rex
1579 517 1748 544 benedictus
1764 527 1787 543 n.

1429 597 1498 626 1414,
1514 597 1629 623 Decemb.
1644 596 1668 626 4,
1684 597 1799 624 Parisiis.

311 669 380 693 Bibl.
396 673 450 693 not.
466 670 560 698 Paris„
576 678 626 693 ms.
641 670 688 693 lut.
705 671 793 699 14851,
809 670 855 695 fol.
871 671 989 694 152-159.
1005 685 1032 688 —
1051 670 1118 701 Opp.
1136 671 1262 703 Gerson.,
1275 671 1304 699 V,
1322 672 1432 695 333-338.

309 753 334 778 1.
352 754 420 776 Haec
436 754 566 777 sententia
587 757 616 777 ut
630 754 802 785 pronuntiata
818 762 833 778 a
854 754 970 778 Gersone
991 754 1100 777 Parisiis
1119 763 1161 778 on.
1179 755 1248 783 1414,
1272 763 1343 777 more
1363 754 1462 786 gallie„
1485 755 1545 778 Jnn.
1568 755 1605 781 20,
1623 754 1648 777 in
1671 755 1733 777 ms*o
1752 755 1829 778 etium
1852 756 1896 778 sol.
1920 756 1948 778 27
1965 755 2084 785 affertur,

215 797 304 830 ibique
318 798 424 821 additur
441 798 514 821 aliud
529 798 599 822 dicta
614 798 655 822 die
671 799 704 821 ab
720 799 811 822 eodem
822 799 955 830 prolatum
969 806 975 822 :
988 808 999 821 a
1011 799 1043 822 Et
1055 799 1078 822 si
1090 800 1200 830 angelus
1214 799 1384 822 descenderet
1399 799 1430 821 de
1444 799 1499 822 celo
1513 801 1538 822 et
1551 799 1684 822 nuntiaret
1700 799 1777 822 michi
1794 799 1954 830 oppositum,
1969 808 2020 822 non
2031 807 2085 823 cre-

215 842 315 872 derem,
330 842 376 866 sed
390 842 505 866 dicerem
519 851 579 865 cum
593 843 713 874 apostolo
730 851 735 866 2
749 843 895 866 Anathema
909 843 951 867 sit.
968 844 1059 867 Ymmo
1072 843 1142 875 quod
1157 844 1219 874 plus
1234 847 1282 871 est,
1297 843 1319 866 si
1330 844 1398 866 Deus
1414 843 1512 866 diceret
1525 843 1615 871 michi,
1628 851 1679 866 non
1692 844 1837 873 crederem,
1853 844 1914 875 quia
1929 844 2084 867 antecedens

215 889 255 909 est
271 886 448 918 impossihile.
463 887 495 910 Et
510 887 615 918 adjecit,
631 887 701 918 quod
718 887 806 910 omnia
821 891 846 911 et
861 888 966 919 singula
982 888 1115 919 premissa
1130 888 1253 911 omnibus
1271 887 1489 910 christifidelibus
1505 890 1566 911 nota
1582 887 1638 910 fieri
1654 891 1679 910 et
1698 888 1839 911 manifesta
1857 888 1962 911 volebat
1978 896 2000 912 ι).
2016 889 2085 911 Haec

217 930 346 954 sententia
359 931 468 954 affertur
481 931 560 954 etiam
577 939 591 954 a
606 931 711 955 natione
726 932 862 955 picardiae
878 940 921 955 an.
935 933 1005 962 1415,
1022 933 1089 963 Aug.
1106 933 1143 960 19,
1160 935 1189 955 ut
1200 933 1305 963 prolata
1318 940 1333 955 a
1349 932 1465 956 Gersone
1477 932 1503 955 in
1518 940 1636 955 sermone
1652 932 1759 963 publico
1773 933 1863 962 (Opp.‚
1878 941 1904 963 p.
1921 933 1986 962 379),
2002 941 2084 963 quan-

217 983 296 1006 quam
310 975 427 1006 priorem
443 975 599 999 sententiam
613 976 644 999 de
659 976 831 1007 impeditione
844 977 918 999 ducis
935 977 1106 1008 Burgundiae
1119 977 1151 999 ad
1168 977 1310 1008 quamdam
1325 977 1557 1008 congregationem
1574 977 1760 1000 Universitatis
1776 977 1847 1008 apud
1863 977 1891 1001 S.
1906 977 2085 1000 Muthurinum

216 1019 377 1043 celebratam
388 1021 469 1043 refert
485 1020 569 1049 (ibid.,
584 1028 611 1051 p.
624 1020 702 1050 3781‘).
714 1035 746 1038 —
756 1020 781 1046 2.
794 1021 912 1044 Similem
924 1021 1080 1044 sententiam
1096 1021 1230 1044 Johunnes
1243 1021 1343 1045 Gerson
1359 1022 1438 1044 etiam
1453 1029 1496 1045 un.
1509 1021 1577 1051 1415,
1587 1022 1647 1044 Jan.
1662 1023 1685 1050 5,
1695 1021 1888 1052 pronuntiavit.
1898 1021 1957 1045 Vid.
1970 1025 2000 1044 n0
2014 1022 2084 1045 2036.

217 1180 362 1218 2034.
388 1190 454 1216 Cum
473 1191 568 1224 frater
586 1191 690 1216 Petrus
708 1190 836 1225 Anjolat,
861 1200 936 1226 mag.
960 1200 1071 1226 regens.
1095 1192 1124 1217 in
1147 1194 1207 1226 fac.
1230 1191 1316 1218 theol.
1333 1201 1368 1217 ac
1390 1192 1547 1218 celerarius
1567 1192 1737 1218 monasterii
1760 1194 1788 1219 S.
1815 1192 1953 1218 Florentii
1976 1194 2085 1219 Veteris

304 1238 520 1273 [Andegavens.
543 1238 665 1274 dioec.]‚
692 1240 842 1266 occasione
862 1240 1038 1266 decimarum
1065 1241 1093 1266 in
1114 1250 1200 1275 regno
1221 1242 1362 1267 Franciae
1386 1250 1477 1277 nuper
1500 1241 1683 1275 indictarum,
1708 1241 1745 1267 ab
1766 1241 1913 1274 officiariis
1935 1242 2011 1276 regis
2036 1242 2085 1277 qui

303 1287 545 1324 temporalitatem
562 1289 624 1323 ejus
637 1292 782 1324 ceperant,
798 1288 972 1324 appellaret,
987 1290 1068 1315 curia
1083 1290 1263 1316 Parlamenti
1278 1290 1431 1324 deliberat,
1449 1291 1563 1315 Petrum
1577 1290 1683 1316 dictum
1700 1290 1775 1316 male
1791 1290 1967 1326 appellasse.

1413 1371 1483 1400 1414,
1497 1370 1613 1397 Decemb.
1633 1371 1665 1400 11,
1682 1371 1798 1397 Pari-sile.

308 1403 387 1428 Arch.
402 1406 457 1427 nat.
471 1403 567 1432 Paris„
583 1403 629 1426 X¹³
642 1405 682 1432 60,
698 1404 743 1427 sol.
757 1404 812 1427 256.

217 1524 361 1562 2035.
388 1533 506 1560 Carolus
531 1543 584 1560 rex
603 1543 656 1570 per
679 1543 749 1560 suas
770 1538 903 1571 patentes
924 1535 1037 1561 litteras
1062 1537 1159 1570 refert,
1186 1535 1323 1561 Karolum
1349 1536 1484 1569 Magnum
1506 1535 1659 1561 dedicasse
1680 1535 1892 1561 celeberrimum
1917 1535 1946 1560 in
1970 1535 2084 1560 civitate

305 1583 463 1609 Parisiens.
482 1583 610 1608 studium
626 1583 788 1609 litterarum
804 1592 819 1609 «
837 1583 919 1610 velud
937 1584 1059 1610 alterum
1080 1585 1160 1620 Troje
1175 1584 1216 1610 vel
1227 1584 1348 1610 Athenis
1361 1584 1536 1620 palladiumy
1554 1583 1635 1610 velud
1644 1588 1778 1620 preterea
1793 1586 1901 1618 fontem
1916 1584 1996 1610 illum
2013 1585 2085 1609 Par-

306 1631 382 1666 nasi,
397 1632 508 1658 scilicet
522 1632 664 1658 Paradisi
678 1641 710 1665 ›;
723 1632 828 1658 laudat
843 1633 1003 1658 doctrinam
1018 1633 1220 1668 magistrorum
1237 1633 1431 1667 theologorum
1451 1633 1558 1666 Paris.,
1577 1642 1646 1668 quos
1665 1642 1680 1658 ox
1699 1633 1727 1658 in
1745 1633 1821 1658 omni
1836 1637 2002 1658 sanctarum
2018 1632 2082 1659 lite-

307 1689 404 1706 rarum
416 1680 577 1706 eruditione
585 1681 740 1717 precipuos
755 1690 817 1707 esse
829 1685 949 1715 constat,
965 1691 1034 1717 quos
1047 1682 1088 1708 vel
1098 1682 1203 1716 fallere
1218 1681 1286 1708 velle
1301 1681 1341 1707 vel
1354 1681 1424 1716 falli
1437 1690 1522 1717 posse
1535 1690 1614 1707 nemo
1627 1681 1898 1717 facilejudicaverit
1909 1691 1939 1715 ›7-
1953 1682 2084 1707 diversae

306 1738 359 1765 per
380 1729 475 1755 orbem
495 1730 636 1764 nationes,
660 1731 864 1756 Universitates
885 1734 913 1756 et
934 1739 1031 1765 regna,
1047 1739 1063 1756 <
1078 1731 1143 1766 ipsa
1159 1730 1332 1766 quandoque
1355 1731 1487 1756 Romana
1507 1730 1599 1764 sedes,
1626 1730 1693 1756 dum
1716 1730 1782 1756 olim
1803 1734 1831 1756 et
1849 1739 1948 1765 nuper,
1971 1730 1998 1755 si
2014 1730 2084 1765 quid

307 1778 387 1814 apud
409 1787 456 1804 eos
477 1778 641 1813 ambiguum
657 1779 685 1804 in
701 1779 834 1805 doctrina
849 1779 1007 1805 christiane
1023 1779 1171 1814 religionis
1194 1779 1345 1814 obtigerat,
1373 1779 1573 1805 certitudinem
1589 1779 1626 1804 ab
1643 1779 1705 1814 ipso
1724 1779 1847 1804 Consilio
1864 1779 1936 1813 fidei
1949 1779 2083 1804 Parisius

307 1827 449 1853 existente
459 1827 611 1863 postulare
625 1836 676 1853 nec
692 1828 797 1863 puduit
814 1837 864 1854 nec
881 1828 975 1864 piguit
991 1837 1017 1854 ».
1034 1828 1174 1863 Loquitur
1187 1832 1287 1854 contra
1303 1828 1545 1854 Justificationem
1560 1828 1642 1854 ducis
1661 1828 1859 1861 Bmgundiae,
1876 1827 2002 1863 quidque
2018 1828 2085 1853 hac-

307 1879 388 1901 tenus
403 1878 512 1911 sactum
528 1876 568 1901 sit
585 1880 685 1902 contra
705 1886 783 1911 eam;
800 1879 887 1912 affert
900 1877 1024 1913 primam
1042 1877 1232 1903 assertionem
1253 1877 1389 1912 ejusdem,
1407 1881 1434 1902 et
1449 1877 1519 1912 quid
1533 1876 1698 1911 faciendum
1718 1886 1771 1912 per
1784 1876 1895 1910 judices
1916 1877 1943 1902 in
1960 1876 2084 1902 Concilio

305 1925 446 1959 generali.
470 1926 535 1951 Dat.
552 1925 583 1952 in
598 1926 666 1952 villa
685 1927 783 1952 nostra
799 1926 885 1952 Paris.
902 1926 1035 1952 vicesima
1051 1926 1173 1960 septima
1196 1926 1242 1952 die
1264 1926 1429 1952 Decembris
1452 1933 1530 1952 anno
1551 1926 1637 1952 Dom.
1658 1925 1765 1952 milles.
1780 1926 1869 1952 CCCC
1882 1926 1979 1958 xl1110,
2001 1925 2084 1959 regni

306 1981 373 2000 vero
387 1974 480 2001 nostri
495 1979 591 2002 xxxv0.
606 1975 663 2000 Per
677 1983 770 2009 regem
786 1975 815 2001 in
827 1983 880 2000 suo
896 1984 998 2010 magno
1015 1974 1146 2010 consilio,
1163 1975 1353 2002 MAUREGART.
1369 1985 1383 1999 «
1397 1975 1483 2008 Regia
1496 1975 1630 2008 majestas
1643 1984 1668 2000 ».

1400 2054 1473 2085 1414,
1489 2054 1604 2080 Decemb.
1619 2055 1666 2084 27,
1682 2055 1798 2080 Parisiis.

311 2133 448 2165 originale
463 2133 490 2157 in
503 2134 580 2158 Arch.
597 2137 652 2158 nat.
665 2134 760 2165 Paris„
776 2135 797 2157 K
813 2135 851 2163 58,
867 2139 897 2157 n⁰
911 2135 947 2158 85.
963 2135 1040 2158 Deest
1056 2134 1184 2165 sigillum.
1199 2147 1227 2152 —
1239 2134 1316 2164 But„
1331 2134 1361 2163 V,
1377 2135 1437 2166 2583
1455 2134 1520 2164 Opp.
1536 2133 1662 2163 (ἴω-3οη,
1678 2134 1708 2164 V,
1725 2134 1769 2157 338
1783 2142 1840 2165 sqq.
1855 2147 1882 2151 —-
1898 2134 1966 2157 Istae
1981 2133 2084 2157 litterae

217 2178 379 2209 compositae
394 2181 456 2201 sunt
468 2187 483 2202 a
497 2178 617 2203 Johanne
630 2179 756 2210 Gersone,
772 2183 801 2202 ut
815 2179 924 2202 iteratae
940 2179 1084 2202 sententiae
1099 2182 1124 2202 et
1136 2179 1208 2211 justo
1223 2178 1328 2210 longior
1342 2178 1484 2209 perorandi
1499 2178 1593 2201 modus
1608 2178 1733 2201 indicant.

216 2341 362 2378 2036.
385 2350 529 2376 lohannes
556 2351 661 2377 Gerson
683 2360 839 2377 sermonem
859 2351 946 2377 habet
966 2351 995 2377 in
1014 2353 1120 2377 Nostra
1143 2351 1264 2377 Domina
1290 2359 1386 2376 coram
1412 2359 1485 2384 rege,
1511 2349 1631 2375 ducibus
1656 2349 1868 2382 Amelianensi,
1897 2348 2081 2378 Bituricens.⁸

306 2399 430 2426 Borbon.
449 2399 585 2435 aliisque,
603 2399 804 2426 cardinalibns
821 2400 934 2426 Simone
949 2400 984 2426 de
1005 2400 1150 2426 Cramaud
1165 2404 1193 2425 et
1207 2400 1325 2434 Pisano,
1342 2399 1532 2435 pluribusque
1553 2398 1696 2434 episcopis
1715 2401 1742 2423 et
1757 2397 1885 2423 maxima
1901 2396 2083 2423 multitudine

306 2447 384 2481 cleri,
402 2447 524 2473 militum
540 2452 567 2474 et
580 2448 691 2484 populi,
710 2449 759 2483 qui
779 2449 957 2474 assistebant
973 2449 1067 2474 divino
1083 2449 1173 2482 officio
1190 2457 1244 2484 pro
1264 2448 1363 2483 requie
1385 2448 1500 2473 animae
1524 2447 1610 2472 occisi
1630 2446 1764 2472 Ludovici
1783 2446 1864 2471 ducis
1878 2446 2080 2472 Aurelianens.

306 2498 339 2522 In
351 2505 481 2523 sermone
501 2496 586 2531 dixit,
604 2506 719 2532 regnum
739 2498 881 2523 Franciae
896 2498 998 2524 melius
1012 2498 1202 2532 gubernatum
1217 2497 1311 2531 fuisse
1326 2497 1379 2522 sub
1400 2496 1471 2522 duce
1491 2495 1722 2529 Aurelianensi⁴7
1741 2503 1826 2530 quam
1839 2498 1906 2530 post
1922 2495 1982 2529 ejus
2007 2494 2082 2520 occi·-

305 2546 425 2573 sionem.
440 2547 507 2571 Dux
526 2546 713 2581 Burgundiae
729 2546 927 2572 humiliandus
943 2550 993 2581 est,
1013 2551 1042 2572 ut
1058 2547 1157 2571 anima
1173 2547 1234 2581 ejus
1254 2546 1390 2571 salvetur.
1409 2544 1572 2580 Propositio
1588 2544 1727 2569 Jolzannis
1743 2543 1828 2568 Parvi
1848 2552 1900 2579 pro
1920 2543 1991 2568 duce
2007 2544 2081 2569 Bur-

305 2594 433 2629 gundiae
449 2596 591 2629 ans1414,
612 2595 704 2628 Febr„
718 2596 798 2630 juste
813 2599 941 2621 cremata
963 2599 1006 2621 est
1020 2599 1086 2621 ante
1100 2598 1201 2631 portas
1218 2594 1301 2629 liujus
1317 2593 1467 2620 ecclesiae.
1483 2584 1612 2618 Nondum
1633 2592 1707 2617 satis
1723 2596 1775 2618 est.
1794 2601 1808 2617 <‹
1827 2590 1949 2625 Quodsi²
1959 2600 2042 2628 papa
2056 2595 2082 2618 et

306 2652 402 2670 omnes
418 2643 585 2670 cardinales
608 2648 635 2669 et
651 2653 745 2669 omnes
762 2644 797 2669 de
818 2644 942 2669 Consilio
956 2644 1087 2678 generali
1103 2643 1328 2669 determinarent
1350 2646 1402 2668 aut
1417 2641 1658 2667 determinassent
1679 2641 1840 2676 oppositum
1855 2640 2082 2676 propositionum

306 2692 582 2728 condempnatarum
598 2696 697 2718 contra
709 2692 935 2728 propositionem
951 2702 1026 2726 mag.
1041 2692 1180 2718 Iohannis
1193 2692 1288 2725 Parvi,
1305 2691 1350 2717 illi
1365 2694 1460 2716 essent
1475 2699 1570 2715 omnes
1587 2689 1705 2715 heretici
1717 2698 1744 2716 ».

1426 2770 1497 2800 1415,
1513 2770 1632 2796 danuam
1643 2770 1668 2799 5,
1683 2769 1798 2795 Parisiis.

314 2853 417 2877 Chron.
433 2854 465 2876 de
480 2852 653 2881 Monstrelet‚
670 2852 711 2875 ed.
733 2852 956 2883 DOUET-D'ARCQ‚
971 2853 1016 2879 ΙΙΙ,
1043 2854 1072 2875 55
1087 2859 1127 2882 sq.
1150 2852 1283 2882 Integram
1302 2850 1446 2873 orationem
1463 2857 1514 2872 non
1536 2848 1695 2872 invenimus.
1707 2862 1738 2866 -
1760 2849 1884 2872 Sermone
1906 2847 1979 2871 finito
2003 2848 2081 2872 duces

218 2892 402 2916 Ani-elisaeus.
418 2896 443 2917 et
458 2893 615 2916 Bituricens.
629 2895 708 2924 atque
723 2900 809 2916 comes
826 2893 958 2916 Virtutum
968 2892 1115 2916 Johannem
1131 2892 1271 2917 Gersonem
1283 2890 1340 2922 regi
1353 2889 1580 2914 commendarunt.
