2502 3418
354 305 361 313 s
377 300 442 332 764

958 309 1276 334 CHARTULARIUM
1310 311 1500 332 UN‘IVERS.
1536 311 1665 333 PARIS.

377 428 390 450 2

393 428 406 449 2

393 490 406 511 2

393 552 437 574 204

393 614 406 636 2

377 552 390 573 :0
377 490 390 511 ΚΦ

408 490 438 512 s
408 428 437 450 s

377 614 391 636 ω

408 615 438 636 Ξῖ

378 676 438 698 2206

377 872 452 894 2206‘1

378 979 437 1002 2207

376 1219 436 1240 2208

376 1325 437 1347 2209

375 1628 434 1650 2211

375 1734 435 1756 2212

376 1842 436 1864 2213

376 1904 436 1927 2214

377 1967 438 1990 2215

377 2030 438 2052 2216

378 2342 391 2363 10
378 2280 391 2301 [Q
378 2218 391 2239 Ν)
378 2156 391 2177 Ν)
378 2093 391 2115 10

394 2346 399 2352 ¹
394 2280 406 2301 Ιέ)
394 2218 406 2239 Ιθ
394 2156 406 2177 Ιζ)
394 2094 406 2115 Ιῦ

410 2280 422 2301 Ν)
412 2218 420 2239 ›—
411 2155 419 2177 *—*
410 2093 419 2115 ›—›

425 2282 438 2302 0
424 2218 438 2239 Φ
425 2156 437 2177 00
428 2102 435 2116 κ

395 2342 407 2363 [υ

410 2343 422 2364 10

394 2511 406 2532 Ιζ)
394 2449 407 2470 :0

412 2449 422 2463 v

426 2449 438 2471 ¹0

378 2510 391 2532 ΚΟ
378 2449 391 2470 ¹4«

409 2510 423 2533 Ν)
412 2466 422 2470 ι
410 2454 415 2458 “

426 2511 438 2532 ω

378 2572 438 2594 2224

379 2678 438 2700 2225

378 2740 438 2763 2226

378 2801 438 2824 2227

514 655 580 700 1423

473 1837 615 1863 1422-1423

511 1899 578 1924 1423

426 2094 437 2100 -
474 2086 621 2112 1422-1423

514 2148 579 2174 1423

678 676 814 700 Februarii
831 678 844 699 8

701 1217 788 1240 Martii
804 1219 818 1240 4

688 1325 786 1356 Aprilis
805 1325 834 1348 15

705 1476 764 1499 Maii
784 1477 809 1500 17

699 1628 772 1650 Junii
788 1629 817 1650 28

703 1735 767 1757 Julii
784 1735 812 1757 17

688 1842 799 1873 Augusti
813 1844 827 1865 4

728 1919 758 1922 —
801 1905 830 1927 14

728 1968 830 1990 -25

663 2029 826 2060 Septembris
843 2031 858 2052 9

654 2092 791 2115 Novemb.-
799 2092 865 2122 Aug.

684 2154 837 2185 Septembre

679 2278 800 2301 Octobris
816 2280 845 2301 30

669 2341 823 2364 Novembris

839 2343 853 2364 6

838 2450 852 2470 9

735 2523 766 2528 -
823 2511 852 2533 10

738 2586 764 2589 -
824 2573 852 2596 15

669 2678 818 2701 Decembris

688 2802 829 2826 Decembre

835 2679 850 2701 4

835 2742 850 2764 6

895 428 1007 452 Litterae
1023 429 1171 453 credentiae
1188 438 1236 460 pro
1254 430 1357 453 duobus
1377 430 1616 453 ambassiatoribus
1632 430 1711 454 Univ.
1729 431 1762 454 ad
1778 431 1870 454 ducem
1886 431 2046 455 Glocestriae
2050 448 2159 456 .....

895 490 1008 514 Litterae
1019 491 1167 514 credentiae
1180 499 1228 523 pro
1240 492 1343 515 duobus
1353 492 1592 515 ambassiatoribus
1603 492 1681 516 Univ.
1689 493 1722 516 ad
1734 493 1902 516 Catherinam
1911 493 2031 524 reginam
2041 493 2159 524 Angliae.

896 552 1006 576 Litterae
1022 554 1170 577 credentiae
1184 562 1233 585 pro
1249 554 1352 577 duobus
1367 554 1606 578 ambassiatorihus
1621 555 1699 578 Univ.
1712 555 1737 578 in
1753 555 1873 586 Angliam
1877 572 2158 580 ............

895 615 1060 638 Universitas
1074 598 1144 646 magi
1159 599 1333 647 Reginaldum
1349 599 1380 639 de
1395 616 1540 640 Brahantia
1554 617 1720 640 commendat
1735 617 1840 641 cuidam
1855 617 1980 649 episcopo
1999 634 2160 641 .......

896 677 1005 700 Carolus
1026 677 1071 700 Vll
1092 678 1259 701 Parlamento
1278 678 1427 701 Pictavensi
1449 679 1565 707 mandat,
1585 683 1613 702 ut
1637 680 1796 703 franchisiae
1815 680 2004 712 libertatesque
2028 680 2160 703 Ecclesiae

926 721 1077 745 Gallicanae
1092 722 1210 753 integrae
1226 726 1356 750 maneant,
1369 731 1452 754 neque
1463 731 1557 746 aurum
1568 727 1640 747 extra
1655 732 1766 755 regnum
1778 725 1904 748 Franciae
1917 726 2060 752 auferatur,
2078 733 2161 756 neque

926 766 1143 797 resignationum,
1161 766 1303 794 bullarum,
1319 775 1493 798 processuum
1515 775 1530 790 a
1549 768 1610 791 sede
1632 769 1778 800 apostolica
1801 772 1919 792 ortorum
1943 777 2006 792 cura
2022 769 2159 798 habeatur,

927 811 1028 841 quoties
1042 811 1073 833 de
1089 811 1270 839 electionibus,
1286 811 1531 835 confirmationibus
1547 812 1767 836 collationibusve
1781 813 1968 837 beneficiorum
1984 817 2086 845 agetur.
2101 831 2107 837 .
2127 831 2133 837 .
2153 831 2159 837 .

895 872 1062 895 Universitas
1077 881 1126 903 pro
1141 872 1319 904 prosperitate
1334 873 1405 904 regis
1421 874 1539 904 Angliae,
1555 874 1651 897 ducum
1674 875 1830 899 Bedfordiae
1845 879 1871 898 et
1886 876 2056 907 Burgundiae
2071 876 2160 899 divina

925 916 1040 939 celebrat
1043 934 2159 943 ............................................

894 978 1022 1001 Martinus
1044 979 1064 1001 V
1084 979 1210 1007 declarat,
1230 979 1431 1003 reformationes
1456 988 1502 1003 seu
1526 980 1745 1004 commutationes
1765 981 1912 1012 gratiarum
1934 985 1959 1005 et
1979 982 2160 1012 collationum,

926 1030 991 1053 quas
1011 1022 1102 1053 plures
1118 1023 1239 1046 doctores
1255 1023 1443 1047 Universitatis
1461 1032 1471 1047 α
1485 1027 1595 1056 propter
1613 1025 1756 1048 divisiones
1773 1029 1798 1049 et
1817 1034 1927 1057 guerras
1943 1026 2061 1057 vigentes
2083 1034 2094 1049 ))
2114 1034 2159 1050 seu

925 1066 985 1089 aliis
1002 1075 1032 1090 ex
1048 1067 1145 1095 causis,
1163 1075 1174 1090 t(
1192 1067 1242 1090 sub
1258 1068 1348 1091 eadem
1362 1071 1448 1092 tamen
1464 1069 1525 1091 data
1543 1077 1553 1092 »
1568 1069 1635 1092 utin
1650 1069 1736 1100 primo
1752 1070 1848 1100 rotulo,
1862 1070 2041 1101 obtinuerunt,
2055 1071 2160 1094 easdem

925 1111 1031 1134 omnino
1047 1119 1105 1134 cum
1122 1112 1216 1143 gratiis
1238 1112 1264 1135 in
1281 1112 1339 1144 ipso
1362 1113 1448 1136 rotulo
1468 1113 1568 1144 petitis,
1586 1122 1597 1137 «
1615 1117 1641 1137 et
1655 1114 1688 1137 ab
1710 1114 1747 1137 eis
1767 1114 1932 1145 originaliter
1953 1115 2121 1139 descendisse
2136 1123 2159 1145 υ,

924 1155 1059 1179 habendas
1076 1164 1133 1179 esse
1140 1173 2159 1183 ........................................

894 1218 1060 1241 Universitas
1076 1222 1247 1250 congregata,
1263 1220 1367 1250 quando
1383 1223 1511 1243 venerunt
1524 1228 1591 1243 nova
1606 1221 1637 1244 de
1653 1224 1780 1252 occupato
1793 1225 1872 1252 ponte
1885 1222 1916 1245 de
1931 1222 2033 1245 Meulan
2047 1230 2095 1253 per
2107 1223 2159 1245 An-

925 1263 982 1293 glos
988 1280 2159 1291 ..............................................

893 1325 962 1355 Mag.
972 1325 1086 1348 Thomas
1102 1326 1222 1348 Monachi
1238 1326 1379 1349 Ambianos
1395 1326 1429 1349 ad
1444 1330 1598 1350 conventum
1612 1327 1765 1358 principum
1778 1328 1904 1359 epistolas
1918 1336 1949 1351 ex
1961 1332 2036 1359 parte
2051 1329 2160 1353 Univer-

924 1369 1010 1392 sitatis
1027 1370 1085 1392 duci
1103 1370 1269 1398 Bedffirdiae,
1285 1370 1345 1393 duci
1362 1371 1513 1394 Britanniae
1526 1375 1551 1394 et
1564 1371 1653 1394 comiti
1672 1372 1703 1395 de
1716 1360 1870 1395 Richemo'nt
1885 1373 1999 1404 scriptas
2018 1376 2119 1404 portat,
2133 1373 2160 1397 in

925 1414 1021 1445 quihus
1037 1415 1069 1437 <le
1085 1414 1209 1438 societate
1225 1415 1293 1438 inter
1308 1415 1430 1446 Angliam
1446 1418 1471 1438 et
1485 1416 1624 1438 Franciam
1640 1418 1708 1439 facta
1724 1417 1838 1440 laetatur
1840 1434 2107 1441 ...........
2128 1439 2132 1443 .
2153 1435 2160 1442 .

893 1476 1027 1507 Alphonso
1043 1485 1104 1507 rege
1118 1477 1266 1508 Aragoniae
1279 1477 1432 1508 instigante,
1447 1478 1575 1501 Martinus
1592 1479 1611 1501 V
1626 1478 1719 1502 statuit
1734 1479 1803 1510 quod
1819 1479 1908 1502 nullus
1925 1481 2006 1503 frater
2019 1480 2048 1504 O.
2067 1481 2159 1504 Praed-

924 1521 956 1543 ad
973 1521 1156 1552 magisterium
1175 1522 1256 1545 theol.
1270 1526 1458 1553 promoveatur
1478 1522 1529 1545 nisi
1549 1526 1662 1554 quatuor
1680 1531 1762 1546 annos
1785 1524 1881 1547 Romae
1905 1525 1946 1547 vel
1965 1524 2083 1552 Parisiis.
2101 1527 2159 1554 etc„

923 1565 1072 1597 theologiae
1088 1566 1219 1590 studuerit
1221 1583 2160 1593 .....................................

893 1629 962 1659 Mag.
978 1628 1038 1651 Joh.
1057 1628 1190 1660 Daerling,
1207 1629 1252 1652 lic.
1267 1629 1346 1652 theol.
1362 1629 1388 1652 in
1404 1629 1478 1652 curia
1493 1630 1619 1659 Romana,
1636 1638 1651 1653 a
1671 1638 1741 1661 papa
1756 1630 1823 1661 petit
1838 1634 1866 1654 ut
1880 1631 1967 1662 gratia
1983 1631 2161 1663 exspectativu

925 1673 975 1695 sibi
991 1673 1054 1695 olim
1069 1681 1194 1696 concessa
1211 1673 1263 1696 frui
1280 1673 1364 1704 possit
1372 1691 2159 1700 ...............................

894 1736 1008 1766 Angelus
1029 1736 1060 1758 de
1084 1735 1168 1763 Senis,
1183 1736 1304 1759 minister
1319 1737 1435 1767 general.
1452 1736 1482 1760 Ο.
1499 1737 1572 1765 Min.y
1590 1737 1702 1760 Martino
1720 1737 1740 1759 V
1757 1737 1891 1768 supplicat
1907 1741 2017 1769 propter
2032 1738 2161 1770 quosdam

926 1781 1020 1803 fratres
1036 1780 1133 1811 injusto
1148 1780 1295 1803 licentiatos
1300 1797 2159 1807 ..................................

895 1842 1059 1865 Universitus
1075 1842 1244 1873 Sigismundo
1261 1842 1415 1874 imperatori
1428 1851 1499 1874 mag.
1512 1843 1624 1866 Paulum
1639 1843 1739 1866 Nicolai
1754 1844 1786 1867 de
1802 1844 1942 1867 Selavonia
1957 1845 2132 1868 commendat.
2152 1862 2159 1869 .

896 1904 1022 1927 lienricus
1040 1905 1081 1935 VI,
1099 1913 1143 1927 rex
1155 1905 1282 1928 Franciae
1297 1908 1322 1928 et
1337 1905 1455 1936 Angliae‚
1472 1908 1561 1929 vetera
1577 1905 1764 1929 Universitatis
1778 1906 1920 1938 privilegia
1934 1907 2081 1930 confirmat.
2101 1925 2107 1930 .
2127 1927 2133 1932 .
2153 1925 2159 1932 .

894 1966 954 1990 Joh.
971 1966 1119 1996 Raffunelli,
1137 1967 1166 1990 Ο.
1183 1967 1256 1996 Min.,
1271 1975 1285 1990 a
1299 1967 1411 1990 Martino
1427 1968 1447 1991 V
1463 1967 1590 1999 magister
1605 1968 1685 1991 theol.
1699 1968 1847 1992 declaratus
1852 1985 2160 1994 .............

895 2029 1024 2052 Rohertus
1040 2029 1167 2058 Poitevin,
1185 2029 1335 2061 presbyter,
1352 2029 1486 2053 licentiam
1502 2030 1619 2061 regendi,
1638 2030 1743 2062 legendi
1758 2030 1867 2054 Parisiis
1883 2039 1898 2054 a
1912 2039 1983 2063 papa
2000 2031 2109 2056 obtinet.
2128 2049 2135 2055 .
2153 2049 2160 2056 .

896 2091 1022 2115 Cursores
1039 2092 1064 2114 in
1081 2092 1205 2115 facultate
1221 2092 1369 2123 theologiae
1379 2109 2161 2118 ...............................

896 2154 1065 2177 Sententiarii
1079 2157 1104 2177 et
1118 2154 1214 2177 Biblici
1228 2154 1390 2178 Parisienses
1394 2171 1927 2180 ......................
1926 2154 1931 2157 ⁴
1948 2173 2160 2182 .........

895 2216 1015 2247 Magistri
1031 2220 1151 2247 regentes
1164 2216 1190 2239 in
1208 2217 1332 2240 facultate
1348 2217 1496 2248 theologiae
1507 2234 2160 2243 ..........................

895 2278 1056 2309 Reginaldus
1070 2279 1101 2301 de
1115 2279 1248 2308 Fontanis,
1261 2279 1342 2310 episc.
1357 2279 1550 2310 Suessionens.,
1566 2279 1687 2303 licentias
1703 2281 1822 2303 conferre
1833 2280 1922 2311 pergit
1933 2280 1961 2303 in
1974 2281 2160 2305 Universitate.

895 2342 955 2364 Fac.
972 2341 1117 2364 medicinae
1139 2341 1305 2370 decanatum,
1322 2341 1506 2365 recusantibus
1528 2345 1642 2373 quatuor
1664 2342 1780 2373 primum
1805 2342 1904 2372 electis,
1927 2343 2041 2367 Johanni
2063 2344 2162 2367 Warini

926 2386 1027 2408 confert
1037 2402 2160 2412 ............................................

895 2447 1015 2478 Magistri
1029 2450 1149 2478 regentes
1166 2448 1300 2471 facultatis
1316 2448 1460 2471 medicinae
1476 2456 1518 2472 an.
1534 2449 1670 2472 1423-1424
1679 2466 2158 2475 ...................

895 2510 1019 2533 Doctores
1036 2513 1156 2541 regentes
1172 2510 1198 2533 in
1212 2511 1336 2534 facultate
1349 2511 1512 2534 decretorum
1517 2528 2160 2537 ..........................

895 2572 955 2596 Joh.
969 2572 1100 2601 Bourron,
1110 2572 1193 2595 abhas
1209 2573 1235 2596 S.
1248 2573 1371 2597 Germani
1387 2574 1418 2596 de
1433 2573 1529 2602 Pratis,
1548 2573 1660 2596 amicam
1675 2573 1894 2605 compositionem
1909 2582 1968 2597 cum
1983 2574 2161 2599 Universitate

926 2617 1060 2640 concludit
1073 2620 1184 2648 propter
1201 2618 1363 2648 capellanias
1378 2618 1406 2641 in
1421 2618 1532 2641 ecclesia
1549 2618 1574 2641 S.
1593 2618 1711 2653 Andre-ae
1726 2619 1757 2642 de
1772 2618 1890 2642 Arcubus
1895 2636 2160 2644 ...........

895 2679 1061 2703 Universitas
1077 2679 1143 2702 duos
1159 2679 1234 2711 eligit
1249 2680 1365 2703 Concilio
1381 2680 1517 2704 Gallicano
1533 2681 1672 2703 adfuturos
1687 2697 2159 2706 ...................

894 2741 1016 2764 Facultas
1031 2742 1128 2764 decret.
1146 2742 1282 2773 Hugonem
1299 2743 1394 2766 Clerici
1406 2743 1483 2774 punit
1495 2743 1528 2766 oh
1544 2742 1671 2766 offensam
1686 2743 1737 2766 sibi
1753 2744 1848 2766 factam
1852 2760 2158 2768 .............

894 2803 1022 2826 Henricus
1038 2804 1071 2826 VI
1086 2804 1189 2827 litteras
1206 2804 1294 2828 Caroli
1309 2805 1342 2828 VI
1358 2805 1389 2828 de
1402 2805 1538 2837 magistris
1549 2805 1646 2837 juratis
1660 2805 1819 2836 ehirurgicis
1835 2805 1919 2829 Paris.
1935 2806 2082 2829 confirma-t.
2101 2823 2107 2830 .
2127 2823 2132 2829 .
2152 2824 2158 2830 .

2204 432 2249 455 411

2203 494 2250 517 412

2204 556 2250 579 412

2204 618 2250 641 413

2204 813 2251 836 413

2204 920 2251 943 413

2204 1160 2251 1184 413

2204 1268 2251 1291 413

2204 1419 2251 1442 414

2205 1570 2252 1593 416

2204 1677 2251 1707 416

2204 1784 2252 1807 416

2205 1846 2251 1870 417

2205 1909 2251 1932 418

2205 1971 2252 1994 418

2205 2033 2252 2057 419

2206 2096 2253 2119 419

2205 2158 2252 2181 413

2206 2221 2253 2243 420

2203 2283 2251 2306 420

2203 2388 2248 2412 421

2204 2451 2250 2474 421

2205 2513 2252 2536 422

2205 2619 2252 2643 422

2205 2681 2252 2705 423

2204 2744 2251 2767 423

2204 2806 2250 2829 423
