2502 3418
252 331 342 366 1409]
590 342 634 363 AB
670 342 775 363 ANNO
811 341 1098 363 MCCCLXXXXIV
1129 341 1258 368 USQUE
1295 342 1341 362 Al)
1377 342 1513 363 smum
1550 344 1754 365 Mccccmi.
2044 338 2101 368 [159

247 417 327 450 tatis
357 416 506 456 Christi,v
533 415 615 447 hinc
637 415 749 448 divini
775 415 894 448 cultus
920 415 1111 447 diminutio
1133 422 1373 459 eomparatur7
1401 415 1483 447 hinc
1511 417 1787 460 suspensiones,
1816 420 2100 452 excommunica-

246 484 376 522 tiones,
400 494 518 515 rerum
541 482 867 514 ecclesiasticarum
888 482 1056 514 alienatio
1079 481 1269 525 sacrilega,
1291 482 1491 526 ignominia
1513 482 1754 523 sacerdotium
1777 484 1880 527 origo
1901 487 2100 517 contentio-

246 562 330 582 num
364 557 398 582 et
432 549 695 582 discordiarum
728 549 918 593 consurgit
950 555 1056 593 atque
1087 548 1154 580 alia
1190 548 1323 592 flagitia
1360 548 1614 581 inenarrabilia
1731 551 1929 594 Eapropter
1958 551 2100 583 labores

246 623 391 650 nostros
420 616 555 649 dudum
584 616 627 648 ad
654 616 941 648 succurrendum
963 615 1200 647 infestissime
1223 615 1327 659 plage
1350 615 1609 655 convertimus,
1637 615 1769 659 quibus
1792 616 1943 660 primum
1971 618 2098 650 sactum

245 690 311 725 est,
335 690 371 716 ut
397 695 461 728 per
481 690 657 715 arrestum
680 682 890 727 parlamenti
912 682 1121 726 hujusmodi
1144 682 1350 714 exactiones
1378 688 1564 714 cessarent
1590 682 1632 714 ad
1659 683 1831 726 tempus¹.
1857 683 1994 715 Deinde
2016 696 2101 716 con-

244 757 370 784 vocato
391 750 551 782 Parisius
572 749 737 783 Concilio
755 749 909 782 ecclesie
931 748 1116 782 Gallicane
1200 748 1382 781 decretum
1406 755 1461 781 est
1481 749 1516 780 in
1540 755 1753 793 perpetuum
1781 749 2045 782 observandum
2068 757 2103 783 et

245 818 344 862 regia
372 817 584 850 auctoritate
610 816 858 849 confirmatum
888 823 994 860 atque
1015 816 1051 848 in
1071 816 1220 848 formam
1249 815 1342 860 legis
1365 816 1581 856 redacunn2.
1605 828 1674 860 que
1697 816 1814 848 omnia
1837 816 1941 849 vobis
1963 817 2101 861 liquido

246 896 309 929 per
329 884 585 928 transcriptum
603 883 689 916 dicti
706 883 843 916 decreti
866 883 1107 915 innotescent.
1130 884 1264 916 Verum
1289 882 1463 914 suadente
1487 882 1699 927 inexplebili
1720 883 1914 927 cupiditate
1936 884 2101 916 nonnulli

244 951 335 984 hanc
365 951 597 996 equissimam
630 957 735 995 atque
764 950 1026 983 sanctissimam
1057 949 1175 994 legem
1205 949 1405 994 infringere
1433 949 1646 982 molliuntur
1673 956 1708 982 et
1738 949 1926 982 ecclesiam
1954 957 2100 983 matrem

245 1025 417 1058 nostram,
447 1030 516 1062 que
544 1030 615 1050 non
642 1017 770 1050 ancilla
796 1018 859 1049 sed
892 1016 1003 1049 libera
1033 1016 1215 1049 censenda
1241 1023 1308 1056 ost,
1341 1016 1558 1060 gravissimo
1589 1016 1774 1049 servitutis
1804 1017 1895 1061 jugo
1922 1016 2100 1049 subicere.

244 1085 421 1127 Quocirca
442 1085 546 1117 vobis
568 1084 815 1129 supplicamus
908 1084 958 1116 uti
980 1083 1170 1115 nobiscum
1189 1082 1320 1115 talibus
1343 1083 1571 1115 exactoribus
1593 1082 1773 1115 obsistere
1795 1083 1930 1116 curetis
1954 1109 2004 1124 ...,
2030 1096 2102 1116 non

245 1152 338 1184 enim
371 1163 546 1196 negamus
577 1151 664 1196 quin
694 1151 841 1183 domino
873 1157 999 1182 nostro
1030 1162 1170 1182 summo
1199 1149 1361 1194 pontifici
1392 1161 1456 1194 pro
1483 1149 1763 1182 necessitatibus
1792 1149 1868 1182 suis
1896 1157 1954 1182 aut
1982 1151 2102 1195 potius

244 1218 398 1252 ecclesie
420 1218 607 1251 subveniri
624 1224 843 1262 oporteat....

333 1286 624 1330 Postscriptum:
647 1286 736 1317 Nota
758 1291 929 1329 quantum
951 1284 994 1316 ad
1018 1284 1170 1328 primum
1194 1290 1366 1328 punctum
1389 1283 1600 1316 relationem
1622 1296 1715 1328 mag.
1738 1284 1912 1316 Johannis
1934 1284 2102 1317 Bruilloti

245 1360 279 1386 et
306 1353 450 1385 demum
478 1352 642 1397 magistri
667 1351 917 1396 proponentis,
941 1358 974 1383 et
996 1350 1275 1395 responsionem
1297 1357 1331 1382 et
1350 1350 1536 1383 versucias
1565 1350 1780 1383 cardinalis³
1803 1357 1837 1383 et
1860 1362 2007 1383 suorum
2029 1352 2105 1383 sau-

244 1426 374 1460 torum,
399 1426 433 1452 et
458 1419 545 1464 quid
566 1419 667 1459 dixit,
694 1425 729 1451 et
756 1425 927 1463 quantum
954 1417 1218 1450 inconveniens
1242 1423 1352 1458 esset,
1384 1417 1414 1449 si
1445 1416 1780 1458 succumberemus,
1809 1423 1844 1449 et
1866 1424 1996 1461 quanta
2017 1418 2103 1450 vali-

246 1487 363 1528 [di]t.as
385 1487 415 1519 si
436 1486 702 1519 abstineremus
723 1486 759 1517 in
781 1485 900 1517 <lando
922 1483 1145 1517 caritativum
1169 1483 1387 1516 subsidium.

334 1555 485 1586 Demum
517 1559 687 1597 quantum
709 1552 752 1584 ad
778 1550 1047 1584 Mendicantes‘
1068 1551 1153 1595 quid
1179 1551 1308 1583 sactum
1333 1557 1388 1583 est
1411 1550 1506 1595 apud
1533 1550 1824 1592 cancellariqu
1852 1551 1938 1596 quid
1959 1552 2103 1584 demum

245 1621 341 1666 apud
358 1620 552 1653 officiarios
573 1626 607 1652 et
628 1619 896 1663 inquisitorem.
920 1625 954 1651 et
975 1618 1061 1662 quid
1084 1618 1257 1662 scriptum
1276 1624 1330 1650 est
1351 1618 1526 1662 magistro
1548 1618 1583 1649 in
1608 1618 1815 1650 medicina&

337 1733 451 1756 Minuta
466 1731 604 1755 chartacea
627 1731 652 1754 in
676 1731 752 1753 Arch.
770 1734 822 1753 nat.
837 1730 931 1759 Paris„
949 1731 971 1753 M
988 1730 1038 1757 (55¹³,
1059 1734 1087 1752 11⁰
1109 1730 1137 1752 15
1154 1729 1225 1758 (olim
1246 1730 1274 1752 A.
1293 1730 1316 1752 3.
1333 1731 1361 1759 t).
1377 1730 1582 1752 lustramentum
1601 1729 1781 1752 verisimiliter
1800 1730 1832 1752 ad
1853 1730 2009 1760 legationem
2031 1731 2102 1754 card.

244 1777 313 1801 Petri
329 1777 360 1800 de
376 1777 477 1807 Tureyo
494 1779 604 1807 spectat,
618 1775 662 1807 qui
679 1784 709 1798 ex
725 1779 800 1806 parte
816 1775 955 1798 Alexandri
975 1775 993 1797 V
1009 1774 1124 1797 Parisios
1141 1774 1212 1797 venit
1233 1774 1265 1796 ad
1281 1774 1346 1796 duas
1365 1774 1479 1796 decimas
1500 1782 1530 1796 ex
1545 1773 1606 1797 cccl⁴
1628 1773 1764 1797 Gallicana
1780 1774 1920 1797 sumendas
1944 1775 2057 1803 (Cllron.
2072 1776 2104 1797 dc

245 1822 416 1851 Monstrelet,
433 1822 465 1849 ll,
479 1822 527 1851 60),
542 1829 607 1852 quas
626 1820 791 1843 Universitus
810 1819 950 1842 recusavit.
966 1820 1022 1842 Non
1043 1822 1101 1842 ante
1122 1827 1163 1842 an.
1181 1819 1250 1847 1409,
1266 1818 1391 1841 Novemb.
1408 1819 1444 1845 18,
1463 1818 1570 1841 Parisiis
1588 1818 1636 1841 fuit
1651 1819 1694 1847 (cf.
1710 1820 1838 1848 flumas⁸⁷
1858 1819 1888 1847 ll,
1908 1828 1934 1850 p.
1948 1821 1986 1846 65,
2004 1823 2056 1843 not.
2072 1820 2104 1848 1).

245 1868 285 1891 Cf.
302 1870 354 1889 not.
371 1868 393 1891 3.
411 1866 436 1889 Si
461 1866 587 1896 magister
609 1865 752 1888 medicinae
775 1865 866 1887 Petrus
886 1864 1035 1887 Cardoiielli
1056 1867 1105 1893 est,
1125 1867 1185 1886 tunc
1202 1866 1271 1886 certe
1293 1863 1325 1885 ad
1344 1872 1386 1886 an.
1408 1863 1467 1886 1409
1490 1863 1673 1885 documentum
1690 1863 1855 1886 referendum
1877 1867 1916 1886 est
1937 1865 1979 1893 (cs.
1998 1867 2050 1887 not.
2071 1866 2103 1893 (ἱ),

247 1911 353 1934 minime
366 1911 398 1934 ad
412 1919 453 1934 an.
470 1911 540 1938 1410,
555 1909 680 1932 Novemb.
697 1910 734 1938 30,
749 1909 869 1940 quamvis
884 1909 935 1931 aliu
949 1908 1045 1931 ibidem
1061 1911 1182 1930 contentu
1196 1916 1245 1930 non
1261 1907 1478 1932 contradicerent,

340 1995 365 2020 1.
381 1996 467 2026 Supra
479 1994 512 2017 ad
529 2002 571 2017 an.
587 1994 654 2021 1406,
673 1994 745 2024 Sept.
760 1993 797 2016 11.
817 2006 840 2010 —-
855 1992 879 2017 2.
894 1993 931 2015 Ad
947 2001 989 2016 an.
1006 1993 1074 2021 1407,
1091 1992 1165 2015 Febr.
1184 1992 1221 2015 18.
1235 2005 1264 2008 —
1277 1991 1301 2015 3.
1319 1991 1345 2014 Si
1362 1991 1545 2014 documentum
1561 1991 1593 2013 ad
1610 1999 1652 2014 an.
1670 1991 1739 2020 1410,
1754 1991 1828 2019 Nov.,
1846 1992 2010 2014 referendum
2025 1995 2104 2019 esset,

247 2044 308 2064 tunc
323 2043 445 2070 ageretur
461 2039 492 2062 de
508 2038 635 2062 cardinali
652 2038 830 2068 Ba1·1·ensi(cs.
846 2040 974 2064 Auctar.,
990 2038 1021 2063 It.
1038 2046 1063 2068 p.
1079 2039 1127 2066 89).
1140 2050 1166 2054 —
1180 2036 1204 2061 4.
1223 2037 1241 2059 Ι.
1257 2045 1289 2063 e..
1307 2045 1318 2058 ((
1330 2039 1457 2067 quantum
1473 2036 1504 2058 ad
1520 2035 1619 2058 bullam
1636 2044 1683 2066 pro
1697 2035 1904 2058 Mendicantibus
1922 2044 1943 2059 ».
1955 2050 1980 2053 —
1994 2035 2017 2060 5.
2035 2037 2105 2059 Can-

247 2085 383 2108 cellarium
399 2083 532 2111 Fruuciae,
548 2083 692 2106 Arnaldum
708 2083 738 2105 de
755 2082 858 2106 Corbio.
872 2096 898 2099 —-
913 2082 936 2106 6.
952 2081 1134 2104 Veris-imiliter
1150 2082 1225 2104 Petro
1242 2080 1400 2109 βαι-1101111111,
1417 2080 1461 2111 qui
1478 2080 1502 2102 in
1520 2080 1593 2102 curia
1608 2080 1656 2103 suit
1672 2083 1699 2103 ut
1713 2080 1825 2110 portitor
1842 2080 1928 2108 rotuli,
1942 2084 1966 2103 ct
1979 2089 2020 2105 an.
2036 2081 2104 2110 istit),

248 2130 340 2154 octob.
353 2131 377 2158 9,
388 2129 443 2160 jam
455 2136 577 2151 reversus
593 2131 649 2151 erat
665 2128 803 2156 (Ameana,
820 2127 851 2155 H,
865 2135 892 2157 p.
909 2128 947 2156 85,
962 2127 993 2154 7).

253 2343 392 2380 1872.
416 2351 556 2386 Magister
570 2350 712 2376 lohannes
734 2349 852 2375 Belardi
870 2349 909 2375 ad
924 2348 1093 2382 facultatem
1111 2347 1269 2373 medicinae
1285 2346 1391 2379 scribit,
1409 2349 1438 2370 ul
1457 2355 1487 2370 sc
1503 2348 1624 2378 excuset,
1648 2344 1722 2379 qztod
1740 2345 1795 2369 vice
1811 2354 1865 2370 sua
1881 2345 1909 2369 in
1925 2345 2029 2370 scholis
2049 2354 2103 2370 uon

336 2401 534 2437 disputaverit.

1429 2430 1504 2459 1409,
1521 2429 1633 2455 uoremb.
1648 2430 1690 2458 30,
1706 2429 1817 2455 Parisiis.

339 2537 541 2570 Reverendi
563 2543 683 2581 patres
706 2535 843 2568 domini
859 2547 897 2567 ac
919 2534 1083 2578 magistri
1106 2533 1186 2573 mei7
1206 2539 1353 2577 propter
1373 2531 1615 2575 egritudinem
1639 2530 1783 2562 domine
1802 2542 1892 2570 mee,
1911 2532 2101 2563 metuende

249 2603 578 2644 connestabularie7
601 2602 801 2646 compellor
818 2614 881 2646 per
898 2602 1082 2633 dominum
1101 2612 1232 2640 meum,
1251 2598 1482 2631 metuendum
1507 2597 1689 2629 dominum
1713 2596 2100 2638 connestabularium¹,

249 2671 457 2716 aliquandiu
481 2670 537 2702 hic
567 2681 769 2708 remanere;
799 2680 908 2712 quare
935 2680 1006 2700 non
1035 2679 1181 2712 possum
1206 2666 1241 2697 in
1263 2665 1390 2697 ordine
1418 2676 1509 2704 meo⁷
1535 2665 1634 2707 juxta
1656 2663 1957 2695 consuetudinem
1980 2664 2100 2697 lauda-

249 2738 371 2779 bilem,
407 2738 609 2782 disputare3
644 2736 738 2768 unde
777 2735 925 2767 multum
961 2734 1067 2766 doleo
1099 2740 1133 2766 et
1162 2732 1328 2777 supplico
1363 2737 1495 2775 quanto
1526 2730 1699 2762 humilius
1730 2741 1892 2774 possum,
1924 2737 2100 2774 quatenus

250 2805 450 2849 dignemini
471 2816 527 2836 me
548 2802 680 2835 habere
707 2808 913 2834 excusatum
937 2808 971 2833 et
992 2812 1128 2832 mecum
1156 2799 1383 2843 dispensare,
1407 2797 1501 2841 quod
1526 2808 1598 2828 non
1626 2796 1770 2840 perdam
1799 2797 2010 2840 regentiam,
2036 2799 2100 2830 sed

250 2883 408 2916 sequens
430 2883 485 2903 me
509 2870 588 2903 loco
613 2869 681 2902 mei
703 2869 879 2913 disputet3
904 2874 938 2900 et
958 2879 1026 2912 ego
1048 2866 1127 2898 loco
1152 2866 1222 2906 sui,
1246 2876 1309 2909 per
1330 2864 1395 2896 Dei
1416 2863 1578 2908 gratiam,
1604 2869 1684 2907 post
1705 2863 1929 2895 Nativitatem
1957 2865 2100 2897 Domini

371 2933 434 2948 *³*va
453 2930 545 2952 Chart.
569 2928 646 2952 Uniu.
665 2927 756 2950 Paris.
778 2926 818 2949 lV.
1949 2922 1977 2943 22
