2502 3418
368 320 433 352 598
950 327 1270 350 annTULARmM
1306 327 1498 350 usivsns.
1536 328 1665 350 rmus.
2142 316 2241 353 [1437

368 416 461 449 mag.
481 403 663 437 Robertus
684 403 822 448 Cybole
839 410 924 435 tunc
946 409 1083 442 rector3
1103 414 1167 446 pro
1186 408 1256 434 nat.
1280 402 1443 435 Picardie
1461 415 1554 448 mag.
1577 403 1656 436 Joh.
1676 404 1865 443 Haneron3
1884 414 1950 448 pro
1968 409 2038 435 nat.
2061 403 2241 444 Almanie,

368 483 462 516 mag.
481 470 688 504 Albertus‘.

462 569 608 592 comment.
623 570 673 592 sac.
687 568 766 596 med.,
783 568 815 594 ΙΙ,
832 576 858 599 p.
874 568 910 590 10.
925 581 956 585 -
968 568 997 590 ln
1013 567 1071 590 Lib.
1086 566 1181 590 bedelli
1192 566 1282 590 facult.
1295 566 1376 590 theol.
1390 567 1469 596 (Bibl.
1482 571 1536 591 nat.
1548 567 1644 596 Paris„
1658 576 1708 591 ms.
1719 568 1766 591 lut.
1778 569 1848 596 5494,
1859 576 1886 599 p.
1898 568 1952 597 190)
1964 567 2063 599 legitur
2074 568 2107 590 ud
2118 575 2161 591 an.
2175 568 2245 597 1437,

369 614 436 637 Maio
453 622 459 636 2
479 622 490 636 11
507 614 580 642 ltem,
597 621 645 644 pro
666 613 742 644 copia
763 612 936 635 articulorum
955 611 1062 635 secundi
1083 611 1163 634 rotuli
1179 611 1376 634 transmittendi
1395 619 1472 643 pape,
1490 612 1516 635 in
1533 620 1622 635 mense
1637 612 1699 635 Maii
1712 612 1794 636 CCCC
1806 612 1927 640 xxxvn,
1941 612 1969 643 iij
1984 612 2032 636 sol.
2050 612 2123 640 Item,
2140 612 2245 644 quando

368 658 467 682 domini
483 657 603 689 deputati
618 657 751 680 facultatis
766 658 872 680 suerunt
884 656 1039 687 congregati
1058 655 1085 678 in
1106 664 1210 678 camera
1226 655 1326 678 domini
1347 655 1439 678 decani
1456 656 1489 679 ad
1506 656 1668 680 visitandum
1684 656 1768 679 dictos
1791 656 1927 684 articulos,
1951 656 2020 688 [pro]
2040 656 2110 685 vino,
2131 656 2166 688 xij
2184 656 2244 680 den.

368 703 442 734 Item,
459 703 563 734 quando
579 702 641 725 dicti
657 702 754 725 domini
773 701 891 732 deputati
913 700 1046 723 facultatis
1065 701 1171 723 fuerunt
1189 700 1343 732 congregati
1360 700 1385 723 in
1402 709 1506 724 camera
1522 701 1621 724 domini
1637 701 1729 724 decani
1749 709 1830 733 super
1849 701 1941 725 eadem
1961 701 2082 730 materia,
2102 701 2137 733 xij
2154 701 2214 725 den.
2231 710 2244 722 n

369 747 437 778 (Vid.
453 750 572 772 Λυσίαν.
590 747 622 776 ΙΙ,
636 755 662 778 p.
677 747 741 775 495).
756 746 861 769 Minime
876 749 963 768 tumen
979 745 1082 768 rotulus
1099 744 1197 768 missus
1213 748 1261 768 est.

461 832 485 857 1.
503 832 610 863 Legitur
625 831 702 862 paulo
719 831 841 861 superius
859 838 864 853 ·.
883 840 894 853 «
909 831 981 853 Anno
996 830 1057 853 1436
1073 830 1101 861 [i.
1114 838 1136 853 e.
1154 829 1223 861 1437]
1238 830 1264 853 111
1281 830 1331 853 fine
1344 829 1456 852 rect-orie
1471 837 1540 860 mag.
1554 829 1685 853 Gaufl'ridi
1700 830 1783 853 Amici
1802 830 1851 854 fuit
1870 830 2047 854 deliberatum
2067 830 2137 862 quod
2158 829 2246 853 mitte-

370 880 460 900 rentur
476 876 682 899 ambassiatores
698 884 728 898 ex
743 878 818 906 parte
834 874 1022 898 Universitatis
1038 875 1071 897 ad
1087 874 1223 897 dominum
1236 877 1356 898 nostrum
1374 882 1507 897 summum
1522 874 1691 906 ponthificem
1710 875 1858 906 Eugenium
1876 883 1924 906 pro
1947 875 2033 898 rotulo
2047 875 2171 898 secundo.
2189 882 2200 898 ι
2214 888 2247 893 -

370 921 392 946 2.
408 922 464 945 Non
481 929 532 944 uno
550 921 693 951 eodemque
709 919 750 942 die
768 927 857 942 omnes
874 919 948 942 electi
964 922 1034 942 sunt.
1051 919 1122 942 Junii
1141 919 1152 941 1
1170 922 1224 942 nat.
1243 919 1358 948 Picnrd.‚
1374 922 1434 942 unte
1454 919 1515 942 Maii
1531 919 1560 942 23
1575 922 1630 942 nat.
1652 919 1729 950 Angl.
1750 919 1863 950 elegisse
1879 919 2100 942 ambassiatorem
2118 919 2216 942 scimus
2232 927 2245 943 e

369 967 469 991 Partie
484 967 530 990 des
542 965 627 996 piceos
643 969 669 989 et
683 969 754 989 actes
767 964 818 995 qui
833 968 1000 988 eonem-nent
1016 963 1195 988 I'Um’versite'
1206 965 1240 988 de
1254 964 1348 992 Paris,
1364 972 1416 988 rec.
1433 964 1474 994 lx,
1491 964 1558 987 alius
1574 964 1643 993 vm,
1660 973 1687 995 p.
1702 964 1739 992 16,
1757 964 1802 987 ubi
1815 968 1841 988 et
1857 973 1883 996 p.
1901 965 1939 993 15,
1955 964 2034 995 plura
2047 964 2079 987 de
2092 964 2141 987 hoc
2158 964 2245 987 rotulo

370 1019 383 1034 e
396 1011 453 1034 Lib.
469 1019 541 1041 proc.
560 1013 613 1033 nat.
628 1009 730 1032 ricard.
747 1023 776 1025 —
790 1008 813 1032 3.
833 1009 887 1031 lloc
906 1017 1000 1031 nomen
1019 1009 1092 1032 deest
1107 1008 1132 1031 in
1151 1017 1200 1031 ms.
1222 1008 1276 1036 cit.,
1293 1008 1355 1040 quin
1372 1009 1486 1031 nondum
1505 1010 1554 1033 sne.
1571 1009 1642 1032 decr.
1659 1017 1736 1032 suum
1752 1009 1880 1040 elegerat;
1900 1009 2084 1040 supplevimus
2100 1017 2113 1032 e
2127 1009 2245 1033 Memor.

369 1057 423 1085 fac.
440 1056 550 1083 decret„
567 1055 585 1081 Ι,
604 1054 647 1076 rol.
666 1053 731 1081 183¹»,
749 1061 800 1084 quo
813 1053 911 1084 legitur
924 1053 998 1077 Eust.
1012 1053 1144 1082 Mareade,
1160 1053 1277 1084 priorem
1291 1053 1322 1076 de
1336 1053 1408 1080 Ovis,
1425 1053 1537 1076 electum
1554 1053 1635 1076 fuisse
1651 1061 1666 1076 a
1683 1054 1732 1077 fac.
1746 1053 1818 1076 decr.
1833 1054 1874 1076 14·
1889 1053 2001 1084 Augusti
2018 1062 2029 1076 «
2046 1053 2071 1076 in
2088 1053 2246 1084 portitorem

370 1100 449 1123 rotuli
465 1108 487 1122 1).
503 1113 533 1116 -
547 1099 572 1124 h.
587 1099 606 1122 l.
621 1107 642 1121 c.
657 1098 780 1121 Albertus
796 1097 909 1127 Vorden,
926 1101 987 1121 tunc
1002 1101 1161 1129 procurator
1174 1101 1228 1121 nat.
1245 1098 1390 1121 Almnnine.
1406 1098 1465 1121 Vid.
1481 1100 1601 1122 Auctssr.
1616 1098 1648 1127 ll,
1665 1106 1692 1129 p.
1704 1099 1758 1127 496,
1773 1099 1796 1122 8.

371 1261 516 1299 2505.
538 1272 615 1305 lllag.
633 1270 778 1296 Iohannes
797 1270 927 1305 Clzuffart
940 1269 1051 1305 aliique
1069 1270 1096 1295 in
1114 1269 1259 1304 facultate
1273 1269 1377 1296 decret.
1394 1270 1566 1306 vesperizati
1579 1274 1606 1296 et
1621 1269 1803 1295 doctor-izuh.

1576 1358 1649 1387 7437,
1662 1358 1726 1383 dum
1736 1358 1826 1387 28-37,
1843 1358 1957 1384 Parisiis.

459 1457 565 1488 Anno
586 1455 731 1488 Domini
755 1455 813 1488 M⁰
832 1455 973 1488 CCCC0
992 1456 1195 1494 XXXVII0,
1227 1454 1356 1499 xxviija
1381 1455 1519 1487 mensis
1539 1454 1638 1495 Julii‚
1661 1455 1836 1499 magister
1860 1454 2045 1487 Johannes
2068 1453 2244 1495 Chuffart‚

373 1535 466 1568 mag.
490 1522 668 1555 Martinus
696 1522 740 1554 de
763 1522 949 1563 Freisnes,
974 1534 1067 1567 mag.
1097 1521 1289 1555 Eustacius
1315 1521 1484 1554 Mareade
1510 1521 1611 1566 prior
1638 1521 1682 1554 de
1708 1521 1828 1562 Ovis¹,
1853 1527 1888 1554 ct
1915 1532 2008 1566 mag.
2041 1522 2170 1554 Petrus
2200 1521 2245 1554 de

373 1591 488 1622 Brena
510 1590 658 1622 suerunt
677 1589 886 1634 vesperiati,
909 1595 944 1621 et
964 1589 1022 1621 die
1045 1589 1169 1621 martis
1190 1595 1381 1633 sequente,
1404 1600 1473 1633 que
1494 1588 1561 1621 suit
1582 1588 1779 1633 penultima
1795 1588 1960 1632 ejusdem
1982 1587 2133 1629 mensis,
2151 1587 2246 1621 fece-

372 1663 455 1689 runt
469 1657 598 1689 festum
623 1668 728 1688 suum
747 1655 783 1688 in
805 1655 912 1688 domo
935 1655 1073 1688 domini
1089 1655 1356 1700 archiepiscopi
1379 1655 1571 1688 Remensis
1593 1667 1706 1700 prope
1727 1655 1856 1687 fratres
1877 1654 2052 1687 Minores.

463 1754 570 1777 Memor.
586 1755 634 1777 sac.
651 1754 760 1782 decret„
777 1754 795 1781 Ῑ,
814 1754 860 1778 sol.
874 1753 940 1778 183b.
954 1766 982 1770 —
1000 1753 1082 1776 Iidem
1098 1753 1252 1776 doctorizati
1268 1753 1361 1776 ultima
1379 1753 1421 1776 die
1436 1753 1554 1784 ejusdem
1571 1752 1678 1781 mensis,
1695 1753 1794 1784 recepti
1809 1756 1871 1776 sunt
1890 1753 1923 1776 ud
1940 1752 2096 1784 regentium.
2112 1752 2246 1776 Johunnes

369 1798 497 1828 Chuss'urt,
511 1798 685 1821 concellarius
702 1798 795 1826 Paris„
812 1798 877 1821 Julii
891 1799 928 1826 29,
946 1797 1069 1821 invitavit.
1083 1798 1233 1826 canonicos,
1249 1801 1278 1821 ut
1294 1798 1359 1821 Julii
1375 1799 1404 1821 30
1420 1808 1433 1820 α
1445 1798 1543 1821 vellent
1562 1797 1613 1821 sibi
1629 1801 1654 1821 et
1671 1797 1726 1821 suis
1745 1797 1823 1821 sociis
1841 1798 1926 1821 facere
1941 1797 2067 1821 honorem
2083 1797 2109 1821 in
2125 1797 2205 1821 scolis
2222 1800 2248 1821 et

368 1844 394 1868 in
407 1843 530 1874 prandio.
545 1843 592 1866 Cui
603 1851 761 1874 responsum
774 1846 815 1866 est
830 1846 858 1866 ut
873 1843 972 1866 domini
989 1843 1084 1866 facient
1099 1846 1126 1866 ut.
1142 1842 1235 1866 melius
1251 1846 1375 1874 poterunt
1390 1852 1402 1864 1ο
1417 1842 1505 1873 (Arcb.
1523 1846 1586 1871 nut.,
1602 1843 1641 1866 LL
1655 1843 1708 1871 114,
1726 1851 1752 1874 p.
1769 1842 1835 1871 321).

462 1927 486 1952 1.
504 1928 553 1955 Qui
570 1927 595 1950 in
609 1931 638 1950 n0
653 1928 714 1950 ‘2508
729 1930 838 1950 vocatur
853 1936 863 1950 (1
878 1927 953 1959 prior
965 1928 996 1951 de
1013 1927 1096 1951 Oeulx
1113 1936 1135 1956 n,
1151 1930 1175 1950 et
1191 1927 1257 1950 alias
1273 1936 1283 1950 11
1299 1927 1396 1951 d'Oeus
1415 1936 1426 1950 »
1443 1945 1450 1951 .

370 2089 514 2126 2506.
539 2098 676 2124 Facultas
692 2098 869 2124 decretorum
886 2098 921 2125 de
938 2100 1038 2125 vestitu
1052 2100 1255 2134 magistrorum
1271 2100 1429 2135 regentium
1443 2099 1715 2135 congregationibus
1736 2099 1936 2125 universitatis
1951 2099 2167 2126 adsistentium.

1576 2183 1647 2213 1437,
1660 2183 1768 2215 Anqusti
1783 2183 1821 2213 74,
1838 2183 1955 2209 Parisiis.

463 2270 598 2302 Eodem
623 2282 716 2302 anno
743 2270 841 2314 xiiija
861 2271 999 2303 mensis
1029 2271 1188 2316 Augusti
1214 2271 1365 2304 facultas
1396 2271 1636 2316 solempniter
1663 2278 1898 2316 congregata,
1932 2270 2182 2304 confirmando
2211 2277 2247 2303 et

371 2336 585 2380 exequendo
608 2348 646 2369 ea
673 2349 743 2381 que
764 2337 801 2369 in
818 2337 898 2370 aliis
919 2337 1270 2382 congregationibus
1290 2339 1433 2371 fuerant
1453 2344 1599 2370 tractata
1620 2325 1655 2370 et
1671 2337 1881 2378 deliberata,
1905 2337 2098 2371 statuendo
2120 2337 2247 2370 (lecre-

372 2403 433 2443 vit,
458 2403 554 2447 quod
577 2403 699 2436 nullus
721 2415 856 2448 regens
878 2404 914 2436 in
936 2404 1030 2436 dicta
1046 2403 1213 2437 facultate
1232 2411 1418 2449 presumat
1438 2404 1482 2437 de
1499 2411 1621 2437 cetero
1643 2404 1823 2437 interesse
1841 2405 1878 2437 in
1894 2403 2246 2450 congregationibus

374 2469 630 2502 Universitatis
657 2470 727 2503 nisi
755 2470 876 2515 aliquo
902 2470 1089 2504 habituum
1119 2471 1350 2516 sequentium
1373 2471 1421 2504 sit
1441 2478 1603 2512 ornatus⁷
1627 2471 1706 2504 scil.
1730 2484 1828 2517 capa,
1857 2471 2034 2517 epitogio‚
2070 2470 2244 2504 mantello

373 2536 535 2568 foderato
557 2536 614 2569 vel
636 2537 786 2580 capucio
803 2538 980 2570 foderato.
1000 2538 1106 2580 Quod
1124 2538 1154 2571 si
1176 2539 1258 2583 quis
1280 2539 1316 2571 in
1333 2538 1553 2571 contrarium
1575 2539 1854 2583 attemptaverit,
1870 2550 1935 2583 pro
1957 2538 2019 2571 illa
2032 2538 2111 2571 vice
2128 2544 2247 2570 careat

373 2603 473 2635 vocis
497 2603 683 2648 suffragio
708 2605 834 2636 Datum
858 2605 893 2636 in
916 2604 1040 2637 eadem
1065 2605 1351 2650 congregatione
1374 2605 1432 2638 die
1454 2611 1489 2638 et
1508 2617 1602 2638 anno
1624 2605 1813 2650 predictis,
1836 2604 2071 2650 presentibus
2097 2604 2245 2637 domino

375 2669 499 2701 Livino
517 2670 704 2711 Neuelhw,
723 2670 819 2703 dom.
837 2671 917 2704 Joh.
941 2671 985 2704 de
1003 2672 1241 2713 Courcellis¹‚
1265 2672 1362 2705 dom.
1382 2671 1462 2705 Joh.
1487 2671 1676 2713 Chufardi,
1699 2672 1795 2704 dom.
1814 2671 1969 2704 Martino
1991 2671 2036 2704 de
2059 2671 2243 2710 Freisnes,

376 2735 470 2767 dom.
490 2736 610 2780 priore
632 2737 676 2769 de
698 2737 816 2770 Oculx
837 2744 871 2770 et
886 2750 979 2783 mag.
1002 2740 1109 2772 Petro
1127 2739 1171 2772 de
1189 2740 1319 2772 Brena.

465 2803 552 2833 Item
585 2802 621 2834 in
649 2803 772 2835 eadem
801 2806 1087 2850 congregatione
1113 2806 1180 2838 suit
1204 2806 1343 2839 electus
1374 2806 1411 2838 in
1437 2806 1650 2850 portitorem
1681 2805 1792 2839 rotuli
1822 2818 1888 2851 pro
1917 2805 2041 2838 eadem
2077 2803 2245 2837 facultate

379 2879 469 2912 mag
491 2869 681 2901 Eustacius
703 2871 882 2911 Mareade,
906 2872 1005 2916 prior
1026 2871 1070 2905 de
1093 2873 1193 2905 Ovis.
