2502 3418
403 327 467 358 214
981 333 1298 356 cistarum-mum
1335 331 1525 353 UNtVEnS.
1563 330 1691 352 Panis.
2166 318 2263 354 [1411

402 410 515 443 Paris.
544 409 752 443 successive
778 408 986 441 notabiliter
1011 408 1183 446 fecerant,
1213 418 1229 438 a
1256 405 1390 450 quibus
1419 405 1484 437 Dei
1514 404 1680 441 ecclesia,
1709 415 1862 448 regnum
1889 409 2067 443 nostrum,
2095 410 2265 449 totusque

401 477 500 510 Ordo
521 476 774 510 Cluniaeensis
797 475 957 507 decorati
979 475 1131 514 fuerant,
1156 480 1191 505 et
1216 472 1323 504 multa
1346 472 1439 504 bona
1460 471 1497 503 in
1519 471 1615 503 dicto
1639 470 1777 502 Ordine
1804 476 1838 502 et
1863 481 1901 501 re
1922 469 2066 514 publica
2089 482 2266 515 provene-

402 549 490 575 rant.
513 542 618 585 Quod
640 542 786 587 quidem
808 541 1004 585 collegium
1026 540 1269 573 Cluniacense
1290 551 1308 570 a
1330 538 1384 570 sui
1407 537 1598 569 fundatore
1620 535 1791 568 continue
1808 547 1932 568 verum
1951 548 2085 581 corpus
2106 543 2141 569 et
2161 537 2268 569 colle-

398 609 498 654 gium
529 609 751 642 nominatum
790 614 824 640 et
853 613 1055 652 reputatum
1091 606 1218 637 fuerat.
1250 606 1293 637 Et
1329 604 1366 636 in
1398 604 1542 647 signum
1574 602 1682 644 hujus
1717 601 1850 634 ibidem
1887 602 2078 635 studentes
2113 603 2264 648 predicti

398 675 546 720 collegii
574 675 745 720 priorem,
778 674 1022 718 suppriorem,
1057 671 1267 708 claustrum,
1303 669 1512 714 capitulum,
1546 667 1811 708 dormitorium,
1843 668 1984 701 archam
2021 681 2263 713 communem,

399 754 619 786 campanam,
648 740 808 785 sigillum
838 746 871 772 et
898 739 963 771 alia
991 739 1094 783 signa
1126 737 1272 781 collegii
1300 748 1318 769 a
1341 735 1552 768 fundatione
1580 734 1697 779 ipsius
1727 746 1791 766 seu
1823 746 1840 767 a
1868 734 1928 767 tali
1956 741 2132 780 tempore,
2160 738 2264 782 cujus

400 808 572 841 memoria
593 807 779 840 hominum
806 807 841 838 in
870 805 1090 838 contrarium
1113 816 1185 835 non
1211 802 1364 843 extabat,
1391 801 1592 834 habuerant
1617 807 1652 833 et
1676 800 1872 841 habebant;
1896 808 1931 834 et
1955 801 1999 834 ab
2024 803 2172 848 antiquo
2199 816 2263 849 pro

400 875 560 919 prioratu
581 872 810 906 conventuali
831 871 959 916 viginti
984 877 1121 915 septem
1145 869 1401 913 religiosorum
1429 879 1540 912 super
1561 866 1802 912 pensionibus
1822 868 1914 901 infra
1935 868 2162 902 declarandis
2183 871 2264 903 fun-

399 941 481 973 dato
504 947 537 973 et
554 941 589 972 in
611 940 703 972 dicta
726 938 969 971 Universitate
990 937 1220 981 incorporato
1242 934 1432 967 tenebatur
1452 941 1486 967 et
1503 933 1747 979 reputabatur.
1771 935 1812 966 In
1833 946 1904 979 quo
1925 935 2082 981 collegio
2104 936 2264 970 scolares

399 1019 463 1040 seu
486 1006 651 1051 religiosi
673 1005 806 1037 ibidem
825 1010 1014 1036 manentes
1036 1003 1196 1035 divinum
1219 1001 1406 1034 servitium
1429 1001 1560 1041 facere,
1583 1000 1732 1033 insimul
1752 1000 1891 1042 bibere,
1914 1002 2108 1035 comedere
2130 1010 2165 1036 et
2186 1003 2265 1036 dor-

398 1073 500 1113 mire,
525 1078 631 1117 prout
654 1071 712 1104 alii
736 1070 900 1115 religiosi
922 1071 1039 1102 faeere
1060 1074 1342 1105 consueverunt,
1366 1067 1584 1100 tenebantur
1604 1073 1639 1099 et
1659 1067 1966 1112 astringebantur.
1989 1069 2095 1111 Quod
2116 1070 2261 1114 quidem

397 1139 592 1183 collegium
624 1138 667 1170 ab
703 1138 850 1182 antiquo
879 1148 942 1181 per
969 1136 1060 1168 duos
1091 1135 1290 1180 prudentes
1315 1134 1414 1167 viros
1447 1134 1533 1166 dicti
1568 1134 1778 1166 monasterii
1813 1134 2067 1168 Cluniacensis
2100 1135 2260 1178 abbates,

396 1207 542 1238 Yvones
563 1204 780 1244 nominatos,
798 1203 967 1236 videlicet
989 1202 1205 1235 avunculum
1228 1208 1260 1233 et
1279 1207 1462 1245 nepotem,
1486 1200 1671 1233 fundatum
1695 1201 1871 1242 extiterat,
1891 1213 2043 1246 quorum
2061 1203 2262 1236 avunculus

397 1271 546 1316 plateam
569 1282 633 1303 seu
656 1270 783 1302 domos
804 1269 1003 1314 antiquitus
1024 1268 1158 1300 ibidem
1181 1268 1380 1300 existentes
1397 1267 1615 1312 acquisierat
1635 1279 1700 1300 seu
1717 1267 1760 1300 ad
1777 1279 1924 1301 censum
1942 1268 2072 1313 viginti
2089 1269 2259 1303 librarum

398 1338 505 1382 paris.
529 1343 728 1381 acceperat,
755 1343 790 1369 et
815 1348 878 1368 eos
904 1335 1084 1368 mediante
1113 1335 1209 1368 dicto
1237 1346 1349 1367 censu
1376 1334 1687 1373 admortisaverat‚
1713 1334 1905 1379 dictusque
1931 1336 2010 1380 ejus
2038 1347 2153 1380 nepos
2180 1344 2262 1382 post

396 1410 544 1436 mortem
574 1403 659 1435 dieti
692 1403 748 1435 sui
779 1402 946 1435 avunculi
975 1402 1107 1434 dictum
1135 1401 1331 1446 collegium
1361 1400 1528 1446 pluribus
1556 1400 1778 1434 notabilibus
1807 1401 1974 1443 edificiis,
2002 1409 2110 1447 prout
2136 1409 2192 1436 est
2216 1403 2260 1436 de

395 1470 566 1514 presenti,
586 1470 818 1502 decoraverat
840 1481 902 1501 seu
921 1475 1183 1501 construxerat.
1203 1469 1246 1501 Et
1262 1468 1298 1500 in
1320 1468 1463 1513 signum
1483 1468 1577 1500 dicte
1595 1467 1818 1501 fundationis
1837 1468 2002 1513 religiosi
2023 1469 2084 1514 qui
2106 1470 2142 1502 in
2164 1469 2259 1503 dicto

394 1537 550 1582 collegio
572 1543 779 1569 manserant
798 1543 832 1568 et
853 1535 1045 1568 manebant
1066 1535 1167 1580 plura
1189 1535 1436 1567 anniversaria
1458 1541 1491 1567 et
1513 1535 1702 1580 potissime
1724 1534 1886 1579 qualibet
1906 1534 2105 1568 ebdomada
2123 1543 2258 1570 certum

393 1603 547 1636 ollicium
575 1603 763 1647 solempne
795 1602 841 1634 ob
868 1602 1066 1634 remedium
1094 1603 1291 1634 animarum
1319 1601 1497 1634 dictorum
1527 1601 1758 1634 fundatorum
1784 1602 1902 1634 facere
1934 1610 2201 1636 consueverant
2226 1610 2262 1636 et

391 1669 581 1702 faciebant.
604 1671 688 1702 Post
709 1670 813 1713 cujus
834 1669 979 1713 collegii
1003 1669 1267 1701 edificationem
1291 1675 1323 1701 et
1343 1668 1521 1701 dictorum
1538 1668 1769 1701 fundatorum
1791 1668 1996 1710 decessum,
2015 1681 2079 1714 per
2095 1669 2259 1703 abbatem

392 1736 682 1776 Cluniaeensem,
706 1736 766 1780 qui
789 1742 941 1780 protunc
965 1742 1052 1775 erat,
1076 1735 1243 1780 Capitulo
1267 1735 1429 1780 generali
1452 1735 1537 1768 dicti
1558 1735 1708 1768 Ordinis
1735 1735 1973 1780 solempniter
1995 1748 2074 1768 cum
2104 1748 2147 1769 eo
2173 1749 2259 1770 eon-

391 1809 555 1847 gregato,
578 1803 738 1847 pensatis
760 1802 949 1835 commodo
972 1809 1006 1835 et
1022 1802 1174 1835 utilitate
1196 1802 1281 1835 dicti
1300 1802 1462 1843 Ordinis,
1481 1802 1578 1847 quod
1595 1802 1632 1835 in
1654 1802 1781 1835 eodem
1799 1802 1956 1848 collegio
1973 1803 2102 1848 viginti
2119 1810 2256 1849 septem

391 1869 550 1902 scolares
577 1870 637 1914 qui
661 1869 696 1901 in
722 1869 888 1902 facultate
914 1869 1041 1901 artium
1074 1876 1109 1902 et
1136 1869 1320 1914 theologie
1350 1869 1540 1902 studerent
1569 1868 1637 1902 sub
1668 1869 1823 1914 quodam
1855 1869 1977 1914 priore
2003 1876 2038 1902 et
2063 1870 2257 1915 suppriore

390 1936 567 1968 dictorum
589 1936 795 1977 scolarium,
819 1936 880 1980 qui
906 1936 949 1968 de
975 1936 1112 1969 eisdem
1140 1936 1487 1969 administrationem
1516 1948 1581 1969 seu
1609 1936 1772 1980 regimen
1798 1935 1986 1978 haberent,
2011 1943 2046 1969 et
2068 1937 2166 1981 quod
2192 1949 2256 1982 pro

389 2014 513 2035 eorum
543 2003 820 2043 sustentatione,
843 2002 1010 2035 videlicet
1034 2003 1129 2035 victu
1157 2010 1190 2035 et
1211 2003 1344 2035 vestitu
1370 2002 1548 2035 habendis
1575 2015 1593 2035 a
1623 2015 1691 2036 xxv
1717 2002 1901 2047 prioribus
1927 2009 1962 2035 et
1992 2003 2140 2036 decanis
2170 2003 2256 2037 dicti

388 2069 537 2102 Ordinis
555 2069 808 2102 Cluniacensis
829 2069 1036 2110 ditioribus,
1058 2069 1208 2102 cuilibet
1229 2070 1407 2102 dictorum
1429 2069 1623 2102 scolarium
1646 2076 1742 2102 certa
1766 2070 1893 2114 pensio
1910 2082 2027 2102 annua
2049 2070 2255 2115 quindecim

388 2135 559 2168 librarum
587 2136 709 2180 paris,
733 2135 904 2168 videlicet
924 2149 941 2168 a
968 2136 1088 2180 priore
1116 2137 1150 2169 S.
1174 2137 1318 2169 Martini
1345 2137 1389 2169 de
1411 2137 1557 2182 Campis
1584 2137 1712 2178 Paris,
1735 2148 1877 2169 necnon
1899 2149 1917 2169 a
1943 2137 2064 2181 priore
2089 2137 2255 2171 Caritatis

388 2214 498 2246 super
515 2202 686 2246 Ligerim,
707 2214 723 2234 a
741 2202 903 2246 quolibet
920 2203 1117 2235 eorundem
1136 2203 1206 2236 due
1224 2204 1439 2248 pensiones3
1462 2216 1479 2236 a
1498 2204 1619 2248 priore
1637 2203 1680 2236 de
1703 2203 1972 2248 SausillengiiS,
1994 2215 2079 2244 una;
2100 2215 2118 2236 a
2135 2204 2256 2249 priore

387 2268 431 2300 de
453 2268 604 2309 Paredo,
627 2269 688 2312 qui
709 2281 727 2301 a
748 2268 859 2313 longo
882 2275 1043 2313 tempore
1068 2270 1155 2302 citra
1182 2276 1216 2302 et
1241 2270 1357 2302 adhue
1384 2270 1428 2303 de
1457 2270 1619 2315 presenti
1646 2270 1769 2302 unitus
1795 2276 1851 2303 est
1871 2281 1996 2302 mense
2021 2270 2107 2303 dicti
2132 2270 2256 2303 desen-

386 2335 494 2376 soris,
517 2347 604 2375 una,
627 2334 670 2367 ab
692 2334 772 2368 aliis
799 2347 943 2380 quoque
965 2336 1001 2368 in
1027 2348 1203 2380 processu
1230 2336 1337 2370 latius
1366 2336 1570 2376 declaratis,
1593 2349 1611 2369 a
1639 2336 1804 2381 quolibet
1830 2348 1918 2377 una;
1946 2336 1989 2369 ab
2015 2336 2143 2369 abbate
2167 2348 2254 2370 vero

385 2401 445 2445 qui
466 2408 550 2433 tunc
572 2407 646 2433 erat
667 2407 701 2433 et
722 2402 801 2445 ejus
823 2402 1115 2443 successoribus,
1134 2403 1215 2447 quia
1238 2403 1390 2436 ditiores
1412 2410 1526 2444 erant,
1551 2403 1620 2435 due
1642 2403 1841 2448 pensiones
1864 2402 2008 2435 duobus
2029 2402 2110 2435 aliis
2139 2403 2254 2436 scola-

386 2467 486 2499 ribus
517 2474 551 2499 et
576 2479 645 2500 una
670 2468 800 2512 viginti
830 2467 1002 2501 librarum
1034 2470 1142 2513 paris.
1172 2470 1286 2514 priori
1313 2470 1399 2502 dicti
1428 2469 1589 2515 collegii,
1619 2470 1758 2503 ratione
1789 2470 1875 2502 dicti
1901 2470 1959 2503 sui
1985 2469 2106 2509 officii,
2134 2469 2254 2502 solve-

385 2540 522 2575 rentur,
546 2540 717 2566 statutum
740 2541 775 2566 et
795 2534 1000 2567 ordinatum
1023 2537 1150 2568 suerat.

472 2600 549 2642 Que
571 2601 768 2644 pensiones
789 2601 994 2646 quindecim
1017 2601 1204 2643 librarum,
1225 2610 1307 2648 post
1326 2603 1480 2648 alicujus
1502 2604 1678 2648 temporis
1699 2603 1867 2648 spatium,
1887 2615 1929 2636 eo
1951 2603 2048 2648 quod
2070 2603 2155 2635 dicti
2177 2614 2253 2635 sco-

383 2666 476 2698 lares
504 2666 547 2698 de
580 2666 717 2699 eisdem
743 2668 865 2700 vivere
897 2675 931 2700 et
960 2669 1156 2701 sustentari
1186 2682 1257 2702 non
1288 2677 1466 2715 poterant,
1495 2682 1559 2714 per
1589 2676 1708 2702 certos
1739 2669 2011 2703 commissarios
2040 2669 2251 2702 auctoritate

384 2732 499 2776 papali
516 2732 705 2776 deputatos
722 2734 765 2766 ad
782 2746 955 2767 summam
974 2735 1100 2779 viginti
1123 2735 1295 2768 librarum
1314 2737 1423 2781 paris.
1443 2736 1592 2769 cuilibet
1613 2736 1770 2781 simplici
1792 2736 1936 2777 scolari,
1954 2735 2147 2768 baeallario
2164 2747 2250 2769 vero

382 2798 418 2830 in
441 2798 621 2842 theologia
641 2799 683 2831 ad
706 2801 865 2845 triginta,
888 2808 922 2833 et
942 2802 1115 2846 magistro
1137 2803 1173 2834 in
1195 2802 1379 2848 theologia
1406 2803 1449 2835 ad
1476 2803 1511 2835 xl
1539 2802 1662 2836 librar.
1695 2803 1803 2847 paris.
1833 2814 1992 2835 summas
2021 2809 2250 2847 augmentate

382 2866 562 2898 fuerant...
