2502 3418
401 348 465 380 210
980 357 1303 379 CHARTULARIUM
1339 357 1530 381 uuivans.
1568 357 1698 378 Panis.
2173 341 2271 380 [1411Ι

400 431 723 464 ambassiatoribus
739 431 900 476 ipsorum
920 443 1061 475 regum,
1084 431 1229 470 ducum,
1249 431 1496 464 marchionum
1515 437 1550 464 et
1565 431 1750 471 comitum,
1768 443 1806 463 ac
1829 430 1933 463 etiam
1955 429 2099 462 nunciis
2120 429 2273 462 Univer-

401 498 544 531 sitatum
566 498 790 543 generalium
813 498 1016 530 studiorum
1040 498 1083 530 ad
1105 498 1222 542 ipsum
1241 498 1446 537 destinatis,
1465 497 1526 542 qui
1543 497 1824 530 ambassiatores
1841 503 1876 529 et
1891 496 2014 529 nuncii
2032 495 2274 540 personaliter

401 576 440 597 se
461 564 676 609 conspectui
705 564 842 597 domini
870 565 986 597 nostri
1013 571 1047 596 et
1070 564 1208 609 primos
1234 564 1374 597 rotulos
1397 563 1617 608 principales
1639 564 1803 608 ipsorum
1831 563 1948 596 eidem
1970 569 2271 607 presentaverunt

400 638 435 663 et
455 631 492 663 in
514 638 698 676 posterum
721 630 995 676 presentabunt,
1014 637 1049 663 et
1070 630 1203 675 quibus
1224 630 1548 663 ambassiatoribus
1569 641 1634 674 per
1654 630 1808 662 eundem
1831 629 2015 662 dominum
2039 635 2203 661 nostrum
2226 629 2270 662 de

399 697 588 730 beneficiis
608 697 820 730 vacantibus
841 704 899 730 aut
926 703 1024 729 certo
1052 697 1159 729 modo
1181 696 1360 729 vacaturis
1387 708 1460 728 non
1486 696 1603 728 extitit
1627 696 1811 740 provisum
1840 702 1900 728 aut
1922 695 2127 727 mandatum
2150 696 2270 740 provi-

399 764 476 796 deri
498 771 531 810 et
549 764 662 808 gratia
684 764 808 797 sortita
830 764 940 796 fuerit
960 763 1147 802 effectum,
1170 763 1333 807 ipsorum
1352 774 1493 807 regum,
1513 762 1719 807 reginarum
1738 761 1900 806 dalphini
1917 767 1953 794 et
1968 761 2126 806 singulis
2142 762 2269 807 singu-

398 830 513 863 lorum
537 831 681 871 ducum,
705 830 876 863 videlicet
900 830 1134 869 Bituricens.,
1163 829 1388 874 Burgundie,
1415 828 1685 867 Aurelianens.,
1712 828 1911 868 Britannie,
1934 828 2093 860 Turonie
2119 835 2154 861 et
2179 829 2268 861 Bor-

398 896 497 929 bonii
519 896 815 941 procuratoribus
838 896 873 928 in
901 898 1058 928 Romana
1087 896 1185 928 curia
1207 896 1378 928 continue
1402 894 1665 934 residentibus,
1687 893 1926 927 familiaribus
1953 894 2165 927 domesticis
2186 901 2265 928 actu

397 969 432 995 et
456 963 627 995 continue
655 962 814 995 servitiis
842 961 1113 1002 insistentibus,
1136 973 1262 1006 regum
1287 968 1322 994 et
1349 961 1479 993 ducum
1507 961 1726 1005 prefatorum
1754 972 1793 993 ac
1822 972 1974 993 uxorum
2001 961 2201 993 eorundem
2229 961 2266 994 in

396 1028 658 1073 principalibus
676 1028 752 1061 suis
770 1027 899 1060 rotulis
916 1028 1116 1072 inscriptis,
1136 1034 1170 1060 et
1187 1027 1305 1072 quoad
1322 1026 1511 1068 beneficia,
1530 1026 1652 1071 quein
1671 1026 1809 1072 regnis,
1827 1025 2018 1059 ducatibus
2039 1032 2075 1059 et
2094 1027 2265 1061 dominiis

396 1095 472 1127 suis
494 1101 683 1139 expectant
703 1101 738 1126 et
758 1093 1000 1138 expectabunt
1020 1094 1056 1126 in
1077 1094 1250 1134 futurum,
1275 1093 1484 1126 tenentibus
1505 1092 1765 1138 parlamentum
1793 1093 1933 1137 regium
1960 1093 2120 1126 Parisius
2148 1093 2266 1138 potio-

395 1160 496 1193 ribus
517 1161 553 1193 in
576 1161 669 1201 data,
691 1167 726 1193 et
751 1161 812 1204 qui
834 1172 961 1193 omnes
983 1167 1017 1193 et
1039 1160 1177 1205 singuli
1199 1172 1307 1205 supra
1332 1160 1531 1204 specificati
1559 1159 1796 1204 singulariter
1817 1159 1955 1204 singuli
1979 1166 2058 1192 actu
2085 1160 2163 1193 suis
2192 1172 2261 1193 ser-

393 1227 490 1260 vitiis
512 1233 546 1259 et
567 1227 694 1259 officiis
712 1226 942 1267 insistebant,
960 1239 998 1259 ac
1021 1227 1080 1271 qui
1103 1227 1298 1259 familiares
1314 1227 1404 1267 veri,
1423 1226 1614 1259 domestici
1630 1226 1806 1266 continui,
1829 1226 2094 1259 commensales
2115 1238 2263 1271 expres-

393 1305 514 1326 sorum
538 1300 639 1326 erant
664 1300 826 1338 tempore
851 1293 931 1326 date
957 1293 1067 1326 rotuli
1094 1293 1247 1338 predicti
1275 1293 1536 1325 beneficiorum
1563 1292 1895 1325 ecclesiasticorum
1921 1292 2114 1337 capacibus
2136 1300 2171 1326 et
2196 1305 2261 1338 pro

393 1360 525 1404 seipsis
554 1359 801 1392 tantummodo
831 1366 866 1392 et
891 1359 1062 1392 duntaxat
1089 1359 1267 1404 exceptis;
1296 1359 1369 1391 illis
1390 1359 1495 1391 etiam
1518 1358 1841 1392 ambassiatoribus
1867 1365 1902 1392 et
1922 1359 2066 1392 nunciis
2087 1359 2261 1404 predictis

390 1433 425 1459 et
445 1425 636 1470 quibusvis
664 1426 744 1458 aliis
773 1426 942 1470 personis
970 1426 1141 1470 superius
1162 1427 1280 1466 [non]³
1303 1426 1502 1470 expressis,
1527 1425 1660 1470 quibus
1682 1426 1804 1458 forsan
1826 1425 1921 1458 idem
1944 1425 2115 1458 dominus
2136 1432 2262 1459 noster

388 1493 473 1525 fecit
492 1493 626 1537 gratias
647 1492 888 1537 expectativas
909 1492 951 1525 ad
974 1493 1046 1525 duo
1068 1492 1124 1525 vel
1148 1492 1250 1537 plura
1272 1492 1462 1533 beneficia,
1484 1492 1527 1525 ad
1554 1504 1659 1525 unam
1681 1492 1738 1525 vel
1760 1492 1925 1526 diversas
1946 1492 2161 1526 collationes
2182 1493 2259 1526 sive

386 1559 518 1592 virtute
535 1559 643 1591 unius
661 1566 695 1591 et
711 1559 874 1603 ejusdem
896 1559 1031 1603 gracie,
1051 1559 1127 1591 sive
1143 1559 1276 1592 virtute
1294 1559 1519 1592 diversarum
1541 1559 1751 1604 gratiarum,
1770 1559 1889 1604 quoad
1910 1571 2021 1592 unum
2039 1559 2256 1592 beneficium

386 1626 557 1658 duntaxat
577 1637 641 1670 per
657 1625 824 1669 singulos
842 1625 968 1669 vigore
990 1626 1104 1670 gratie
1122 1625 1178 1658 vel
1199 1626 1395 1670 gratiarum
1416 1625 1627 1670 hujusmodi
1648 1625 1950 1670 assequendum&
1974 1626 2053 1669 Quo
2074 1633 2191 1659 autem
2213 1626 2257 1659 ad

385 1692 482 1724 aliud
512 1692 568 1725 vel
598 1692 677 1732 alia,
706 1692 811 1724 etiam
838 1692 867 1724 si
893 1691 981 1724 alias
1012 1699 1138 1725 essent
1170 1692 1383 1725 doctoribus
1411 1698 1447 1725 et
1473 1692 1658 1737 magistris
1689 1692 1863 1737 predictis
1889 1692 2114 1737 preferendi,
2142 1692 2257 1726 voluit

385 1759 479 1791 idem
514 1759 684 1791 dominus
715 1765 840 1791 noster
868 1758 1004 1791 eisdem
1037 1759 1252 1791 doctoribus
1283 1765 1318 1791 et
1347 1759 1532 1804 magistris
1560 1759 1793 1804 prejudicari,
1823 1771 1890 1792 nec
1925 1759 2023 1804 quod
2055 1759 2108 1792 eis
2141 1759 2256 1804 prefe-

385 1826 542 1858 rantur⁵.
1607 1827 1644 1858 F.
1672 1837 1714 1857 DE
1742 1827 2072 1858 MONTEPOLlcmNo.

477 1922 539 1946 Cod.
551 1923 608 1946 Vat.
623 1923 669 1945 lat.
684 1923 754 1951 4990,
773 1923 817 1945 fol.
837 1922 900 1945 1¹⁴7b.
918 1923 988 1945 Infra
1005 1923 1037 1945 ad
1054 1931 1095 1945 an.
1114 1923 1183 1951 1412,
1197 1923 1256 1946 Jan.
1272 1924 1284 1946 7
1298 1926 1323 1946 et
1337 1923 1448 1954 pluries,
1466 1927 1494 1947 ut
1508 1923 1533 1946 in
1551 1923 1628 1947 Arch.
1644 1927 1699 1947 nat.
1716 1924 1811 1952 Paris„
1825 1924 1872 1947 Χῖ*
1887 1924 1956 1953 1479,
1976 1925 2019 1948 fol.
2036 1925 2091 1948 273.
2109 1937 2135 1942 —
2152 1924 2199 1947 Hic
2214 1927 2256 1947 est

383 1967 485 1990 celeber
501 1967 607 1998 quintus
625 1967 761 1994 articulus,
779 1967 810 1989 de
825 1975 875 1998 quo
888 1975 970 1997 supra
985 1975 1011 1998 p.
1029 1967 1083 1996 187,
1102 1970 1156 1990 not.
1171 1968 1192 1996 1,
1209 1968 1291 1990 verba
1309 1968 1428 1991 fecimus.
1448 1969 1477 1991 In
1490 1968 1581 1999 quinto
1597 1968 1666 1991 enim
1684 1968 1858 1992 articulorum
1876 1968 2055 1991 communium
2067 1970 2104 2000 (p.
2122 1969 2175 1998 185)
2192 1968 2254 1992 Uni-

381 2011 494 2034 versitas
510 2020 558 2042 pro
573 2011 622 2034 hoc
636 2011 778 2042 privilegio
794 2011 965 2042 adipiscendo
982 2011 1153 2042 supplicavit.
1174 2012 1228 2035 Non
1244 2015 1332 2035 tamen
1351 2013 1420 2041 1410,
1437 2013 1490 2036 Jul.
1507 2013 1545 2042 10,
1562 2021 1632 2044 papa
1650 2013 1822 2044 privilegium
1839 2013 1926 2044 primo
1942 2013 2079 2041 concessit,
2097 2016 2126 2036 ut
2141 2013 2253 2044 quisque

381 2055 485 2086 opinari
509 2059 608 2086 posset,
631 2055 743 2086 legendo
766 2055 936 2086 principium,
955 2055 1000 2078 sed
1021 2064 1088 2078 anno
1109 2056 1178 2084 1411,
1195 2056 1249 2079 Jul.
1267 2057 1303 2085 10,
1321 2060 1350 2079 ut
1374 2057 1443 2080 infra
1463 2061 1492 2080 n⁰
1508 2057 1569 2080 1942
1591 2057 1749 2088 explicatur.
1771 2058 1837 2081 Eum
1852 2066 1910 2081 esse
1925 2067 1938 2079 α
1957 2058 1988 2080 de
2005 2057 2131 2080 antidatis
2147 2067 2170 2085 1ο,
2187 2057 2253 2080 scri-

381 2100 452 2122 bitur
471 2100 548 2122 etiam
566 2100 634 2122 infra
650 2104 678 2122 n⁰
701 2100 770 2125 1927,
787 2103 840 2122 not.
860 2102 881 2122 5.
900 2100 972 2123 Tunc
992 2100 1163 2131 privilegium
1180 2101 1265 2123 solum
1282 2101 1307 2123 in
1329 2110 1432 2132 papyro
1446 2110 1494 2132 pei·
1512 2102 1683 2125 secretarium
1700 2102 1804 2133 signato
1820 2102 1986 2125 universitas
2006 2102 2116 2133 recepit,
2131 2110 2182 2125 non
2204 2109 2252 2133 per

380 2152 477 2175 papam
494 2144 637 2175 signatum,
656 2144 698 2167 vel
714 2144 763 2166 sub
779 2144 861 2173 bulla,
882 2152 928 2167 nec
946 2144 1118 2175 registratum
1136 2145 1198 2173 (vid.
1218 2150 1314 2168 nunium
1330 2148 1502 2177 scqucntem).
1522 2146 1588 2169 Hinc
1605 2146 1731 2170 lacrimae
1747 2146 1946 2171 Universitatis.
1967 2147 2003 2170 De
2023 2146 2084 2169 aliis
2105 2146 2183 2170 etiam
2198 2154 2250 2169 non

379 2192 500 2211 contenta
516 2192 580 2212 erat.
597 2188 653 2211 Vid.
668 2188 736 2211 infra
750 2192 778 2211 n⁰
794 2189 863 2211 1941.

473 2289 497 2314 1.
512 2289 686 2320 Subintellige
701 2298 714 2309 «
728 2289 842 2319 exceptis
856 2298 879 2317 ι),
896 2289 966 2319 quod
982 2289 1091 2311 verbum
1107 2289 1186 2320 longo
1199 2293 1260 2320 post
1275 2298 1397 2321 quaeras.
1419 2304 1447 2308 —
1461 2290 1486 2315 2.
1502 2291 1529 2313 In
1546 2290 1623 2314 Arch.
1638 2294 1692 2314 nat.
1710 2290 1804 2319 Paris„
1820 2290 1844 2313 M
1857 2289 1909 2319 6612,
1924 2294 1953 2312 n⁰
1968 2290 1997 2312 33
2012 2290 2051 2319 (Α.
2063 2290 2101 2313 13.
2115 2291 2148 2319 c),
2164 2292 2250 2313 exstat

379 2337 588 2364 transsumptum
605 2334 630 2356 in
645 2342 721 2364 pei-g.
734 2342 747 2356 e
765 2341 833 2356 nunc
851 2333 988 2364 deperdito
1004 2333 1125 2364 Regisuv
1146 2334 1372 2364 supplicationum
1388 2335 1516 2358 Johannis
1536 2335 1617 2358 XXIII
1632 2335 1693 2358 anni
1707 2335 1795 2366 primi,
1811 2335 1856 2366 qui
1878 2334 1998 2357 diversos
2018 2334 2101 2357 libros
2118 2335 2157 2363 (ut
2177 2334 2249 2365 Sup-

378 2378 532 2409 plicationes
549 2378 714 2409 sequentium
730 2379 880 2408 paparum),
893 2378 986 2400 saltem
1000 2379 1023 2406 8,
1035 2378 1195 2402 continebat.
1208 2379 1235 2401 In
1251 2378 1301 2401 isto
1314 2382 1497 2410 transsumpto
1513 2383 1574 2402 sunt
1582 2379 1714 2411 exscripta
1725 2379 1831 2402 nomina
1845 2378 2016 2402 familiarium
2027 2378 2155 2401 Johannis
2167 2378 2247 2401 XXIII

377 2426 403 2446 ct
417 2423 601 2450 cardinalium,
622 2422 718 2453 quibus
734 2421 856 2452 magistri
871 2421 897 2444 in
913 2422 999 2444 rotulo
1015 2422 1137 2453 inscripti
1151 2426 1279 2453 quantuni
1295 2424 1327 2445 ad
1342 2424 1531 2447 assecutionem
1547 2424 1694 2455 gratiarum
1710 2423 1935 2455 expectativarum
1950 2422 2080 2454 praeferri
2099 2431 2150 2446 non
2166 2422 2247 2446 debe—

377 2467 449 2490 bant.
465 2467 613 2490 Generatim
634 2468 664 2489 30
687 2466 830 2489 familiares
851 2466 876 2488 in
897 2466 1056 2489 cancellaria
1081 2467 1234 2489 nominandi
1256 2471 1339 2492 crant.
1364 2468 1406 2490 Sic
1427 2469 1505 2491 etiam
1528 2469 1578 2492 sub
1601 2469 1713 2492 Mat-tino
1729 2469 1749 2491 V
1766 2468 1860 2499 viguit,
1883 2471 1912 2491 ut
1931 2471 2043 2499 apparet
2057 2475 2070 2490 e
2085 2467 2185 2498 regulis
2201 2475 2244 2499 ap.

377 2512 549 2538 OTTENT11A1.,
562 2512 687 2542 Reyulae
701 2511 816 2534 cancell.
830 2514 928 2540 apost.⁷
944 2519 971 2541 p.
988 2511 1042 2540 210,
1057 2511 1101 2542 qui
1117 2514 1203 2534 tamen
1220 2512 1306 2542 quoad
1319 2512 1377 2535 Joh.
1394 2513 1474 2536 XXIII
1491 2514 1554 2536 haec
1570 2514 1657 2536 omnia
1671 2517 1699 2536 ut
1714 2513 1792 2536 etiam
1805 2512 1961 2537 articulum
1977 2511 2108 2542 Vomisit,
2123 2511 2244 2543 quamvis

376 2564 422 2586 pro
438 2556 538 2586 regulis
554 2555 659 2578 Martini
675 2556 694 2577 V
710 2555 910 2578 fundamentum
926 2554 1031 2577 fuerint.
1050 2555 1202 2578 Afferuntur
1223 2556 1330 2578 nomina
1351 2556 1375 2578 in
1398 2560 1581 2588 transsumpto
1596 2566 1601 2580 ·,
1619 2558 1653 2580 De
1669 2558 1756 2580 rotulo
1777 2556 1950 2580 familiarium
1968 2556 2028 2579 Joh.
2043 2563 2127 2587 pupe;
2144 2556 2176 2578 de
2193 2558 2244 2579 rot.

374 2600 521 2627 conclavis;
539 2601 569 2623 de
586 2600 678 2622 rotulis
697 2599 870 2622 cardinalium
888 2599 1064 2630 Neapolitani,
1081 2600 1220 2626 Laudons.v
1239 2600 1270 2623 de
1288 2601 1464 2629 Branchatiis,
1482 2602 1513 2624 dc
1530 2602 1674 2633 iij-spania,
1692 2601 1839 2629 Tudertin.,
1856 2602 1883 2624 S.
1899 2600 2002 2632 Angeli,
2015 2600 2196 2631 Aquilegens.,
2212 2600 2244 2623 de

374 2645 468 2670 Flisco.
485 2645 609 2674 Ostiens.‚
626 2644 657 2667 de
673 2644 829 2674 Columpna,
845 2643 876 2666 de
888 2643 1020 2672 Challant,
1033 2644 1168 2672 Militens.‚
1185 2645 1216 2667 de
1229 2645 1343 2674 Ursinis,
1361 2646 1503 2676 Animus„
1518 2647 1718 2677 Burdegalens.,
1733 2647 1853 2675 Bareas„
1870 2646 2021 2673 Aspaneus„
2039 2645 2194 2672 Ravennat„
2211 2645 2243 2668 de

374 2689 464 2717 Bari-o,
482 2689 512 2711 (lc
535 2689 656 2714 Saluciis.
673 2689 704 2711 de
726 2688 857 2719 'shut-ayo,
879 2688 1039 2716 Penestrini;
1056 2689 1088 2711 de
1109 2689 1203 2711 rotulis
1226 2690 1496 2720 prothonotariorum,
1518 2691 1669 2714 auditorum
1688 2691 1783 2722 palatii
1805 2690 1952 2722 apostolici,
1970 2693 1995 2713 et
2015 2689 2041 2712 in
2063 2689 2114 2712 fine
2135 2689 2242 2712 nomina
2287 2683 2289 2686 .

373 2733 530 2764 scriptorum
551 2736 719 2764 exceptorum
734 2741 748 2755 a
768 2732 937 2755 concessione
958 2732 1156 2757 Universitatis.
1179 2734 1248 2756 Inter
1270 2734 1317 2756 hos
1334 2734 1410 2765 quasi
1431 2736 1476 2757 700
1496 2735 1650 2765 familiares,
1667 2739 1725 2764 etc„
1747 2743 1798 2758 non
1814 2734 1892 2766 pauci
1913 2734 2048 2757 studentes
2072 2736 2098 2756 et
2119 2733 2242 2764 magistri

374 2777 590 2807 Unive1·sitatum‚
617 2777 694 2800 ctiam
721 2777 876 2800 Germaniae
899 2779 924 2799 et
946 2777 1047 2806 Italiae,
1073 2777 1253 2801 inveniuntur.
1271 2791 1298 2795 —
1323 2778 1348 2803 3.
1372 2779 1390 2801 Ε
1416 2784 1491 2801 numo
1516 2780 1576 2802 1926
1601 2780 1770 2803 inserendum
1795 2782 1842 2802 est.
1866 2792 1896 2796 —
1917 2778 1942 2804 k.
1965 2779 2000 2801 Ut
2023 2778 2072 2801 hoc
2096 2777 2241 2808 intelligas,

372 2823 405 2845 cf.
421 2826 469 2844 uum
486 2822 555 2844 1920.
570 2835 599 2838 —
615 2821 638 2846 5.
656 2821 753 2844 Deinde
770 2825 916 2852 sequuntur
930 2822 957 2844 in
973 2822 1036 2844 Cod.
1052 2822 1110 2845 vat.
1132 2822 1178 2845 alii
1194 2822 1300 2845 articuli
1317 2823 1385 2846 infra
1402 2823 1427 2845 in
1443 2823 1585 2854 privilegio
1601 2833 1686 2855 papae
1702 2833 1743 2849 an,
1766 2824 1836 2853 1412,
1856 2823 1915 2846 Jan.
1937 2824 1960 2852 7,
1982 2822 2106 2845 contenti.
2130 2822 2241 2853 Insuper

373 2867 465 2889 iterum
480 2866 594 2897 ponitur,
612 2866 754 2896 magistros
773 2866 988 2897 praerogativam
1009 2866 1116 2896 hahere,
1134 2866 1242 2889 minime
1262 2870 1349 2890 tamen
1369 2876 1455 2898 papae
1481 2868 1657 2892 familiaribus
1679 2872 1704 2892 ct
1725 2868 1877 2892 domesticis
1899 2867 2030 2890 continuis
2052 2867 2239 2898 praeferendos

371 2919 436 2934 csse.
450 2911 585 2933 Praeterea
599 2910 776 2932 conceduntur
792 2910 927 2940 magistris
946 2912 995 2933 fac.
1010 2911 1154 2934 medicinae
1170 2912 1275 2934 eaedem
1291 2912 1493 2943 praerogativae
1507 2916 1584 2944 atque
1600 2914 1735 2944 magistris
1749 2913 1775 2936 in
1791 2913 1881 2941 theol„
1893 2912 1951 2943 jure
1967 2919 2059 2934 canon.
2078 2914 2103 2934 et
2117 2911 2198 2934 civili.

496 2956 534 2978 27.
