2502 3418
385 318 451 351 344
682 354 685 357 ,
959 330 1276 352 οηᾼιιτυιΑιιιυΜ
1310 329 1502 352 univnns.
1538 330 1667 353 mnis.
2153 317 2253 355 [1418

474 402 609 437 Macheti,
627 404 728 430 Petrus
744 403 780 430 de
799 404 944 439 Ver-saliis,
962 404 1106 431 lor-danus
1122 404 1235 438 Morini,
1253 404 1398 430 lohannes
1415 403 1558 438 Lambere,
1578 403 1746 430 Guillelmus
1758 404 1909 439 Aymerici‚
1931 405 1963 431 O.
1975 404 2092 440 praed„
2109 404 2254 431 lohannes

473 451 633 486 Raffanelli
651 453 681 478 O.
700 452 779 486 Min„
797 452 942 489 aliique³‚·
958 453 1019 489 ipse
1034 453 1178 479 lohannes
1202 454 1307 478 Get-son
1329 452 1523 479 cancellarius
1543 452 1668 478 Concilio
1686 452 1899 479 Constantiensi
1915 457 2034 489 peracto
2052 453 2182 479 Parisios
2197 461 2252 479 non

473 509 601 526 reversus
617 500 686 527 est&

1501 537 1571 567 1418,
1587 538 1650 563 unii
1659 537 1703 567 29,
1717 537 1786 564 dunii
1800 538 1837 567 12.
1851 538 1965 564 Ρανίεἱίι.

477 586 605 613 Αυσεαν.,
619 585 651 613 Π,
668 593 695 616 p.
709 586 764 615 244,
780 585 824 615 15;
841 586 895 614 246,
912 586 923 608 1
941 593 1013 617 sqq.;
1030 586 1084 615 243,
1101 588 1154 608 not.
1169 585 1191 614 1,
1205 587 1254 608 etc.

477 667 501 693 1.
515 668 627 692 Nuntius
643 669 721 700 hujus
737 669 799 692 sacti
814 669 887 692 Junii
900 670 922 697 3,
939 672 965 692 et
981 670 1094 693 fortasse
1106 669 1161 700 jam
1181 671 1267 698 antea,
1287 668 1321 692 ad
1341 669 1502 693 exultantem
1519 669 1612 693 ducem
1632 669 1802 701 Burgundine
1822 670 1894 694 venit
1909 671 1949 700 (E.
1969 671 2059 699 ΡΕτιτ,
2077 670 2252 700 Itt’ne’raires.

382 721 408 744 p.
423 713 485 742 612),
503 713 546 744 qui
563 713 626 736 Julii
641 714 669 736 14
684 722 742 736 cum
759 713 851 744 regina
867 713 980 736 Isabella
996 713 1112 736 Parisios
1129 713 1262 744 ingressus
1276 716 1317 736 est
1327 713 1466 743 (Auctar.,
1483 714 1514 742 11,
1532 722 1559 745 p.
1575 714 1630 744 248,
1643 717 1698 738 not.
1715 715 1748 744 1).
1761 728 1793 733 -
1804 714 1829 740 2.
1841 715 1908 746 Aug.
1922 715 1952 738 20
1966 715 2063 739 iterum
2075 715 2152 739 multi
2167 715 2252 745 truci-

383 757 438 781 dati
453 761 522 785 sunt,
540 757 576 781 itu
590 761 618 781 ut
633 761 686 781 tum
701 758 762 781 Jun.
776 758 805 781 12
820 766 899 789 quum
912 758 980 788 Aug.
995 758 1025 780 20
1037 757 1098 789 plus
1112 765 1190 789 quam
1207 758 1268 781 3500
1280 757 1408 789 perierint
1421 758 1507 788 (ihid.‚
1521 767 1549 790 p.
1563 759 1617 787 252,
1633 759 1656 787 4,
1676 762 1702 782 et
1718 762 1773 783 not.
1790 760 1822 789 5).
1833 773 1865 777 —
1877 759 1901 785 3.
1917 760 1965 784 An.
1979 760 2040 783 1429
2056 759 2191 791 legitimus
2206 768 2254 785 rex

383 801 493 825 Carolus
507 810 603 825 corona
618 802 712 825 horum
729 802 917 833 magistrorum
933 802 1098 833 aliorumque
1118 802 1189 833 apud
1205 802 1326 826 Pictas-os
1342 802 1614 827 circumfundebatur.
1630 804 1668 829 Cf.
1682 803 1751 827 infru
1767 804 1951 828 Umvznfflns
1966 804 2057 828 Pmus.
2073 812 2106 828 nr
2122 804 2252 832 Jounuu

382 846 473 869 n'ARc.
489 859 520 863 —
531 846 555 871 k.
575 847 612 870 Ad
628 846 691 870 haec
708 846 759 870 vid.
776 848 904 874 Auctar.,
921 847 953 874 11,
969 854 995 877 p.
1008 847 1061 875 243,
1076 849 1130 870 not.
1147 846 1173 876 1;
1190 847 1244 875 247,
1261 849 1314 870 not.

384 1020 528 1057 2105.
554 1029 689 1054 Fac-ultas
705 1029 865 1055 medicinae
881 1029 1025 1055 concludit
1043 1029 1201 1056 Iohannem
1221 1029 1414 1065 L’Aventage⁴
1437 1035 1464 1057 et
1479 1031 1657 1057 Ber-nardum
1679 1032 1802 1058 Nivardi
1821 1031 1862 1058 ad
1878 1032 2025 1058 licentiam
2045 1032 2248 1069 admittendos,

469 1079 597 1113 quamvis
611 1081 721 1114 tempus
737 1077 889 1104 lectionum
904 1087 1023 1104 suarum
1036 1087 1090 1115 per
1105 1078 1329 1105 baccalareatus
1344 1083 1473 1116 tempora
1485 1080 1611 1116 probare
1626 1089 1680 1107 non
1693 1081 1816 1117 possint,
1834 1081 1869 1107 ob
1887 1080 2012 1107 edictum
2027 1081 2109 1108 ducis
2122 1082 2251 1118 Burgun-

470 1126 538 1152 diae
553 1126 606 1152 suh
616 1135 712 1163 poena
727 1127 835 1161 mortis,
851 1136 886 1153 ne
902 1128 966 1163 quis
980 1136 1076 1154 eorum
1092 1128 1197 1154 veniret
1211 1128 1354 1155 Parisios.

1629 1174 1697 1205 1418,
1713 1175 1782 1201 ..lunii
1796 1175 1832 1205 18,
1850 1175 1964 1202 Paridis.

475 1214 620 1238 comment.
637 1215 687 1238 suc.
704 1215 784 1245 med„
800 1216 819 1245 1,
833 1224 860 1247 p.
877 1216 931 1239 225.

474 1297 499 1322 1.
514 1298 691 1321 Nihilominus
707 1298 795 1322 occiso
807 1299 927 1322 Johanne
941 1299 1006 1323 duce
1022 1300 1193 1332 Burgundiue
1206 1301 1255 1325 fuit
1269 1301 1409 1325 familiaris
1425 1305 1450 1325 et
1465 1302 1583 1326 medicus
1599 1302 1717 1335 Philippi
1732 1303 1806 1327 ducis
1823 1303 1994 1335 Burgundiae
2009 1304 2114 1336 (Suppl.
2128 1304 2205 1328 Mart.
2220 1304 2250 1333 V,

381 1346 409 1365 no
425 1342 477 1370 161,
501 1342 545 1366 tol.
567 1342 633 1372 210⁵,
650 1343 683 1366 ud
703 1351 746 1367 un.
763 1344 836 1372 142ος
858 1344 1003 1374 (Μυκη,
1018 1345 1102 1369 Mem.
1120 1352 1196 1376 pour
1211 1346 1304 1371 servir
1317 1347 1335 1371 ὰ
1351 1346 1436 1371 l’hist.
1453 1347 1487 1371 de
1506 1347 1615 1372 F‘rance
1629 1351 1655 1372 et
1670 1348 1702 1372 de
1717 1348 1896 1379 Bouryoqne,
1921 1348 1953 1377 Π,
1972 1356 2000 1380 p.
2016 1349 2070 1378 227,
2086 1352 2112 1372 et
2130 1348 2201 1372 intra
2217 1349 2252 1373 ad

380 1395 422 1410 an.
437 1387 505 1415 1421,
522 1387 669 1417 Novemb.).
687 1387 724 1411 Ab
739 1396 782 1411 un.
801 1388 871 1418 1437,
886 1389 971 1420 April.
985 1390 1023 1417 27,
1035 1389 1119 1421 episc.
1133 1390 1303 1414 Ambianens.
1315 1390 1374 1415 Vid.
1392 1391 1467 1416 Gall.
1479 1392 1583 1421 christ„
1596 1392 1625 1421 X,
1642 1392 1731 1423 lustru,
1747 1401 1774 1424 p.
1788 1393 1849 1422 3513
1863 1394 1993 1423 Λυσίανυ
2005 1393 2037 1421 ll,
2053 1402 2081 1425 p.
2093 1393 2148 1422 561,
2160 1397 2215 1417 not.
2227 1393 2251 1418 1.

380 1571 408 1608 2
419 1571 525 1608 106.
553 1581 678 1614 Officium
692 1581 889 1609 cancellariae
904 1583 1000 1610 Paris.
1014 1583 1139 1610 Iohanni
1157 1585 1355 1611 Gourtecuisse
1371 1586 1560 1612 commissum.

1645 1670 1716 1700 1418,
1733 1670 1794 1696 dum
1807 1671 1834 1703 6,
1849 1671 1964 1697 Parisiis.

467 1752 522 1784 Ad
543 1759 747 1797 requestam
771 1753 924 1786 rectoris
945 1760 981 1786 et
1001 1753 1254 1799 deputatorum
1273 1755 1542 1798 Universitatis‚
1563 1763 1715 1802 'propter
1731 1756 1932 1791 absentiam
1954 1757 2092 1791 domini
2112 1759 2250 1792 cancel-

379 1817 458 1850 larii
485 1815 703 1852 Parisiensis
729 1819 886 1853 ecclesie
911 1819 1100 1861 [Johannis
1126 1821 1298 1863 Gerson.]
1327 1828 1361 1855 et
1388 1822 1553 1868 magistri
1580 1823 1624 1857 G.
1652 1823 1807 1857 Macheti
1835 1825 2000 1858 canonici
2029 1825 2147 1859 Paris.
2169 1826 2249 1871 ejus

380 1884 580 1921 substituti.
606 1885 763 1919 officium
784 1886 1001 1920 cancellarie
1021 1888 1258 1921 commissum
1280 1895 1336 1922 est
1364 1901 1429 1934 per
1449 1889 1646 1935 capitulum
1668 1891 1809 1932 [Paris]
1837 1891 2012 1937 magistro
2036 1893 2067 1925 J.
2094 1892 2249 1926 Courte-

379 1951 500 1984 cuisse
520 1952 695 1985 canonico
723 1953 851 1994 Paris„
881 1954 943 1999 qui
970 1954 1129 1999 prestitit
1154 1955 1401 2000 juramentum
1423 1955 1580 1989 fideliter
1600 1957 1795 1990 exercendi
1823 1957 1958 1991 dictum
1984 1958 2141 1992 officium
2167 1959 2248 1993 sine

378 2018 590 2063 acceptione
612 2031 864 2064 personarum.

470 2116 548 2140 Arch.
565 2120 620 2141 nat.
633 2117 727 2146 Paris..
745 2118 784 2142 LL
800 2118 845 2141 112
861 2118 935 2147 (olim
950 2119 1014 2149 215),
1031 2128 1057 2151 p.
1074 2120 1128 2143 202.

379 2291 523 2328 2107.
551 2301 724 2328 Universitas
740 2303 836 2328 Paris.
854 2303 1039 2330 calamitates
1058 2305 1247 2340 quinquennii
1258 2306 1381 2342 peracti,
1399 2315 1417 2332 α
1434 2306 1519 2332 malis
1533 2307 1776 2341 gubernatoribus
1790 2307 1901 2342 illatas,
1920 2312 1948 2334 et
1961 2312 2069 2335 statum
2084 2308 2245 2335 desolatum

466 2350 557 2376 studii
570 2350 716 2385 describit,
734 2360 769 2378 ea
784 2352 965 2388 reprobando
981 2362 1177 2390 quaecumque
1198 2355 1372 2381 Universitas
1386 2355 1435 2382 illo
1452 2359 1576 2392 tempore
1591 2360 1692 2382 contra
1704 2356 1804 2383 ducem
1819 2357 2006 2392 Burgandiae
2019 2358 2131 2393 fecerit.

1601 2445 1673 2476 7418.
1686 2446 1796 2479 Augusti
1806 2447 1830 2476 9,
1843 2447 1958 2473 Pari-sile.

468 2527 658 2560 Universis
692 2527 995 2563 christifidelibus
1029 2538 1150 2564 rector
1179 2538 1215 2565 et
1248 2532 1477 2567 Universitas
1510 2534 1622 2566 studii
1661 2534 1897 2577 parisiensis,
1928 2534 2105 2568 honorem
2139 2542 2176 2569 et
2207 2536 2245 2570 in

378 2591 524 2626 Christo
545 2593 791 2628 dilectionem.
810 2596 983 2639 Quamvis
999 2609 1118 2630 rerum
1137 2598 1305 2640 varietas,
1323 2611 1361 2632 ac
1384 2606 1587 2645 temporum
1609 2607 1742 2634 mutata
1761 2601 1917 2646 qualitas
1936 2602 2057 2647 exigat
2077 2609 2116 2636 ut
2134 2602 2244 2636 animi

378 2671 510 2701 mores,
535 2661 699 2703 affectus,
720 2669 801 2695 vota
822 2663 901 2696 vice
921 2663 1096 2697 laudabili
1116 2672 1313 2708 mutentur,
1337 2673 1456 2700 tamen
1476 2679 1550 2700 non
1571 2674 1627 2701 est
1647 2668 1823 2713 sapientis
1844 2680 1965 2702 rerum
1986 2676 2244 2714 perseverante

378 2726 528 2767 ratione,
552 2727 742 2771 pristinum
766 2729 938 2763 deserere
969 2732 1210 2776 propositum.
1233 2733 1323 2766 Cum
1354 2733 1475 2779 itaque
1501 2735 1664 2779 presenti
1693 2735 1810 2768 lustro
1835 2735 2009 2781 pleraque
2030 2735 2244 2779 deliberata,

378 2792 560 2834 conclusa,
579 2794 724 2839 scripta,
744 2796 926 2840 predicata
947 2797 1015 2830 sul)
1038 2805 1162 2831 nostre
1179 2799 1436 2833 Universitatis
1458 2801 1604 2834 nomine
1625 2801 1793 2835 dicantur
1807 2801 2044 2847 opinionibus
2064 2814 2104 2836 ac
2119 2802 2244 2837 volun-

378 2857 510 2891 tatibus
532 2861 668 2893 nostris
688 2863 879 2904 contraria,
907 2876 952 2896 ne
978 2876 1045 2898 nos
1067 2865 1291 2910 duplicitatis
1310 2873 1371 2900 aut
1395 2867 1579 2901 varietatis
1600 2862 1779 2914 quispiam
1802 2868 2028 2910 criminetur,
2045 2869 2103 2903 vel
2123 2869 2243 2903 existi-
