2502 3418
391 298 410 330 6
969 304 1286 326 CHARTULMMUM
1322 303 1512 325 UNlVERS.
1550 303 1678 325 mnis.
2153 289 2253 326 [1395

478 381 614 414 Dyonisio
629 381 764 410 Feullart,
781 380 873 413 presb.
894 380 1054 406 Belvacens.
1073 379 1158 408 dioc..
1182 387 1257 412 mag.
1275 378 1306 404 in
1327 380 1381 404 art.
1399 380 1427 404 ct
1450 378 1517 404 scol.
1542 378 1664 404 Parisius
1687 378 1828 404 continuo
1852 378 1882 403 in
1907 377 1996 403 theol.
2018 377 2048 402 in
2073 377 2179 410 quinto
2202 385 2253 403 sue

390 431 484 457 audie.
502 438 589 456 anno.

478 479 600 505 Martiali
614 478 738 512 Nepotis,
753 478 845 511 presb.
864 478 1057 503 Lemovicens.
1071 477 1157 506 dioc..
1174 477 1242 502 scol.
1257 476 1379 502 Parisius
1393 476 1423 501 in
1439 476 1491 501 sac.
1506 476 1582 502 decr.
1598 475 1628 501 in
1642 483 1695 501 sec.
1713 483 1763 501 sue
1775 475 1870 501 audie.
1887 483 1975 501 anno.

478 528 591 554 Nicolao
605 527 737 557 Tricotel,
755 528 821 553 cler.
839 527 1000 553 Bclvacens.
1017 526 1090 552 dioc.

479 577 595 609 Hugoni
610 577 645 602 de
660 577 758 606 Pratis,
773 576 839 602 cler.
859 577 888 601 et
908 575 1008 604 nobili,
1026 575 1173 601 Parisiens.
1189 574 1274 604 dioc..
1292 575 1411 600 nullum
1433 574 1609 600 heneficium
1631 573 1853 600 ecclesiasticum
1873 573 2028 600 obtinenti.
2045 574 2111 600 scol.
2130 573 2253 600 Parisius

389 626 421 651 in
436 627 490 651 art.
2075 621 2110 657 [6]

479 712 555 745 Fiat
574 724 639 756 pro
660 711 841 744 omnibus.
861 713 898 743 L.
916 732 959 735 —
978 712 1019 743 Et
1041 717 1198 743 transeat
1219 711 1297 743 sine
1318 711 1386 744 alia
1408 711 1564 743 lectione
1591 717 1625 743 et
1649 723 1728 743 cum
1751 710 1925 743 examinis
1946 710 1989 742 ad
2012 716 2131 754 partes
2155 722 2252 742 com-

390 779 578 811 missione.
595 798 640 804 —
656 778 742 811 Fiat.
767 779 804 810 L.

478 846 580 878 Pater
600 844 820 885 beatissime,
848 855 1038 889 personam
1061 851 1214 877 vestram
1238 843 1571 877 benedictissimam
1594 850 1787 877 conservet
1810 843 2008 876 altissimus
2029 842 2197 876 selliciter
2218 849 2252 876 et

390 911 544 956 longeve
572 912 615 944 ad
644 911 806 956 regimen
834 910 989 944 ecclesie
1017 922 1081 943 sue
1110 917 1244 943 sancte.
1269 911 1447 955 Scriptum
1480 911 1640 944 Parisius
1671 910 1739 943 sub
1761 910 1884 956 sigillo
1910 922 1990 942 meo
2018 909 2252 954 presentibus

390 977 460 1010 hiis
487 990 647 1022 appenso
673 989 766 1010 anno
789 977 932 1009 Domini
960 977 1153 1009 millesimo
1180 977 1436 1010 trecentesimo
1459 978 1696 1022 nonagesimo
1720 984 1860 1022 quarto,
1883 977 1941 1009 die
1963 976 2085 1021 quinta
2113 976 2250 1009 mensis

390 1044 613 1085 Decembris,
639 1044 857 1077 sanctissimi
879 1043 1108 1088 pontificatus
1128 1044 1240 1077 vestri
1261 1056 1354 1076 anno
1377 1044 1506 1089 primo.

478 1112 554 1144 Dat.
577 1111 769 1152 Avinione,
788 1117 912 1143 octavo
934 1110 1016 1143 idus
1033 1110 1204 1151 Januarii,
1228 1122 1321 1142 anno
1344 1111 1473 1155 primo.

481 1209 542 1239 Reg.
559 1208 652 1239 Suppl.
675 1208 770 1231 Bencd.
795 1208 860 1235 XIII,
878 1212 906 1230 n⁰
922 1208 959 1236 78,
984 1208 1029 1231 sol.
1047 1208 1100 1231 136.
1125 1221 1152 1225 --
1174 1208 1201 1231 In
1225 1212 1252 1230 n⁰
1266 1209 1304 1236 43,
1323 1209 1367 1231 sol.
1385 1208 1479 1236 7712-79,
1495 1211 1580 1231 exstat
1594 1208 1673 1231 etiam
1689 1209 1791 1231 rotulus
1806 1208 1923 1239 episcopi
1940 1208 2025 1231 Paris.
2042 1209 2092 1231 Sed
2108 1217 2159 1231 non
2175 1207 2253 1240 parvi

387 1253 510 1276 momenti
525 1256 566 1275 est
580 1253 690 1275 Rotulus
703 1252 775 1275 curie
788 1252 949 1275 Parlnmenti
964 1252 1034 1282 regis
1051 1252 1160 1275 Francie
1172 1260 1215 1276 an.
1232 1253 1301 1281 1394,
1315 1253 1406 1276 Octob.
1424 1254 1461 1281 25,
1478 1253 1504 1275 in
1521 1257 1549 1275 n0
1564 1254 1602 1281 84,
1618 1253 1661 1276 fol.
1676 1253 1771 1276 Gli-75¹2.

480 1336 504 1361 1.
522 1338 570 1360 An.
587 1337 648 1359 1409
663 1337 749 1359 solum
766 1336 792 1359 in
810 1336 889 1360 theol.
907 1336 995 1360 licent.
1012 1337 1071 1362 Vid.
1089 1337 1120 1360 de
1135 1337 1195 1368 ipso
1211 1336 1274 1359 ibid.

394 1538 531 1574 1718.
554 1556 568 1572 «
584 1547 704 1573 Botulus
721 1547 907 1583 quorumdam
923 1547 1097 1573 studentium
1113 1548 1247 1574 Parisiis.
1263 1558 1278 1574 »

1557 1619 1632 1648 1395,
1647 1618 1777 1644 Februarii
1791 1619 1814 1647 9,
1830 1618 1960 1644 Ᾱνεηίοηε.

478 1713 688 1758 Supplicant
707 1714 885 1746 sanctitati
901 1721 1021 1747 vestre
1038 1715 1150 1747 vestri
1171 1715 1292 1748 devoti
1309 1721 1345 1747 et
1364 1714 1520 1747 humiles
1541 1714 1702 1747 scolares
1719 1714 1946 1747 Parisienses
1967 1714 2120 1747 inferius
2140 1714 2251 1747 nomi-

389 1780 475 1822 nati,
498 1787 676 1824 quatenus
698 1780 765 1813 sibi
790 1781 983 1825 specialem
1004 1782 1154 1826 gratiam
1175 1781 1349 1815 facientes
1371 1781 1414 1814 de
1436 1781 1681 1814 beneficiis...

475 1878 509 1903 Et
524 1878 619 1911 primo
633 1878 760 1904 Johanni
774 1879 810 1904 de
825 1879 1010 1908 Laudissono.
1025 1880 1091 1905 cler.
1106 1880 1317 1906 Cenomanens.
1332 1880 1418 1908 dioc..
1434 1888 1510 1913 mag.
1526 1880 1557 1905 in
1572 1881 1626 1906 art.
1642 1882 1671 1906 et
1683 1880 1750 1906 scol.
1767 1879 1890 1905 Parisius
1904 1879 1936 1905 in
1949 1880 2000 1905 fac.
2015 1879 2105 1905 theol.

474 1927 548 1952 Item
562 1927 674 1953 Nicolao
689 1927 898 1957 Manducemus,
912 1928 978 1954 cler.
994 1928 1205 1954 Cenomanens.
1219 1929 1306 1958 dioc.,
1320 1937 1397 1962 mag.
1414 1929 1445 1955 in
1458 1931 1512 1955 art.
1529 1930 1557 1955 et
1572 1929 1638 1956 scol.
1658 1928 1780 1954 Parisius
1793 1928 1823 1954 in
1836 1928 1888 1954 sac.
1907 1928 1983 1954 med.

476 1976 605 2002 Michaeli
619 1976 654 2002 de
666 1976 868 2006 Boscolibonti,
884 1977 949 2002 cler.
968 1977 1135 2003 Abrincens.
1152 1977 1237 2007 dioc..
1255 1986 1332 2010 mag.
1350 1978 1381 2003 in
1394 1979 1447 2004 art.

475 2024 603 2050 Johanni
618 2025 735 2054 Rotarii,
750 2026 816 2051 cler.
832 2025 1042 2052 Cenomanens.
1059 2026 1145 2055 dioc..
1163 2027 1223 2052 bac.
1238 2027 1268 2052 in
1284 2029 1337 2053 art.
1353 2029 1381 2053 ct
1396 2028 1462 2053 scol.
1480 2027 1602 2053 Parisius
1616 2027 1647 2052 in
1663 2027 1790 2059 predicta
1806 2027 1857 2052 sac.
1875 2028 1929 2052 art.

474 2074 632 2106 Reginaldo
646 2074 797 2103 Chourtes,
813 2075 879 2100 cler.
896 2075 1010 2100 Dolens.
1028 2075 1113 2104 dioc„
1131 2076 1197 2101 scol.
1215 2076 1337 2102 Parisius
1350 2077 1380 2102 in
1396 2077 1448 2102 sac.
1465 2077 1541 2102 decr.
1558 2076 1589 2101 in
1604 2076 1710 2109 quinto
1725 2083 1803 2101 anno
1815 2083 1865 2102 sue
1879 2075 2046 2101 auditionis.

475 2123 588 2148 Matheo
600 2122 635 2148 de
650 2123 746 2152 Bosco,
763 2124 829 2149 cler.
847 2124 1057 2150 Cenomanens.
1074 2124 1159 2153 dioc..
1177 2125 1237 2150 bac.
1255 2125 1285 2150 in
1300 2127 1366 2154 art..
1383 2126 1449 2151 scol.
1468 2125 1590 2151 Parisius
1605 2125 1635 2150 in
1650 2125 1777 2159 predicta
1792 2125 1939 2150 facultate.

476 2171 603 2197 Johanni
615 2172 761 2201 Vuneche,
778 2173 844 2198 cler.
861 2172 1071 2199 Cenomanens.
1089 2173 1174 2203 dioc.‚
1192 2174 1258 2199 scol.
1276 2175 1398 2200 Parisius
1412 2175 1443 2200 in
1459 2175 1511 2200 sac.
1525 2176 1580 2200 art.

475 2220 635 2246 Guillermo
648 2220 799 2250 Chourtes,
814 2221 906 2254 presb.
925 2221 1039 2247 Dolens.
1054 2222 1139 2251 dioc..
1157 2223 1223 2248 scol.
1242 2223 1364 2249 Parisius
1379 2223 1409 2248 in
1423 2224 1475 2249 fac.
1492 2223 1567 2249 decr.

475 2269 628 2302 Radulpho
642 2269 678 2295 de
692 2269 823 2299 Camino.
841 2270 906 2296 cler.
924 2270 1134 2297 Cenomanens.
1151 2272 1237 2301 dioc..
1253 2272 1312 2298 bac.
1329 2272 1358 2297 in
1372 2274 1425 2299 art.
1440 2274 1468 2298 et
1483 2273 1548 2298 scol.
1568 2272 1688 2298 Parisius
1702 2272 1733 2298 in
1748 2272 1875 2305 predicta
1891 2272 1943 2297 sac.
1958 2273 2012 2297 art.

475 2317 603 2343 Johanni
618 2318 724 2348 Brune,
741 2319 807 2344 cler.
826 2319 941 2345 Dolens.
958 2320 1031 2346 dioc.

476 2367 637 2393 Guillermo
651 2367 799 2397 Rousselli‚
817 2368 883 2394 cler.
900 2368 1110 2395 Cenomanens.
1125 2369 1210 2399 dioc..
1226 2370 1292 2396 scol.
1307 2370 1430 2396 Parisius
1443 2371 1474 2396 in
1489 2372 1542 2396 art.
1558 2371 1610 2396 sac.

477 2416 603 2441 Johanni
617 2416 777 2448 Reginaldi.
791 2417 858 2443 cler.
874 2417 999 2450 Sagiens.
1014 2418 1100 2447 dioc..
1116 2419 1175 2444 bac.
1192 2419 1222 2444 in
1235 2421 1301 2448 art.‚
1316 2420 1383 2445 scol.
1402 2420 1524 2445 Parisius
1539 2419 1569 2445 in
1585 2419 1712 2453 predicta
1727 2419 1863 2445 facultate
1878 2420 1933 2445 art.

476 2464 601 2490 Johanni
617 2465 797 2495 Boissouche,
814 2466 881 2492 cler.
896 2466 1106 2493 Cenomanens.
1123 2467 1209 2496 dioc..
1226 2468 1286 2494 bac.
1303 2468 1333 2493 in
1345 2470 1400 2493 art.
1414 2470 1443 2494 ct
1458 2469 1524 2494 scol.
1542 2468 1665 2494 Parisius
1680 2468 1710 2494 in
1724 2468 1776 2494 fac.
1791 2470 1844 2494 art.

478 2513 639 2539 Guillermo
654 2514 830 2544 Chauveleti,
846 2515 913 2540 cler.
928 2515 1139 2542 Cenomanens.
1156 2516 1229 2542 dioc.

477 2562 559 2588 Petro
573 2562 687 2592 Tesson,
703 2563 769 2589 cler.
787 2563 952 2589 Abrincens.
969 2564 1056 2594 dioc.v
1073 2565 1139 2590 scol.
1157 2565 1290 2595 Parisius,
1305 2566 1365 2592 bac.
1381 2566 1411 2591 in
1427 2568 1480 2591 art.
2053 2565 2106 2601 [15]

478 2651 554 2682 Fiat
580 2662 644 2695 pro
670 2650 849 2683 omnibus.
876 2652 913 2683 L.
931 2672 974 2675 —
995 2652 1079 2685 Sine
1100 2652 1166 2685 alia
1188 2653 1355 2686 lectione.
1373 2674 1417 2678 —
1438 2654 1523 2686 Fiat.
1547 2655 1584 2687 L.
1602 2675 1646 2679 —
1662 2655 1739 2687 Dat.
1761 2655 1942 2687 Avinione
1963 2654 2090 2698 quinto
2111 2654 2160 2686 id.
2184 2655 2249 2687 Fe-

389 2716 538 2758 hruarii⁷
559 2729 652 2749 anno
674 2717 802 2761 primo.

481 2815 543 2845 Reg.
561 2815 653 2845 Suppl.
671 2815 766 2838 Bened.
782 2816 848 2844 ΧΙΙΙΥ
865 2820 893 2838 n⁰
914 2817 951 2845 82,
975 2817 1020 2839 sol.
1036 2817 1087 2840 85¹1.
1104 2830 1131 2834 -
1146 2818 1174 2840 In
1190 2822 1218 2840 n⁰
1234 2819 1271 2847 83,
1290 2818 1334 2841 sol.
1351 2818 1417 2848 mab,
1431 2822 1470 2842 est
1485 2819 1587 2842 rotulus
1602 2819 1816 2842 baccalareorum
1832 2822 1856 2842 et
1878 2818 2067 2849 magistrorum
2078 2821 2104 2841 et
2118 2817 2247 2841 nobilium

389 2859 504 2890 ejusdem
520 2859 589 2888 unni,
606 2859 652 2882 sed
664 2867 715 2882 non
730 2860 894 2891 exprimitur,
911 2864 999 2884 utrum
1015 2861 1177 2885 Parisienses
1191 2862 1209 2885 ii
1225 2862 1277 2886 sint
1290 2871 1379 2887 necne.
