<?xml version="1.0" encoding="UTF-8"?>
<!DOCTYPE html PUBLIC "-//W3C//DTD XHTML 1.0 Transitional//EN"
    "http://www.w3.org/TR/xhtml1/DTD/xhtml1-transitional.dtd">
<html xmlns="http://www.w3.org/1999/xhtml" xml:lang="en" lang="en">
 <head>
  <title>
</title>
<meta http-equiv="Content-Type" content="text/html;charset=utf-8" />
  <meta name='ocr-system' content='tesseract 3.04.00' />
  <meta name='ocr-capabilities' content='ocr_page ocr_carea ocr_par ocr_line ocrx_word'/>
</head>
<body>
  <div class='ocr_page' id='page_1' title='image "./chartulariumuniv04univuoft_0554.png"; bbox 0 0 2502 3418; ppageno 0'>
   <div class='ocr_carea' id='block_1_1' title="bbox 396 314 2269 358">
    <p class='ocr_par' dir='ltr' id='par_1_1' title="bbox 396 314 2269 358">
     <span class='ocr_line' id='line_1_1' title="bbox 396 314 2269 358; baseline 0.001 -9"><span class='ocrx_word' id='word_1_1' title='bbox 396 317 461 349; x_wconf 90' lang='lat'>510</span> <span class='ocrx_word' id='word_1_2' title='bbox 980 323 1301 347; x_wconf 61' lang='lat' dir='ltr'>cnxn’rummlnm</span> <span class='ocrx_word' id='word_1_3' title='bbox 1336 323 1526 345; x_wconf 68' lang='lat' dir='ltr'>unrvsns.</span> <span class='ocrx_word' id='word_1_4' title='bbox 1563 324 1693 346; x_wconf 75' lang='lat' dir='ltr'><strong>PARIS.</strong></span> <span class='ocrx_word' id='word_1_5' title='bbox 2170 314 2269 358; x_wconf 79' lang='lat'>[1431</span> 
     </span>
    </p>
   </div>
   <div class='ocr_carea' id='block_1_2' title="bbox 890 425 1776 458">
    <p class='ocr_par' dir='ltr' id='par_1_2' title="bbox 890 425 1776 458">
     <span class='ocr_line' id='line_1_2' title="bbox 890 425 1776 458; baseline -0.002 0"><span class='ocrx_word' id='word_1_6' title='bbox 890 426 1128 458; x_wconf 66' lang='lat' dir='ltr'>Umvansrus</span> <span class='ocrx_word' id='word_1_7' title='bbox 1154 425 1377 456; x_wconf 65' lang='lat' dir='ltr'>Pmusmms</span> <span class='ocrx_word' id='word_1_8' title='bbox 1404 434 1444 455; x_wconf 75' lang='lat' dir='ltr'>ar</span> <span class='ocrx_word' id='word_1_9' title='bbox 1469 425 1629 456; x_wconf 73' lang='lat' dir='ltr'>JOHANNA</span> <span class='ocrx_word' id='word_1_10' title='bbox 1655 425 1776 457; x_wconf 78' lang='lat' dir='ltr'>D’Auc.</span> 
     </span>
    </p>
   </div>
   <div class='ocr_carea' id='block_1_3' title="bbox 1134 508 1538 539">
    <p class='ocr_par' dir='ltr' id='par_1_3' title="bbox 1134 508 1538 539">
     <span class='ocr_line' id='line_1_3' title="bbox 1134 508 1538 539; baseline 0 -9"><span class='ocrx_word' id='word_1_11' title='bbox 1134 508 1266 538; x_wconf 82' lang='lat' dir='ltr'>(Continet</span> <span class='ocrx_word' id='word_1_12' title='bbox 1281 511 1366 530; x_wconf 83' lang='lat' dir='ltr'>num⁰¹</span> <span class='ocrx_word' id='word_1_13' title='bbox 1380 508 1538 539; x_wconf 76' lang='lat'>2369-2390.)</span> 
     </span>
    </p>
   </div>
   <div class='ocr_carea' id='block_1_4' title="bbox 386 583 2271 2921">
    <p class='ocr_par' dir='ltr' id='par_1_4' title="bbox 395 583 2271 859">
     <span class='ocr_line' id='line_1_4' title="bbox 486 583 2270 622; baseline 0 -8"><span class='ocrx_word' id='word_1_14' title='bbox 486 587 543 614; x_wconf 88' lang='lat' dir='ltr'>Huc</span> <span class='ocrx_word' id='word_1_15' title='bbox 559 587 739 622; x_wconf 77' lang='lat' dir='ltr'><strong>pervenimus</strong></span> <span class='ocrx_word' id='word_1_16' title='bbox 763 594 817 621; x_wconf 92' lang='lat' dir='ltr'>quo</span> <span class='ocrx_word' id='word_1_17' title='bbox 839 585 1013 612; x_wconf 83' lang='lat' dir='ltr'>Universitas</span> <span class='ocrx_word' id='word_1_18' title='bbox 1033 584 1122 611; x_wconf 86' lang='lat' dir='ltr'>Paris.</span> <span class='ocrx_word' id='word_1_19' title='bbox 1141 584 1287 610; x_wconf 79' lang='lat' dir='ltr'>adversata</span> <span class='ocrx_word' id='word_1_20' title='bbox 1309 586 1353 610; x_wconf 92' lang='lat' dir='ltr'>est</span> <span class='ocrx_word' id='word_1_21' title='bbox 1374 583 1534 618; x_wconf 87' lang='lat' dir='ltr'>praeclarae</span> <span class='ocrx_word' id='word_1_22' title='bbox 1550 584 1590 610; x_wconf 91' lang='lat' dir='ltr'>illi</span> <span class='ocrx_word' id='word_1_23' title='bbox 1611 584 1724 620; x_wconf 87' lang='lat' dir='ltr'>virgini,</span> <span class='ocrx_word' id='word_1_24' title='bbox 1750 592 1821 619; x_wconf 88' lang='lat' dir='ltr'>quae</span> <span class='ocrx_word' id='word_1_25' title='bbox 1845 590 1957 619; x_wconf 84' lang='lat' dir='ltr'>semper</span> <span class='ocrx_word' id='word_1_26' title='bbox 1971 585 2106 613; x_wconf 86' lang='lat' dir='ltr'>coelestis</span> <span class='ocrx_word' id='word_1_27' title='bbox 2127 586 2270 622; x_wconf 86' lang='lat' dir='ltr'>exemplar</span> 
     </span>
     <span class='ocr_line' id='line_1_5' title="bbox 395 632 2269 670; baseline 0 -7"><span class='ocrx_word' id='word_1_28' title='bbox 395 636 544 669; x_wconf 85' lang='lat' dir='ltr'>castitatis,</span> <span class='ocrx_word' id='word_1_29' title='bbox 561 636 633 662; x_wconf 86' lang='lat' dir='ltr'>inter</span> <span class='ocrx_word' id='word_1_30' title='bbox 648 638 688 662; x_wconf 83' lang='lat' dir='ltr'>tot</span> <span class='ocrx_word' id='word_1_31' title='bbox 709 635 803 670; x_wconf 82' lang='lat' dir='ltr'>regiae</span> <span class='ocrx_word' id='word_1_32' title='bbox 824 634 917 661; x_wconf 85' lang='lat' dir='ltr'>curiae</span> <span class='ocrx_word' id='word_1_33' title='bbox 937 633 1122 667; x_wconf 87' lang='lat' dir='ltr'>militarisque</span> <span class='ocrx_word' id='word_1_34' title='bbox 1142 633 1215 659; x_wconf 88' lang='lat' dir='ltr'>vitae</span> <span class='ocrx_word' id='word_1_35' title='bbox 1236 632 1370 668; x_wconf 87' lang='lat' dir='ltr'>pericula,</span> <span class='ocrx_word' id='word_1_36' title='bbox 1387 632 1520 666; x_wconf 83' lang='lat' dir='ltr'>manebit,</span> <span class='ocrx_word' id='word_1_37' title='bbox 1537 641 1570 660; x_wconf 87' lang='lat' dir='ltr'>eo</span> <span class='ocrx_word' id='word_1_38' title='bbox 1591 633 1682 668; x_wconf 84' lang='lat' dir='ltr'>magis</span> <span class='ocrx_word' id='word_1_39' title='bbox 1703 633 1778 668; x_wconf 88' lang='lat' dir='ltr'>quod</span> <span class='ocrx_word' id='word_1_40' title='bbox 1798 641 1831 660; x_wconf 92' lang='lat' dir='ltr'>ea</span> <span class='ocrx_word' id='word_1_41' title='bbox 1853 636 1950 660; x_wconf 85' lang='lat' dir='ltr'>sancta</span> <span class='ocrx_word' id='word_1_42' title='bbox 1971 634 2062 661; x_wconf 87' lang='lat' dir='ltr'>virtus</span> <span class='ocrx_word' id='word_1_43' title='bbox 2078 637 2143 662; x_wconf 91' lang='lat' dir='ltr'>tunc</span> <span class='ocrx_word' id='word_1_44' title='bbox 2164 635 2192 662; x_wconf 93' lang='lat' dir='ltr'>in</span> <span class='ocrx_word' id='word_1_45' title='bbox 2207 635 2269 663; x_wconf 91' lang='lat' dir='ltr'>dies</span> 
     </span>
     <span class='ocr_line' id='line_1_6' title="bbox 396 681 2270 719; baseline -0.001 -7"><span class='ocrx_word' id='word_1_46' title='bbox 396 685 563 718; x_wconf 82' lang='lat' dir='ltr'>declinabat,</span> <span class='ocrx_word' id='word_1_47' title='bbox 578 692 687 711; x_wconf 81' lang='lat' dir='ltr'>necnon</span> <span class='ocrx_word' id='word_1_48' title='bbox 702 684 777 710; x_wconf 90' lang='lat' dir='ltr'>unici</span> <span class='ocrx_word' id='word_1_49' title='bbox 793 683 901 710; x_wconf 81' lang='lat' dir='ltr'>roboris</span> <span class='ocrx_word' id='word_1_50' title='bbox 917 685 999 717; x_wconf 86' lang='lat' dir='ltr'>atque</span> <span class='ocrx_word' id='word_1_51' title='bbox 1014 681 1121 717; x_wconf 85' lang='lat' dir='ltr'>vigoris</span> <span class='ocrx_word' id='word_1_52' title='bbox 1135 689 1220 716; x_wconf 88' lang='lat' dir='ltr'>super</span> <span class='ocrx_word' id='word_1_53' title='bbox 1234 681 1385 708; x_wconf 89' lang='lat' dir='ltr'>humanum</span> <span class='ocrx_word' id='word_1_54' title='bbox 1401 681 1544 717; x_wconf 80' lang='lat' dir='ltr'>fastigium</span> <span class='ocrx_word' id='word_1_55' title='bbox 1560 681 1625 709; x_wconf 90' lang='lat' dir='ltr'>elati</span> <span class='ocrx_word' id='word_1_56' title='bbox 1637 682 1828 717; x_wconf 88' lang='lat' dir='ltr'>archetypum,</span> <span class='ocrx_word' id='word_1_57' title='bbox 1842 691 1896 717; x_wconf 92' lang='lat' dir='ltr'>quo</span> <span class='ocrx_word' id='word_1_58' title='bbox 1910 682 2008 718; x_wconf 87' lang='lat' dir='ltr'>vigore</span> <span class='ocrx_word' id='word_1_59' title='bbox 2022 683 2051 710; x_wconf 91' lang='lat' dir='ltr'>id</span> <span class='ocrx_word' id='word_1_60' title='bbox 2063 683 2181 719; x_wconf 75' lang='lat' dir='ltr'><strong>perfecit</strong></span> <span class='ocrx_word' id='word_1_61' title='bbox 2195 684 2270 719; x_wconf 90' lang='lat' dir='ltr'>quod</span> 
     </span>
     <span class='ocr_line' id='line_1_7' title="bbox 395 730 2269 768; baseline -0.001 -7"><span class='ocrx_word' id='word_1_62' title='bbox 395 734 472 761; x_wconf 88' lang='lat' dir='ltr'>nulla</span> <span class='ocrx_word' id='word_1_63' title='bbox 487 742 607 768; x_wconf 90' lang='lat' dir='ltr'>unquam</span> <span class='ocrx_word' id='word_1_64' title='bbox 624 733 724 759; x_wconf 87' lang='lat' dir='ltr'>mulier</span> <span class='ocrx_word' id='word_1_65' title='bbox 739 732 783 759; x_wconf 81' lang='lat' dir='ltr'>vel</span> <span class='ocrx_word' id='word_1_66' title='bbox 799 732 871 767; x_wconf 88' lang='lat' dir='ltr'>apud</span> <span class='ocrx_word' id='word_1_67' title='bbox 887 733 998 758; x_wconf 83' lang='lat' dir='ltr'>veteres</span> <span class='ocrx_word' id='word_1_68' title='bbox 1014 730 1058 757; x_wconf 80' lang='lat' dir='ltr'>vel</span> <span class='ocrx_word' id='word_1_69' title='bbox 1074 730 1147 765; x_wconf 88' lang='lat' dir='ltr'>apud</span> <span class='ocrx_word' id='word_1_70' title='bbox 1169 730 1343 757; x_wconf 77' lang='lat' dir='ltr'>recentiores</span> <span class='ocrx_word' id='word_1_71' title='bbox 1365 730 1480 766; x_wconf 85' lang='lat' dir='ltr'>aggredi</span> <span class='ocrx_word' id='word_1_72' title='bbox 1497 739 1565 757; x_wconf 89' lang='lat' dir='ltr'>ausa</span> <span class='ocrx_word' id='word_1_73' title='bbox 1581 731 1627 757; x_wconf 91' lang='lat' dir='ltr'>sit.</span> <span class='ocrx_word' id='word_1_74' title='bbox 1645 731 1690 758; x_wconf 89' lang='lat' dir='ltr'>Sic</span> <span class='ocrx_word' id='word_1_75' title='bbox 1714 731 1786 758; x_wconf 80' lang='lat' dir='ltr'>sacta</span> <span class='ocrx_word' id='word_1_76' title='bbox 1806 734 1850 758; x_wconf 87' lang='lat' dir='ltr'>est</span> <span class='ocrx_word' id='word_1_77' title='bbox 1871 734 1980 758; x_wconf 88' lang='lat' dir='ltr'>scutum</span> <span class='ocrx_word' id='word_1_78' title='bbox 2003 732 2099 767; x_wconf 77' lang='lat' dir='ltr'>regiae</span> <span class='ocrx_word' id='word_1_79' title='bbox 2119 733 2269 768; x_wconf 86' lang='lat' dir='ltr'>potestatis</span> 
     </span>
     <span class='ocr_line' id='line_1_8' title="bbox 396 779 2271 818; baseline -0.001 -8"><span class='ocrx_word' id='word_1_80' title='bbox 396 786 454 810; x_wconf 91' lang='lat' dir='ltr'>tum</span> <span class='ocrx_word' id='word_1_81' title='bbox 470 783 644 818; x_wconf 74' lang='lat' dir='ltr'>desperatae,</span> <span class='ocrx_word' id='word_1_82' title='bbox 663 784 688 808; x_wconf 92' lang='lat' dir='ltr'>et</span> <span class='ocrx_word' id='word_1_83' title='bbox 704 781 789 808; x_wconf 85' lang='lat' dir='ltr'>corda</span> <span class='ocrx_word' id='word_1_84' title='bbox 806 781 975 807; x_wconf 84' lang='lat' dir='ltr'>Francorum</span> <span class='ocrx_word' id='word_1_85' title='bbox 999 779 1033 806; x_wconf 85' lang='lat' dir='ltr'>ad</span> <span class='ocrx_word' id='word_1_86' title='bbox 1054 779 1211 814; x_wconf 79' lang='lat' dir='ltr'>legitimum</span> <span class='ocrx_word' id='word_1_87' title='bbox 1232 787 1327 814; x_wconf 85' lang='lat' dir='ltr'>regem</span> <span class='ocrx_word' id='word_1_88' title='bbox 1344 787 1440 806; x_wconf 87' lang='lat' dir='ltr'>secum</span> <span class='ocrx_word' id='word_1_89' title='bbox 1456 779 1578 813; x_wconf 80' lang='lat' dir='ltr'>attraxit,</span> <span class='ocrx_word' id='word_1_90' title='bbox 1602 782 1632 806; x_wconf 90' lang='lat' dir='ltr'>ut</span> <span class='ocrx_word' id='word_1_91' title='bbox 1650 779 1748 807; x_wconf 87' lang='lat' dir='ltr'>hostes</span> <span class='ocrx_word' id='word_1_92' title='bbox 1763 780 1870 807; x_wconf 88' lang='lat' dir='ltr'>tamdiu</span> <span class='ocrx_word' id='word_1_93' title='bbox 1889 780 2014 807; x_wconf 88' lang='lat' dir='ltr'>victores</span> <span class='ocrx_word' id='word_1_94' title='bbox 2037 789 2052 808; x_wconf 91' lang='lat' dir='ltr'>e</span> <span class='ocrx_word' id='word_1_95' title='bbox 2073 789 2160 817; x_wconf 82' lang='lat' dir='ltr'>regno</span> <span class='ocrx_word' id='word_1_96' title='bbox 2177 782 2271 817; x_wconf 86' lang='lat' dir='ltr'>expel—</span> 
     </span>
     <span class='ocr_line' id='line_1_9' title="bbox 396 832 495 859; baseline -0.01 0"><span class='ocrx_word' id='word_1_97' title='bbox 396 832 495 859; x_wconf 85' lang='lat' dir='ltr'>lerent.</span> 
     </span>
    </p>

    <p class='ocr_par' dir='ltr' id='par_1_5' title="bbox 393 876 2270 1111">
     <span class='ocr_line' id='line_1_10' title="bbox 485 876 2267 914; baseline -0.001 -7"><span class='ocrx_word' id='word_1_98' title='bbox 485 881 577 907; x_wconf 86' lang='lat' dir='ltr'>Prima</span> <span class='ocrx_word' id='word_1_99' title='bbox 598 880 626 906; x_wconf 92' lang='lat' dir='ltr'>in</span> <span class='ocrx_word' id='word_1_100' title='bbox 649 879 723 906; x_wconf 90' lang='lat' dir='ltr'>illam</span> <span class='ocrx_word' id='word_1_101' title='bbox 744 878 899 910; x_wconf 86' lang='lat' dir='ltr'>heroidem,</span> <span class='ocrx_word' id='word_1_102' title='bbox 922 877 1037 904; x_wconf 90' lang='lat' dir='ltr'>minime</span> <span class='ocrx_word' id='word_1_103' title='bbox 1060 876 1262 912; x_wconf 79' lang='lat' dir='ltr'>instigantibus</span> <span class='ocrx_word' id='word_1_104' title='bbox 1283 876 1393 912; x_wconf 75' lang='lat' dir='ltr'>Anglis,</span> <span class='ocrx_word' id='word_1_105' title='bbox 1417 879 1512 904; x_wconf 82' lang='lat' dir='ltr'>coorta</span> <span class='ocrx_word' id='word_1_106' title='bbox 1532 879 1576 904; x_wconf 88' lang='lat' dir='ltr'>est</span> <span class='ocrx_word' id='word_1_107' title='bbox 1594 877 1769 904; x_wconf 89' lang='lat' dir='ltr'>Universitas</span> <span class='ocrx_word' id='word_1_108' title='bbox 1790 878 1892 912; x_wconf 62' lang='lat' dir='ltr'>Paris,</span> <span class='ocrx_word' id='word_1_109' title='bbox 1908 878 1953 906; x_wconf 91' lang='lat' dir='ltr'>cui</span> <span class='ocrx_word' id='word_1_110' title='bbox 1969 887 2120 914; x_wconf 84' lang='lat' dir='ltr'>processus</span> <span class='ocrx_word' id='word_1_111' title='bbox 2139 879 2267 907; x_wconf 88' lang='lat' dir='ltr'>debetur.</span> 
     </span>
     <span class='ocr_line' id='line_1_11' title="bbox 395 925 2269 964; baseline -0.001 -8"><span class='ocrx_word' id='word_1_112' title='bbox 395 930 485 956; x_wconf 91' lang='lat' dir='ltr'>Etiam</span> <span class='ocrx_word' id='word_1_113' title='bbox 509 929 614 964; x_wconf 83' lang='lat' dir='ltr'>absque</span> <span class='ocrx_word' id='word_1_114' title='bbox 636 927 822 955; x_wconf 87' lang='lat' dir='ltr'>Universitate</span> <span class='ocrx_word' id='word_1_115' title='bbox 843 927 922 962; x_wconf 79' lang='lat' dir='ltr'>virgo</span> <span class='ocrx_word' id='word_1_116' title='bbox 944 926 1053 961; x_wconf 87' lang='lat' dir='ltr'>perdita</span> <span class='ocrx_word' id='word_1_117' title='bbox 1073 926 1184 958; x_wconf 86' lang='lat' dir='ltr'>suisset,</span> <span class='ocrx_word' id='word_1_118' title='bbox 1202 925 1357 961; x_wconf 84' lang='lat' dir='ltr'>Anglorurn</span> <span class='ocrx_word' id='word_1_119' title='bbox 1380 925 1475 952; x_wconf 91' lang='lat' dir='ltr'>odium</span> <span class='ocrx_word' id='word_1_120' title='bbox 1499 926 1568 953; x_wconf 86' lang='lat' dir='ltr'>satis</span> <span class='ocrx_word' id='word_1_121' title='bbox 1585 926 1614 953; x_wconf 92' lang='lat' dir='ltr'>id</span> <span class='ocrx_word' id='word_1_122' title='bbox 1634 935 1683 961; x_wconf 90' lang='lat' dir='ltr'>pro</span> <span class='ocrx_word' id='word_1_123' title='bbox 1706 929 1783 954; x_wconf 90' lang='lat' dir='ltr'>certo</span> <span class='ocrx_word' id='word_1_124' title='bbox 1805 927 1917 962; x_wconf 87' lang='lat' dir='ltr'>linquit,</span> <span class='ocrx_word' id='word_1_125' title='bbox 1943 928 1990 962; x_wconf 91' lang='lat' dir='ltr'>qui</span> <span class='ocrx_word' id='word_1_126' title='bbox 2009 928 2066 963; x_wconf 88' lang='lat' dir='ltr'>jam</span> <span class='ocrx_word' id='word_1_127' title='bbox 2090 930 2153 955; x_wconf 90' lang='lat' dir='ltr'>ante</span> <span class='ocrx_word' id='word_1_128' title='bbox 2172 937 2269 955; x_wconf 88' lang='lat' dir='ltr'>muros</span> 
     </span>
     <span class='ocr_line' id='line_1_12' title="bbox 395 974 2268 1012; baseline -0.001 -7"><span class='ocrx_word' id='word_1_129' title='bbox 395 978 613 1005; x_wconf 83' lang='lat' dir='ltr'>Aurelianenses</span> <span class='ocrx_word' id='word_1_130' title='bbox 625 977 821 1012; x_wconf 83' lang='lat' dir='ltr'>promiserant,</span> <span class='ocrx_word' id='word_1_131' title='bbox 839 984 911 1008; x_wconf 86' lang='lat' dir='ltr'>eam,</span> <span class='ocrx_word' id='word_1_132' title='bbox 929 975 951 1001; x_wconf 86' lang='lat' dir='ltr'>si</span> <span class='ocrx_word' id='word_1_133' title='bbox 968 977 1125 1010; x_wconf 83' lang='lat' dir='ltr'>caperetur,</span> <span class='ocrx_word' id='word_1_134' title='bbox 1139 974 1259 1001; x_wconf 86' lang='lat' dir='ltr'>flammis</span> <span class='ocrx_word' id='word_1_135' title='bbox 1276 974 1427 1009; x_wconf 88' lang='lat' dir='ltr'>perituram</span> <span class='ocrx_word' id='word_1_136' title='bbox 1442 983 1506 1001; x_wconf 89' lang='lat' dir='ltr'>esse</span> <span class='ocrx_word' id='word_1_137' title='bbox 1522 974 1702 1010; x_wconf 69' lang='lat' dir='ltr'>(chnanm,</span> <span class='ocrx_word' id='word_1_138' title='bbox 1712 977 1810 1003; x_wconf 67' lang='lat' dir='ltr'>Proces</span> <span class='ocrx_word' id='word_1_139' title='bbox 1825 976 1858 1003; x_wconf 87' lang='lat' dir='ltr'>de</span> <span class='ocrx_word' id='word_1_140' title='bbox 1872 977 1977 1003; x_wconf 80' lang='lat' dir='ltr'>Jearme</span> <span class='ocrx_word' id='word_1_141' title='bbox 1991 977 2086 1010; x_wconf 82' lang='lat' dir='ltr'>d&#39;Arc,</span> <span class='ocrx_word' id='word_1_142' title='bbox 2096 977 2140 1010; x_wconf 79' lang='lat' dir='ltr'>lv,</span> <span class='ocrx_word' id='word_1_143' title='bbox 2151 978 2268 1011; x_wconf 77' lang='lat'>42,141‚</span> 
     </span>
     <span class='ocr_line' id='line_1_13' title="bbox 395 1023 2270 1062; baseline -0.001 -8"><span class='ocrx_word' id='word_1_144' title='bbox 395 1027 468 1062; x_wconf 88' lang='grc'><strong>220).</strong></span> <span class='ocrx_word' id='word_1_145' title='bbox 484 1027 537 1053; x_wconf 88' lang='lat' dir='ltr'>Sed</span> <span class='ocrx_word' id='word_1_146' title='bbox 553 1025 727 1053; x_wconf 88' lang='lat' dir='ltr'>Universitas</span> <span class='ocrx_word' id='word_1_147' title='bbox 742 1025 831 1060; x_wconf 88' lang='lat' dir='ltr'>prima</span> <span class='ocrx_word' id='word_1_148' title='bbox 847 1024 899 1050; x_wconf 84' lang='lat' dir='ltr'>suit</span> <span class='ocrx_word' id='word_1_149' title='bbox 914 1032 995 1058; x_wconf 93' lang='lat' dir='ltr'>quae,</span> <span class='ocrx_word' id='word_1_150' title='bbox 1010 1026 1090 1058; x_wconf 88' lang='lat' dir='ltr'>capta</span> <span class='ocrx_word' id='word_1_151' title='bbox 1104 1023 1211 1056; x_wconf 87' lang='lat' dir='ltr'>Puella,</span> <span class='ocrx_word' id='word_1_152' title='bbox 1228 1031 1287 1050; x_wconf 84' lang='lat' dir='ltr'>rem</span> <span class='ocrx_word' id='word_1_153' title='bbox 1304 1023 1338 1050; x_wconf 91' lang='lat' dir='ltr'>ad</span> <span class='ocrx_word' id='word_1_154' title='bbox 1353 1031 1467 1050; x_wconf 87' lang='lat' dir='ltr'>causam</span> <span class='ocrx_word' id='word_1_155' title='bbox 1488 1023 1551 1051; x_wconf 79' lang='lat' dir='ltr'>fidei</span> <span class='ocrx_word' id='word_1_156' title='bbox 1574 1024 1725 1051; x_wconf 88' lang='lat' dir='ltr'>transtulit.</span> <span class='ocrx_word' id='word_1_157' title='bbox 1742 1025 1875 1052; x_wconf 90' lang='lat' dir='ltr'>Nostrum</span> <span class='ocrx_word' id='word_1_158' title='bbox 1891 1027 1935 1052; x_wconf 91' lang='lat' dir='ltr'>est</span> <span class='ocrx_word' id='word_1_159' title='bbox 1952 1025 2051 1052; x_wconf 89' lang='lat' dir='ltr'>saltem</span> <span class='ocrx_word' id='word_1_160' title='bbox 2067 1026 2167 1060; x_wconf 90' lang='lat' dir='ltr'>primis</span> <span class='ocrx_word' id='word_1_161' title='bbox 2186 1025 2270 1053; x_wconf 84' lang='lat' dir='ltr'>lineis</span> 
     </span>
     <span class='ocr_line' id='line_1_14' title="bbox 393 1068 2269 1111; baseline -0.002 -8"><span class='ocrx_word' id='word_1_162' title='bbox 393 1076 501 1111; x_wconf 88' lang='lat' dir='ltr'>aperire</span> <span class='ocrx_word' id='word_1_163' title='bbox 518 1076 642 1102; x_wconf 89' lang='lat' dir='ltr'>rationes</span> <span class='ocrx_word' id='word_1_164' title='bbox 658 1074 760 1109; x_wconf 90' lang='lat' dir='ltr'>quibus</span> <span class='ocrx_word' id='word_1_165' title='bbox 777 1073 962 1105; x_wconf 89' lang='lat' dir='ltr'>Universitas,</span> <span class='ocrx_word' id='word_1_166' title='bbox 980 1075 1009 1099; x_wconf 93' lang='lat' dir='ltr'>ut</span> <span class='ocrx_word' id='word_1_167' title='bbox 1023 1072 1106 1099; x_wconf 88' lang='lat' dir='ltr'>nobis</span> <span class='ocrx_word' id='word_1_168' title='bbox 1122 1073 1244 1106; x_wconf 85' lang='lat' dir='ltr'>videtur,</span> <span class='ocrx_word' id='word_1_169' title='bbox 1261 1073 1289 1099; x_wconf 94' lang='lat' dir='ltr'>in</span> <span class='ocrx_word' id='word_1_170' title='bbox 1305 1073 1444 1108; x_wconf 88' lang='lat' dir='ltr'>virginem</span> <span class='ocrx_word' id='word_1_171' title='bbox 1460 1073 1636 1100; x_wconf 80' lang='lat' dir='ltr'>movebatur.</span> <span class='ocrx_word' id='word_1_172' title='bbox 2267 1068 2269 1072; x_wconf 74' lang='grc'><strong>’</strong></span> 
     </span>
    </p>

    <p class='ocr_par' dir='ltr' id='par_1_6' title="bbox 390 1121 2270 1845">
     <span class='ocr_line' id='line_1_15' title="bbox 481 1121 2269 1158; baseline -0.001 -7"><span class='ocrx_word' id='word_1_173' title='bbox 481 1124 642 1151; x_wconf 85' lang='lat' dir='ltr'>Novissima</span> <span class='ocrx_word' id='word_1_174' title='bbox 657 1123 817 1158; x_wconf 85' lang='lat' dir='ltr'>explicatio,</span> <span class='ocrx_word' id='word_1_175' title='bbox 834 1122 1012 1157; x_wconf 80' lang='lat' dir='ltr'>professores</span> <span class='ocrx_word' id='word_1_176' title='bbox 1034 1121 1232 1149; x_wconf 86' lang='lat' dir='ltr'>Universitatis</span> <span class='ocrx_word' id='word_1_177' title='bbox 1252 1122 1355 1155; x_wconf 64' lang='lat' dir='ltr'>Paris„</span> <span class='ocrx_word' id='word_1_178' title='bbox 1378 1122 1525 1157; x_wconf 88' lang='lat' dir='ltr'>processui</span> <span class='ocrx_word' id='word_1_179' title='bbox 1542 1122 1720 1155; x_wconf 87' lang='lat' dir='ltr'>assistentes,</span> <span class='ocrx_word' id='word_1_180' title='bbox 1740 1123 1797 1158; x_wconf 89' lang='lat' dir='ltr'>jam</span> <span class='ocrx_word' id='word_1_181' title='bbox 1819 1123 1908 1150; x_wconf 85' lang='lat' dir='ltr'>fuisse</span> <span class='ocrx_word' id='word_1_182' title='bbox 1931 1123 2138 1157; x_wconf 75' lang='lat' dir='ltr'>schismaticos,</span> <span class='ocrx_word' id='word_1_183' title='bbox 2155 1123 2269 1151; x_wconf 90' lang='lat' dir='ltr'>omnino</span> 
     </span>
     <span class='ocr_line' id='line_1_16' title="bbox 394 1170 2270 1209; baseline -0.001 -9"><span class='ocrx_word' id='word_1_184' title='bbox 394 1173 546 1209; x_wconf 87' lang='lat' dir='ltr'>rejicienda</span> <span class='ocrx_word' id='word_1_185' title='bbox 562 1175 614 1199; x_wconf 81' lang='lat' dir='ltr'>est.</span> <span class='ocrx_word' id='word_1_186' title='bbox 632 1172 787 1199; x_wconf 87' lang='lat' dir='ltr'>Concilium</span> <span class='ocrx_word' id='word_1_187' title='bbox 803 1171 877 1198; x_wconf 92' lang='lat' dir='ltr'>enim</span> <span class='ocrx_word' id='word_1_188' title='bbox 893 1171 1066 1204; x_wconf 89' lang='lat' dir='ltr'>Basileense,</span> <span class='ocrx_word' id='word_1_189' title='bbox 1081 1171 1210 1206; x_wconf 85' lang='lat' dir='ltr'>quamvis</span> <span class='ocrx_word' id='word_1_190' title='bbox 1227 1170 1361 1198; x_wconf 88' lang='lat' dir='ltr'>indictum</span> <span class='ocrx_word' id='word_1_191' title='bbox 1378 1173 1452 1198; x_wconf 84' lang='lat' dir='ltr'>esset</span> <span class='ocrx_word' id='word_1_192' title='bbox 1465 1171 1560 1206; x_wconf 88' lang='lat' dir='ltr'>etjam</span> <span class='ocrx_word' id='word_1_193' title='bbox 1580 1171 1675 1206; x_wconf 87' lang='lat' dir='ltr'>plures</span> <span class='ocrx_word' id='word_1_194' title='bbox 1691 1171 1818 1198; x_wconf 89' lang='lat' dir='ltr'>Basileae</span> <span class='ocrx_word' id='word_1_195' title='bbox 1834 1174 2020 1205; x_wconf 90' lang='lat' dir='ltr'>morarentur,</span> <span class='ocrx_word' id='word_1_196' title='bbox 2035 1180 2091 1199; x_wconf 89' lang='lat' dir='ltr'>non</span> <span class='ocrx_word' id='word_1_197' title='bbox 2107 1174 2170 1199; x_wconf 87' lang='lat' dir='ltr'>ante</span> <span class='ocrx_word' id='word_1_198' title='bbox 2186 1172 2270 1200; x_wconf 81' lang='lat' dir='ltr'>tinem</span> 
     </span>
     <span class='ocr_line' id='line_1_17' title="bbox 393 1219 2269 1256; baseline -0.001 -7"><span class='ocrx_word' id='word_1_199' title='bbox 393 1223 458 1249; x_wconf 85' lang='lat' dir='ltr'>Julii</span> <span class='ocrx_word' id='word_1_200' title='bbox 473 1231 518 1249; x_wconf 91' lang='lat' dir='ltr'>an.</span> <span class='ocrx_word' id='word_1_201' title='bbox 535 1223 598 1248; x_wconf 89' lang='lat'>1431</span> <span class='ocrx_word' id='word_1_202' title='bbox 617 1232 630 1245; x_wconf 75' lang='grc' dir='ltr'>ι(</span> <span class='ocrx_word' id='word_1_203' title='bbox 642 1221 807 1254; x_wconf 83' lang='lat' dir='ltr'>stabilitum,</span> <span class='ocrx_word' id='word_1_204' title='bbox 821 1220 981 1247; x_wconf 89' lang='lat' dir='ltr'>inchoatum</span> <span class='ocrx_word' id='word_1_205' title='bbox 994 1222 1022 1247; x_wconf 87' lang='lat' dir='ltr'>et</span> <span class='ocrx_word' id='word_1_206' title='bbox 1034 1219 1172 1246; x_wconf 86' lang='lat' dir='ltr'>firmatum</span> <span class='ocrx_word' id='word_1_207' title='bbox 1184 1231 1198 1245; x_wconf 89' lang='lat'>»</span> <span class='ocrx_word' id='word_1_208' title='bbox 1213 1220 1274 1253; x_wconf 86' lang='lat' dir='ltr'>suit,</span> <span class='ocrx_word' id='word_1_209' title='bbox 1288 1222 1315 1247; x_wconf 89' lang='lat' dir='ltr'>et</span> <span class='ocrx_word' id='word_1_210' title='bbox 1326 1221 1393 1247; x_wconf 91' lang='lat' dir='ltr'>Dec.</span> <span class='ocrx_word' id='word_1_211' title='bbox 1408 1221 1439 1246; x_wconf 88' lang='lat'>14</span> <span class='ocrx_word' id='word_1_212' title='bbox 1454 1220 1545 1246; x_wconf 89' lang='lat' dir='ltr'>solum</span> <span class='ocrx_word' id='word_1_213' title='bbox 1556 1220 1646 1255; x_wconf 90' lang='lat' dir='ltr'>prima</span> <span class='ocrx_word' id='word_1_214' title='bbox 1658 1220 1750 1247; x_wconf 83' lang='lat' dir='ltr'>sessio</span> <span class='ocrx_word' id='word_1_215' title='bbox 1764 1220 1868 1256; x_wconf 90' lang='lat' dir='ltr'>incepit</span> <span class='ocrx_word' id='word_1_216' title='bbox 1879 1220 2014 1255; x_wconf 82' lang='lat' dir='ltr'>(Monum.</span> <span class='ocrx_word' id='word_1_217' title='bbox 2027 1221 2132 1248; x_wconf 82' lang='lat' dir='ltr'>Concil.</span> <span class='ocrx_word' id='word_1_218' title='bbox 2144 1222 2269 1256; x_wconf 67' lang='lat' dir='ltr'>general.</span> 
     </span>
     <span class='ocr_line' id='line_1_18' title="bbox 393 1269 2270 1305; baseline 0 -7"><span class='ocrx_word' id='word_1_219' title='bbox 393 1280 462 1298; x_wconf 78' lang='lat' dir='ltr'>saec.</span> <span class='ocrx_word' id='word_1_220' title='bbox 479 1273 541 1304; x_wconf 67' lang='lat' dir='ltr'>XV,</span> <span class='ocrx_word' id='word_1_221' title='bbox 559 1274 577 1298; x_wconf 88' lang='lat' dir='ltr'>t.</span> <span class='ocrx_word' id='word_1_222' title='bbox 596 1271 627 1303; x_wconf 89' lang='lat'>11,</span> <span class='ocrx_word' id='word_1_223' title='bbox 645 1279 672 1305; x_wconf 90' lang='lat' dir='ltr'>p.</span> <span class='ocrx_word' id='word_1_224' title='bbox 692 1271 736 1303; x_wconf 87' lang='grc'><strong>23,</strong></span> <span class='ocrx_word' id='word_1_225' title='bbox 757 1269 814 1305; x_wconf 91' lang='lat'>47).</span> <span class='ocrx_word' id='word_1_226' title='bbox 839 1280 852 1293; x_wconf 75' lang='grc' dir='ltr'><em>α</em></span> <span class='ocrx_word' id='word_1_227' title='bbox 875 1269 902 1296; x_wconf 91' lang='lat' dir='ltr'>Si</span> <span class='ocrx_word' id='word_1_228' title='bbox 922 1269 1083 1296; x_wconf 88' lang='lat' dir='ltr'>Courcelles</span> <span class='ocrx_word' id='word_1_229' title='bbox 1106 1269 1147 1296; x_wconf 91' lang='lat' dir='ltr'>sut</span> <span class='ocrx_word' id='word_1_230' title='bbox 1163 1269 1244 1296; x_wconf 79' lang='lat' dir='ltr'>l&#39;ame</span> <span class='ocrx_word' id='word_1_231' title='bbox 1265 1269 1301 1296; x_wconf 90' lang='lat' dir='ltr'>du</span> <span class='ocrx_word' id='word_1_232' title='bbox 1320 1269 1443 1302; x_wconf 84' lang='lat' dir='ltr'>concile,</span> <span class='ocrx_word' id='word_1_233' title='bbox 1460 1269 1546 1296; x_wconf 86' lang='lat' dir='ltr'>Erard</span> <span class='ocrx_word' id='word_1_234' title='bbox 1565 1277 1599 1296; x_wconf 90' lang='lat' dir='ltr'>en</span> <span class='ocrx_word' id='word_1_235' title='bbox 1621 1269 1662 1296; x_wconf 90' lang='lat' dir='ltr'>sut</span> <span class='ocrx_word' id='word_1_236' title='bbox 1686 1269 1711 1296; x_wconf 91' lang='lat' dir='ltr'>le</span> <span class='ocrx_word' id='word_1_237' title='bbox 1731 1270 1797 1304; x_wconf 80' lang='lat' dir='ltr'>pere</span> <span class='ocrx_word' id='word_1_238' title='bbox 1815 1281 1839 1303; x_wconf 87' lang='lat'>»,</span> <span class='ocrx_word' id='word_1_239' title='bbox 1857 1270 1956 1297; x_wconf 81' lang='lat' dir='ltr'>scribit</span> <span class='ocrx_word' id='word_1_240' title='bbox 1977 1271 2114 1303; x_wconf 69' lang='lat' dir='ltr'>Arnonas,</span> <span class='ocrx_word' id='word_1_241' title='bbox 2132 1271 2169 1297; x_wconf 84' lang='lat' dir='ltr'>La</span> <span class='ocrx_word' id='word_1_242' title='bbox 2193 1271 2270 1298; x_wconf 78' lang='lat' dir='ltr'>vraie</span> 
     </span>
     <span class='ocr_line' id='line_1_19' title="bbox 392 1318 2268 1353; baseline -0.001 -6"><span class='ocrx_word' id='word_1_243' title='bbox 392 1322 496 1347; x_wconf 76' lang='lat' dir='ltr'>Jeanne</span> <span class='ocrx_word' id='word_1_244' title='bbox 511 1320 604 1352; x_wconf 76' lang='lat' dir='ltr'>cl&#39;Arc,</span> <span class='ocrx_word' id='word_1_245' title='bbox 624 1320 643 1352; x_wconf 87' lang='lat' dir='ltr'>I,</span> <span class='ocrx_word' id='word_1_246' title='bbox 658 1321 717 1346; x_wconf 88' lang='grc'><strong>127.</strong></span> <span class='ocrx_word' id='word_1_247' title='bbox 730 1319 781 1345; x_wconf 84' lang='lat' dir='ltr'>Ast</span> <span class='ocrx_word' id='word_1_248' title='bbox 791 1318 878 1345; x_wconf 89' lang='lat' dir='ltr'>Erard</span> <span class='ocrx_word' id='word_1_249' title='bbox 889 1326 1031 1353; x_wconf 87' lang='lat' dir='ltr'>nunquam</span> <span class='ocrx_word' id='word_1_250' title='bbox 1043 1318 1168 1344; x_wconf 90' lang='lat' dir='ltr'>Concilio</span> <span class='ocrx_word' id='word_1_251' title='bbox 1183 1318 1281 1351; x_wconf 82' lang='lat' dir='ltr'>adsuit,</span> <span class='ocrx_word' id='word_1_252' title='bbox 1294 1318 1417 1344; x_wconf 84' lang='lat' dir='ltr'>Thomas</span> <span class='ocrx_word' id='word_1_253' title='bbox 1430 1318 1465 1344; x_wconf 90' lang='lat' dir='ltr'>de</span> <span class='ocrx_word' id='word_1_254' title='bbox 1478 1318 1632 1345; x_wconf 87' lang='lat' dir='ltr'>Courcellis</span> <span class='ocrx_word' id='word_1_255' title='bbox 1644 1327 1711 1345; x_wconf 90' lang='lat' dir='ltr'>vero</span> <span class='ocrx_word' id='word_1_256' title='bbox 1723 1319 1757 1345; x_wconf 89' lang='lat' dir='ltr'>ab</span> <span class='ocrx_word' id='word_1_257' title='bbox 1769 1327 1813 1345; x_wconf 91' lang='lat' dir='ltr'>an.</span> <span class='ocrx_word' id='word_1_258' title='bbox 1830 1320 1895 1345; x_wconf 77' lang='lat'>1433</span> <span class='ocrx_word' id='word_1_259' title='bbox 1910 1319 2012 1352; x_wconf 82' lang='lat' dir='ltr'>solum,</span> <span class='ocrx_word' id='word_1_260' title='bbox 2025 1327 2080 1346; x_wconf 92' lang='lat' dir='ltr'>non</span> <span class='ocrx_word' id='word_1_261' title='bbox 2092 1319 2268 1347; x_wconf 86' lang='lat' dir='ltr'>continenter</span> 
     </span>
     <span class='ocr_line' id='line_1_20' title="bbox 394 1366 2270 1403; baseline 0 -8"><span class='ocrx_word' id='word_1_262' title='bbox 394 1370 536 1401; x_wconf 70' lang='lat' dir='ltr'>(litonum,</span> <span class='ocrx_word' id='word_1_263' title='bbox 553 1377 579 1403; x_wconf 89' lang='lat' dir='ltr'>p.</span> <span class='ocrx_word' id='word_1_264' title='bbox 597 1369 670 1401; x_wconf 62' lang='grc'><strong>3421,</strong></span> <span class='ocrx_word' id='word_1_265' title='bbox 682 1375 734 1394; x_wconf 91' lang='lat' dir='ltr'>nec</span> <span class='ocrx_word' id='word_1_266' title='bbox 746 1369 808 1394; x_wconf 90' lang='lat' dir='ltr'>ante</span> <span class='ocrx_word' id='word_1_267' title='bbox 821 1375 864 1394; x_wconf 90' lang='lat' dir='ltr'>an.</span> <span class='ocrx_word' id='word_1_268' title='bbox 879 1368 946 1394; x_wconf 85' lang='lat'>1437</span> <span class='ocrx_word' id='word_1_269' title='bbox 959 1378 972 1391; x_wconf 91' lang='lat'>«</span> <span class='ocrx_word' id='word_1_270' title='bbox 985 1367 1077 1394; x_wconf 89' lang='lat' dir='ltr'>anima</span> <span class='ocrx_word' id='word_1_271' title='bbox 1091 1366 1209 1394; x_wconf 91' lang='lat' dir='ltr'>Concilii</span> <span class='ocrx_word' id='word_1_272' title='bbox 1222 1378 1235 1391; x_wconf 91' lang='lat'>»</span> <span class='ocrx_word' id='word_1_273' title='bbox 1248 1366 1314 1399; x_wconf 80' lang='lat' dir='ltr'>suit;</span> <span class='ocrx_word' id='word_1_274' title='bbox 1327 1366 1374 1393; x_wconf 91' lang='lat' dir='ltr'>alii</span> <span class='ocrx_word' id='word_1_275' title='bbox 1386 1366 1584 1394; x_wconf 90' lang='lat' dir='ltr'>Universitatis</span> <span class='ocrx_word' id='word_1_276' title='bbox 1595 1366 1678 1393; x_wconf 91' lang='lat' dir='ltr'>etiam</span> <span class='ocrx_word' id='word_1_277' title='bbox 1690 1367 1832 1402; x_wconf 87' lang='lat' dir='ltr'>posterius</span> <span class='ocrx_word' id='word_1_278' title='bbox 1844 1367 1969 1394; x_wconf 88' lang='lat' dir='ltr'>Concilio</span> <span class='ocrx_word' id='word_1_279' title='bbox 1986 1368 2165 1400; x_wconf 88' lang='lat' dir='ltr'>adstiterunt,</span> <span class='ocrx_word' id='word_1_280' title='bbox 2186 1368 2270 1403; x_wconf 89' lang='lat' dir='ltr'>quin-</span> 
     </span>
     <span class='ocr_line' id='line_1_21' title="bbox 393 1415 2266 1453; baseline -0.001 -8"><span class='ocrx_word' id='word_1_281' title='bbox 393 1426 446 1453; x_wconf 87' lang='lat' dir='ltr'>que</span> <span class='ocrx_word' id='word_1_282' title='bbox 466 1420 572 1444; x_wconf 86' lang='lat' dir='ltr'>tantum</span> <span class='ocrx_word' id='word_1_283' title='bbox 589 1418 623 1444; x_wconf 91' lang='lat' dir='ltr'>ab</span> <span class='ocrx_word' id='word_1_284' title='bbox 637 1417 727 1443; x_wconf 91' lang='lat' dir='ltr'>initio.</span> <span class='ocrx_word' id='word_1_285' title='bbox 741 1417 859 1443; x_wconf 86' lang='lat' dir='ltr'>Tantum</span> <span class='ocrx_word' id='word_1_286' title='bbox 875 1416 965 1449; x_wconf 87' lang='lat' dir='ltr'>abest,</span> <span class='ocrx_word' id='word_1_287' title='bbox 978 1418 1007 1443; x_wconf 91' lang='lat' dir='ltr'>ut</span> <span class='ocrx_word' id='word_1_288' title='bbox 1018 1415 1193 1442; x_wconf 86' lang='lat' dir='ltr'>Universitas</span> <span class='ocrx_word' id='word_1_289' title='bbox 1204 1418 1268 1442; x_wconf 90' lang='lat' dir='ltr'>tunc</span> <span class='ocrx_word' id='word_1_290' title='bbox 1280 1415 1463 1442; x_wconf 87' lang='lat' dir='ltr'>schismatica</span> <span class='ocrx_word' id='word_1_291' title='bbox 1478 1416 1515 1442; x_wconf 89' lang='lat' dir='ltr'>sit</span> <span class='ocrx_word' id='word_1_292' title='bbox 1531 1416 1728 1449; x_wconf 88' lang='lat' dir='ltr'>existimanda,</span> <span class='ocrx_word' id='word_1_293' title='bbox 1740 1418 1770 1442; x_wconf 91' lang='lat' dir='ltr'>ut</span> <span class='ocrx_word' id='word_1_294' title='bbox 1781 1416 1915 1443; x_wconf 88' lang='lat' dir='ltr'>Martinus</span> <span class='ocrx_word' id='word_1_295' title='bbox 1929 1417 1950 1442; x_wconf 94' lang='lat' dir='ltr'>V</span> <span class='ocrx_word' id='word_1_296' title='bbox 1961 1419 1989 1443; x_wconf 92' lang='lat' dir='ltr'>et</span> <span class='ocrx_word' id='word_1_297' title='bbox 1999 1417 2143 1452; x_wconf 85' lang='lat' dir='ltr'>Eugenius</span> <span class='ocrx_word' id='word_1_298' title='bbox 2156 1417 2191 1443; x_wconf 86' lang='lat' dir='ltr'>lV</span> <span class='ocrx_word' id='word_1_299' title='bbox 2205 1425 2266 1444; x_wconf 85' lang='lat' dir='ltr'>eam</span> 
     </span>
     <span class='ocr_line' id='line_1_22' title="bbox 393 1464 2268 1501; baseline -0.001 -8"><span class='ocrx_word' id='word_1_300' title='bbox 393 1467 484 1493; x_wconf 81' lang='lat' dir='ltr'>solitis</span> <span class='ocrx_word' id='word_1_301' title='bbox 500 1466 636 1493; x_wconf 86' lang='lat' dir='ltr'>encomiis</span> <span class='ocrx_word' id='word_1_302' title='bbox 653 1465 812 1499; x_wconf 89' lang='lat' dir='ltr'>extulerint,</span> <span class='ocrx_word' id='word_1_303' title='bbox 834 1465 951 1500; x_wconf 89' lang='lat' dir='ltr'>ipsaque</span> <span class='ocrx_word' id='word_1_304' title='bbox 972 1473 1057 1500; x_wconf 88' lang='lat' dir='ltr'>saepe</span> <span class='ocrx_word' id='word_1_305' title='bbox 1079 1467 1106 1491; x_wconf 89' lang='lat' dir='ltr'>et</span> <span class='ocrx_word' id='word_1_306' title='bbox 1124 1465 1208 1491; x_wconf 89' lang='lat' dir='ltr'>etiam</span> <span class='ocrx_word' id='word_1_307' title='bbox 1229 1464 1257 1491; x_wconf 91' lang='lat' dir='ltr'>in</span> <span class='ocrx_word' id='word_1_308' title='bbox 1277 1464 1331 1491; x_wconf 85' lang='lat' dir='ltr'>fine</span> <span class='ocrx_word' id='word_1_309' title='bbox 1354 1473 1398 1491; x_wconf 93' lang='lat' dir='ltr'>an.</span> <span class='ocrx_word' id='word_1_310' title='bbox 1422 1466 1487 1491; x_wconf 88' lang='lat'>1431</span> <span class='ocrx_word' id='word_1_311' title='bbox 1510 1465 1624 1491; x_wconf 90' lang='lat' dir='ltr'>nuntios</span> <span class='ocrx_word' id='word_1_312' title='bbox 1645 1473 1722 1498; x_wconf 88' lang='lat' dir='ltr'>suos,</span> <span class='ocrx_word' id='word_1_313' title='bbox 1744 1465 1817 1491; x_wconf 89' lang='lat' dir='ltr'>inter</span> <span class='ocrx_word' id='word_1_314' title='bbox 1832 1473 1904 1500; x_wconf 89' lang='lat' dir='ltr'>quos</span> <span class='ocrx_word' id='word_1_315' title='bbox 1922 1465 2076 1492; x_wconf 88' lang='lat' dir='ltr'>Johannem</span> <span class='ocrx_word' id='word_1_316' title='bbox 2093 1465 2203 1499; x_wconf 89' lang='lat' dir='ltr'>Lohier‚</span> <span class='ocrx_word' id='word_1_317' title='bbox 2221 1465 2268 1501; x_wconf 90' lang='lat' dir='ltr'>qui</span> 
     </span>
     <span class='ocr_line' id='line_1_23' title="bbox 392 1513 2267 1550; baseline 0 -8"><span class='ocrx_word' id='word_1_318' title='bbox 392 1515 538 1550; x_wconf 77' lang='lat' dir='ltr'>Rotomagi</span> <span class='ocrx_word' id='word_1_319' title='bbox 552 1523 601 1550; x_wconf 89' lang='lat' dir='ltr'>pro</span> <span class='ocrx_word' id='word_1_320' title='bbox 617 1514 743 1541; x_wconf 84' lang='lat' dir='ltr'>Johanna</span> <span class='ocrx_word' id='word_1_321' title='bbox 758 1514 839 1541; x_wconf 89' lang='lat' dir='ltr'>d&#39;Arc</span> <span class='ocrx_word' id='word_1_322' title='bbox 853 1514 914 1547; x_wconf 78' lang='lat' dir='ltr'>suit,</span> <span class='ocrx_word' id='word_1_323' title='bbox 931 1522 993 1541; x_wconf 88' lang='lat' dir='ltr'>cum</span> <span class='ocrx_word' id='word_1_324' title='bbox 1011 1513 1101 1540; x_wconf 91' lang='lat' dir='ltr'>rotulo</span> <span class='ocrx_word' id='word_1_325' title='bbox 1113 1515 1140 1540; x_wconf 87' lang='lat' dir='ltr'>et</span> <span class='ocrx_word' id='word_1_326' title='bbox 1151 1513 1276 1540; x_wconf 82' lang='lat' dir='ltr'>articulis</span> <span class='ocrx_word' id='word_1_327' title='bbox 1289 1513 1486 1540; x_wconf 86' lang='lat' dir='ltr'>communibus</span> <span class='ocrx_word' id='word_1_328' title='bbox 1498 1513 1531 1540; x_wconf 92' lang='lat' dir='ltr'>ad</span> <span class='ocrx_word' id='word_1_329' title='bbox 1545 1514 1701 1549; x_wconf 84' lang='lat' dir='ltr'>Eugenium</span> <span class='ocrx_word' id='word_1_330' title='bbox 1715 1514 1750 1540; x_wconf 89' lang='lat' dir='ltr'>lv</span> <span class='ocrx_word' id='word_1_331' title='bbox 1762 1514 1873 1540; x_wconf 89' lang='lat' dir='ltr'>miserit</span> <span class='ocrx_word' id='word_1_332' title='bbox 1889 1514 1955 1547; x_wconf 73' lang='lat' dir='ltr'>(vid.</span> <span class='ocrx_word' id='word_1_333' title='bbox 1972 1520 2004 1540; x_wconf 86' lang='lat' dir='ltr'>n⁰</span> <span class='ocrx_word' id='word_1_334' title='bbox 2019 1515 2110 1547; x_wconf 84' lang='lat'>2396).</span> <span class='ocrx_word' id='word_1_335' title='bbox 2125 1515 2196 1542; x_wconf 87' lang='lat' dir='ltr'>Sane</span> <span class='ocrx_word' id='word_1_336' title='bbox 2209 1516 2267 1542; x_wconf 83' lang='lat' dir='ltr'>tum</span> 
     </span>
     <span class='ocr_line' id='line_1_24' title="bbox 392 1562 2268 1599; baseline 0 -8"><span class='ocrx_word' id='word_1_337' title='bbox 392 1564 565 1591; x_wconf 79' lang='lat' dir='ltr'>[Jniversitas</span> <span class='ocrx_word' id='word_1_338' title='bbox 580 1572 636 1590; x_wconf 92' lang='lat' dir='ltr'>non</span> <span class='ocrx_word' id='word_1_339' title='bbox 653 1563 743 1599; x_wconf 82' lang='lat' dir='ltr'>magis</span> <span class='ocrx_word' id='word_1_340' title='bbox 760 1572 841 1598; x_wconf 91' lang='lat' dir='ltr'>quam</span> <span class='ocrx_word' id='word_1_341' title='bbox 859 1562 975 1590; x_wconf 91' lang='lat' dir='ltr'>Carolus</span> <span class='ocrx_word' id='word_1_342' title='bbox 988 1563 1043 1595; x_wconf 90' lang='lat' dir='ltr'>Vll,</span> <span class='ocrx_word' id='word_1_343' title='bbox 1061 1571 1110 1598; x_wconf 90' lang='lat' dir='ltr'>pro</span> <span class='ocrx_word' id='word_1_344' title='bbox 1127 1571 1182 1597; x_wconf 91' lang='lat' dir='ltr'>quo</span> <span class='ocrx_word' id='word_1_345' title='bbox 1198 1562 1278 1598; x_wconf 87' lang='lat' dir='ltr'>virgo</span> <span class='ocrx_word' id='word_1_346' title='bbox 1294 1562 1458 1596; x_wconf 84' lang='lat' dir='ltr'>decertavit,</span> <span class='ocrx_word' id='word_1_347' title='bbox 1478 1562 1659 1590; x_wconf 89' lang='lat' dir='ltr'>schismatica</span> <span class='ocrx_word' id='word_1_348' title='bbox 1679 1562 1798 1589; x_wconf 88' lang='lat' dir='ltr'>dicenda</span> <span class='ocrx_word' id='word_1_349' title='bbox 1813 1565 1871 1595; x_wconf 89' lang='lat' dir='ltr'>est;</span> <span class='ocrx_word' id='word_1_350' title='bbox 1894 1563 1979 1590; x_wconf 91' lang='lat' dir='ltr'>immo</span> <span class='ocrx_word' id='word_1_351' title='bbox 2000 1571 2066 1590; x_wconf 88' lang='lat' dir='ltr'>vere</span> <span class='ocrx_word' id='word_1_352' title='bbox 2087 1563 2268 1591; x_wconf 84' lang='lat' dir='ltr'>schismatica</span> 
     </span>
     <span class='ocr_line' id='line_1_25' title="bbox 390 1611 2269 1648; baseline -0.001 -8"><span class='ocrx_word' id='word_1_353' title='bbox 390 1614 480 1640; x_wconf 81' lang='lat' dir='ltr'>solum</span> <span class='ocrx_word' id='word_1_354' title='bbox 497 1613 586 1640; x_wconf 85' lang='lat' dir='ltr'>evasit</span> <span class='ocrx_word' id='word_1_355' title='bbox 603 1615 668 1648; x_wconf 85' lang='lat' dir='ltr'>post</span> <span class='ocrx_word' id='word_1_356' title='bbox 688 1612 900 1639; x_wconf 85' lang='lat' dir='ltr'>translationem</span> <span class='ocrx_word' id='word_1_357' title='bbox 919 1612 1036 1639; x_wconf 91' lang='lat' dir='ltr'>Concilii</span> <span class='ocrx_word' id='word_1_358' title='bbox 1055 1611 1226 1638; x_wconf 90' lang='lat' dir='ltr'>Basileensis</span> <span class='ocrx_word' id='word_1_359' title='bbox 1246 1611 1412 1644; x_wconf 85' lang='lat' dir='ltr'>Ferrariam,</span> <span class='ocrx_word' id='word_1_360' title='bbox 1435 1611 1453 1638; x_wconf 91' lang='lat' dir='ltr'>i.</span> <span class='ocrx_word' id='word_1_361' title='bbox 1476 1620 1500 1638; x_wconf 93' lang='lat' dir='ltr'>e.</span> <span class='ocrx_word' id='word_1_362' title='bbox 1523 1619 1557 1638; x_wconf 91' lang='lat' dir='ltr'>eo</span> <span class='ocrx_word' id='word_1_363' title='bbox 1578 1614 1704 1646; x_wconf 87' lang='lat' dir='ltr'>tempore</span> <span class='ocrx_word' id='word_1_364' title='bbox 1721 1620 1775 1646; x_wconf 92' lang='lat' dir='ltr'>quo</span> <span class='ocrx_word' id='word_1_365' title='bbox 1792 1612 1967 1639; x_wconf 89' lang='lat' dir='ltr'>Universitas</span> <span class='ocrx_word' id='word_1_366' title='bbox 1988 1612 2087 1639; x_wconf 90' lang='lat' dir='ltr'>Carolo</span> <span class='ocrx_word' id='word_1_367' title='bbox 2103 1612 2149 1638; x_wconf 78' lang='lat' dir='ltr'>vll</span> <span class='ocrx_word' id='word_1_368' title='bbox 2171 1620 2269 1639; x_wconf 87' lang='lat' dir='ltr'>rursus</span> 
     </span>
     <span class='ocr_line' id='line_1_26' title="bbox 391 1660 2267 1696; baseline 0 -7"><span class='ocrx_word' id='word_1_369' title='bbox 391 1663 517 1689; x_wconf 82' lang='lat' dir='ltr'>adhaesit</span> <span class='ocrx_word' id='word_1_370' title='bbox 533 1665 560 1689; x_wconf 90' lang='lat' dir='ltr'>et</span> <span class='ocrx_word' id='word_1_371' title='bbox 574 1662 728 1689; x_wconf 87' lang='lat' dir='ltr'>Johannam</span> <span class='ocrx_word' id='word_1_372' title='bbox 745 1661 826 1688; x_wconf 84' lang='lat' dir='ltr'>d&#39;Arc</span> <span class='ocrx_word' id='word_1_373' title='bbox 842 1669 983 1696; x_wconf 86' lang='lat' dir='ltr'>nunquam</span> <span class='ocrx_word' id='word_1_374' title='bbox 1000 1660 1226 1688; x_wconf 86' lang='lat' dir='ltr'>condemnasset.</span> <span class='ocrx_word' id='word_1_375' title='bbox 1245 1661 1352 1687; x_wconf 80' lang='lat' dir='ltr'>Revera</span> <span class='ocrx_word' id='word_1_376' title='bbox 1368 1669 1439 1695; x_wconf 89' lang='lat' dir='ltr'>quae</span> <span class='ocrx_word' id='word_1_377' title='bbox 1455 1660 1636 1687; x_wconf 87' lang='lat' dir='ltr'>necessitudo</span> <span class='ocrx_word' id='word_1_378' title='bbox 1653 1660 1755 1687; x_wconf 89' lang='lat' dir='ltr'>suisset</span> <span class='ocrx_word' id='word_1_379' title='bbox 1774 1661 1846 1688; x_wconf 91' lang='lat' dir='ltr'>inter</span> <span class='ocrx_word' id='word_1_380' title='bbox 1862 1661 2059 1688; x_wconf 85' lang='lat' dir='ltr'>schismaticos</span> <span class='ocrx_word' id='word_1_381' title='bbox 2071 1661 2224 1696; x_wconf 84' lang='lat' dir='ltr'>magistros</span> <span class='ocrx_word' id='word_1_382' title='bbox 2240 1663 2267 1689; x_wconf 82' lang='lat' dir='ltr'>et</span> 
     </span>
     <span class='ocr_line' id='line_1_27' title="bbox 390 1709 2267 1746; baseline -0.001 -8"><span class='ocrx_word' id='word_1_383' title='bbox 390 1720 564 1746; x_wconf 80' lang='lat' dir='ltr'>processum,</span> <span class='ocrx_word' id='word_1_384' title='bbox 582 1711 744 1746; x_wconf 83' lang='lat' dir='ltr'>praesertim</span> <span class='ocrx_word' id='word_1_385' title='bbox 764 1718 827 1737; x_wconf 92' lang='lat' dir='ltr'>cum</span> <span class='ocrx_word' id='word_1_386' title='bbox 847 1718 903 1737; x_wconf 94' lang='lat' dir='ltr'>non</span> <span class='ocrx_word' id='word_1_387' title='bbox 918 1710 999 1745; x_wconf 89' lang='lat' dir='ltr'>pauci</span> <span class='ocrx_word' id='word_1_388' title='bbox 1016 1709 1237 1736; x_wconf 83' lang='lat' dir='ltr'>examinatorum</span> <span class='ocrx_word' id='word_1_389' title='bbox 1253 1709 1461 1736; x_wconf 76' lang='lat' dir='ltr'>pictavensium</span> <span class='ocrx_word' id='word_1_390' title='bbox 1478 1711 1505 1736; x_wconf 87' lang='lat' dir='ltr'>et</span> <span class='ocrx_word' id='word_1_391' title='bbox 1521 1709 1660 1736; x_wconf 83' lang='lat' dir='ltr'>fautorum</span> <span class='ocrx_word' id='word_1_392' title='bbox 1680 1709 1823 1736; x_wconf 89' lang='lat' dir='ltr'>Johannae</span> <span class='ocrx_word' id='word_1_393' title='bbox 1844 1709 1937 1743; x_wconf 83' lang='lat' dir='ltr'>d&#39;Arc,</span> <span class='ocrx_word' id='word_1_394' title='bbox 1954 1712 1984 1737; x_wconf 93' lang='lat' dir='ltr'>ut</span> <span class='ocrx_word' id='word_1_395' title='bbox 1999 1710 2185 1737; x_wconf 89' lang='lat' dir='ltr'>communiter</span> <span class='ocrx_word' id='word_1_396' title='bbox 2201 1718 2267 1745; x_wconf 86' lang='lat' dir='ltr'>pars</span> 
     </span>
     <span class='ocr_line' id='line_1_28' title="bbox 390 1758 2267 1795; baseline -0.001 -8"><span class='ocrx_word' id='word_1_397' title='bbox 390 1761 479 1787; x_wconf 86' lang='lat' dir='ltr'>Caroli</span> <span class='ocrx_word' id='word_1_398' title='bbox 496 1761 551 1794; x_wconf 93' lang='lat' dir='ltr'>Vll,</span> <span class='ocrx_word' id='word_1_399' title='bbox 566 1762 691 1795; x_wconf 85' lang='lat' dir='ltr'>tempore</span> <span class='ocrx_word' id='word_1_400' title='bbox 708 1768 762 1794; x_wconf 92' lang='lat' dir='ltr'>quo</span> <span class='ocrx_word' id='word_1_401' title='bbox 779 1759 905 1786; x_wconf 87' lang='lat' dir='ltr'>Johanna</span> <span class='ocrx_word' id='word_1_402' title='bbox 919 1759 1001 1786; x_wconf 77' lang='lat' dir='ltr'>d&#39;Arc</span> <span class='ocrx_word' id='word_1_403' title='bbox 1016 1758 1201 1786; x_wconf 88' lang='lat' dir='ltr'>condemnata</span> <span class='ocrx_word' id='word_1_404' title='bbox 1219 1760 1272 1792; x_wconf 85' lang='lat' dir='ltr'>est,</span> <span class='ocrx_word' id='word_1_405' title='bbox 1296 1758 1452 1785; x_wconf 89' lang='lat' dir='ltr'>doctrinam</span> <span class='ocrx_word' id='word_1_406' title='bbox 1472 1758 1674 1785; x_wconf 79' lang='lat' dir='ltr'>parisiensium</span> <span class='ocrx_word' id='word_1_407' title='bbox 1695 1758 1730 1786; x_wconf 91' lang='lat' dir='ltr'>de</span> <span class='ocrx_word' id='word_1_408' title='bbox 1749 1767 1822 1794; x_wconf 85' lang='lat' dir='ltr'>papa</span> <span class='ocrx_word' id='word_1_409' title='bbox 1837 1761 1865 1786; x_wconf 91' lang='lat' dir='ltr'>et</span> <span class='ocrx_word' id='word_1_410' title='bbox 1884 1759 2010 1786; x_wconf 86' lang='lat' dir='ltr'>Concilio</span> <span class='ocrx_word' id='word_1_411' title='bbox 2030 1759 2095 1786; x_wconf 87' lang='lat' dir='ltr'>data</span> <span class='ocrx_word' id='word_1_412' title='bbox 2116 1759 2267 1786; x_wconf 87' lang='lat' dir='ltr'>occasione</span> 
     </span>
     <span class='ocr_line' id='line_1_29' title="bbox 390 1808 647 1845; baseline -0.004 -9"><span class='ocrx_word' id='word_1_413' title='bbox 390 1808 647 1845; x_wconf 78' lang='lat' dir='ltr'>propugnaverint‘?</span> 
     </span>
    </p>

    <p class='ocr_par' dir='ltr' id='par_1_7' title="bbox 386 1856 2266 2383">
     <span class='ocr_line' id='line_1_30' title="bbox 477 1856 2266 1892; baseline -0.001 -7"><span class='ocrx_word' id='word_1_414' title='bbox 477 1859 548 1885; x_wconf 81' lang='lat' dir='ltr'>Ante</span> <span class='ocrx_word' id='word_1_415' title='bbox 570 1858 663 1884; x_wconf 89' lang='lat' dir='ltr'>omnia</span> <span class='ocrx_word' id='word_1_416' title='bbox 687 1866 722 1884; x_wconf 88' lang='lat' dir='ltr'>ne</span> <span class='ocrx_word' id='word_1_417' title='bbox 744 1857 932 1890; x_wconf 87' lang='lat' dir='ltr'>obliviscaris,</span> <span class='ocrx_word' id='word_1_418' title='bbox 957 1857 1184 1890; x_wconf 85' lang='lat' dir='ltr'>Universitatem,</span> <span class='ocrx_word' id='word_1_419' title='bbox 1211 1857 1340 1891; x_wconf 90' lang='lat' dir='ltr'>quamvis</span> <span class='ocrx_word' id='word_1_420' title='bbox 1361 1856 1502 1892; x_wconf 89' lang='lat' dir='ltr'>publicam</span> <span class='ocrx_word' id='word_1_421' title='bbox 1525 1856 1730 1890; x_wconf 75' lang='lat' dir='ltr'>auctorItatem,</span> <span class='ocrx_word' id='word_1_422' title='bbox 1754 1859 1818 1883; x_wconf 86' lang='lat' dir='ltr'>tunc</span> <span class='ocrx_word' id='word_1_423' title='bbox 1839 1857 1930 1892; x_wconf 84' lang='lat' dir='ltr'>magis</span> <span class='ocrx_word' id='word_1_424' title='bbox 1951 1865 2035 1892; x_wconf 89' lang='lat' dir='ltr'>quam</span> <span class='ocrx_word' id='word_1_425' title='bbox 2059 1865 2123 1883; x_wconf 91' lang='lat' dir='ltr'>cum</span> <span class='ocrx_word' id='word_1_426' title='bbox 2144 1857 2266 1884; x_wconf 90' lang='lat' dir='ltr'>maxime</span> 
     </span>
     <span class='ocr_line' id='line_1_31' title="bbox 389 1905 2265 1943; baseline -0.001 -9"><span class='ocrx_word' id='word_1_427' title='bbox 389 1910 541 1943; x_wconf 89' lang='lat' dir='ltr'>potentem,</span> <span class='ocrx_word' id='word_1_428' title='bbox 559 1907 659 1942; x_wconf 86' lang='lat' dir='ltr'>spiritu</span> <span class='ocrx_word' id='word_1_429' title='bbox 672 1909 765 1933; x_wconf 90' lang='lat' dir='ltr'>tamen</span> <span class='ocrx_word' id='word_1_430' title='bbox 779 1906 931 1939; x_wconf 90' lang='lat' dir='ltr'>declinare,</span> <span class='ocrx_word' id='word_1_431' title='bbox 950 1906 1069 1941; x_wconf 88' lang='lat' dir='ltr'>ipsamet</span> <span class='ocrx_word' id='word_1_432' title='bbox 1084 1906 1137 1933; x_wconf 90' lang='lat' dir='ltr'>hoc</span> <span class='ocrx_word' id='word_1_433' title='bbox 1155 1905 1305 1932; x_wconf 79' lang='lat' dir='ltr'>confitente</span> <span class='ocrx_word' id='word_1_434' title='bbox 1327 1906 1368 1935; x_wconf 70' lang='grc' dir='ltr'>1ηο</span> <span class='ocrx_word' id='word_1_435' title='bbox 1381 1906 1472 1941; x_wconf 82' lang='grc'><strong>2250).</strong></span> <span class='ocrx_word' id='word_1_436' title='bbox 1490 1905 1538 1932; x_wconf 92' lang='lat' dir='ltr'>Ille</span> <span class='ocrx_word' id='word_1_437' title='bbox 1554 1905 1601 1940; x_wconf 91' lang='lat' dir='ltr'>qui</span> <span class='ocrx_word' id='word_1_438' title='bbox 1615 1914 1676 1932; x_wconf 91' lang='lat' dir='ltr'>eam</span> <span class='ocrx_word' id='word_1_439' title='bbox 1690 1914 1740 1941; x_wconf 89' lang='lat' dir='ltr'>per</span> <span class='ocrx_word' id='word_1_440' title='bbox 1750 1905 1861 1940; x_wconf 91' lang='lat' dir='ltr'>priores</span> <span class='ocrx_word' id='word_1_441' title='bbox 1880 1907 1911 1932; x_wconf 91' lang='lat'>18</span> <span class='ocrx_word' id='word_1_442' title='bbox 1928 1914 2017 1932; x_wconf 90' lang='lat' dir='ltr'>annos</span> <span class='ocrx_word' id='word_1_443' title='bbox 2031 1905 2142 1933; x_wconf 89' lang='lat' dir='ltr'>saeculi</span> <span class='ocrx_word' id='word_1_444' title='bbox 2160 1905 2265 1933; x_wconf 86' lang='lat' dir='ltr'>ducere</span> 
     </span>
     <span class='ocr_line' id='line_1_32' title="bbox 388 1954 2266 1990; baseline -0.001 -7"><span class='ocrx_word' id='word_1_445' title='bbox 388 1958 503 1984; x_wconf 86' lang='lat' dir='ltr'>conatus</span> <span class='ocrx_word' id='word_1_446' title='bbox 519 1959 586 1989; x_wconf 87' lang='lat' dir='ltr'>erat,</span> <span class='ocrx_word' id='word_1_447' title='bbox 603 1955 744 1982; x_wconf 88' lang='lat' dir='ltr'>Johannes</span> <span class='ocrx_word' id='word_1_448' title='bbox 760 1955 876 1988; x_wconf 85' lang='lat' dir='ltr'>Gerson,</span> <span class='ocrx_word' id='word_1_449' title='bbox 893 1955 972 1989; x_wconf 86' lang='lat' dir='ltr'>quasi</span> <span class='ocrx_word' id='word_1_450' title='bbox 989 1954 1134 1981; x_wconf 83' lang='lat' dir='ltr'>exsulatus</span> <span class='ocrx_word' id='word_1_451' title='bbox 1150 1954 1277 1990; x_wconf 84' lang='lat' dir='ltr'>Lugduni</span> <span class='ocrx_word' id='word_1_452' title='bbox 1290 1955 1418 1987; x_wconf 67' lang='lat' dir='ltr'>vivebat,</span> <span class='ocrx_word' id='word_1_453' title='bbox 1435 1954 1508 1981; x_wconf 91' lang='lat' dir='ltr'>inter</span> <span class='ocrx_word' id='word_1_454' title='bbox 1522 1954 1648 1989; x_wconf 87' lang='lat' dir='ltr'>reliquos</span> <span class='ocrx_word' id='word_1_455' title='bbox 1665 1954 1683 1981; x_wconf 92' lang='lat' dir='ltr'>ii</span> <span class='ocrx_word' id='word_1_456' title='bbox 1701 1954 1748 1989; x_wconf 89' lang='lat' dir='ltr'>qui</span> <span class='ocrx_word' id='word_1_457' title='bbox 1766 1954 1841 1981; x_wconf 88' lang='lat' dir='ltr'>virili</span> <span class='ocrx_word' id='word_1_458' title='bbox 1858 1954 1972 1990; x_wconf 85' lang='lat' dir='ltr'>ingenio</span> <span class='ocrx_word' id='word_1_459' title='bbox 1989 1954 2114 1981; x_wconf 91' lang='lat' dir='ltr'>eminere</span> <span class='ocrx_word' id='word_1_460' title='bbox 2127 1954 2266 1982; x_wconf 81' lang='lat' dir='ltr'>videban-</span> 
     </span>
     <span class='ocr_line' id='line_1_33' title="bbox 388 2003 2264 2040; baseline -0.001 -8"><span class='ocrx_word' id='word_1_461' title='bbox 388 2008 441 2039; x_wconf 90' lang='lat' dir='ltr'>tur,</span> <span class='ocrx_word' id='word_1_462' title='bbox 458 2005 492 2032; x_wconf 87' lang='lat' dir='ltr'>ab</span> <span class='ocrx_word' id='word_1_463' title='bbox 509 2013 552 2033; x_wconf 88' lang='lat' dir='ltr'>an.</span> <span class='ocrx_word' id='word_1_464' title='bbox 571 2006 639 2031; x_wconf 89' lang='lat'>1418</span> <span class='ocrx_word' id='word_1_465' title='bbox 653 2013 715 2031; x_wconf 90' lang='lat' dir='ltr'>cum</span> <span class='ocrx_word' id='word_1_466' title='bbox 731 2012 797 2040; x_wconf 85' lang='lat' dir='ltr'>rege</span> <span class='ocrx_word' id='word_1_467' title='bbox 814 2004 912 2030; x_wconf 89' lang='lat' dir='ltr'>Carolo</span> <span class='ocrx_word' id='word_1_468' title='bbox 929 2004 974 2030; x_wconf 89' lang='lat' dir='ltr'>Vll</span> <span class='ocrx_word' id='word_1_469' title='bbox 990 2003 1035 2030; x_wconf 93' lang='lat' dir='ltr'>vel</span> <span class='ocrx_word' id='word_1_470' title='bbox 1048 2004 1114 2030; x_wconf 92' lang='lat' dir='ltr'>alibi</span> <span class='ocrx_word' id='word_1_471' title='bbox 1128 2004 1301 2031; x_wconf 86' lang='lat' dir='ltr'>habitabant.</span> <span class='ocrx_word' id='word_1_472' title='bbox 1319 2003 1370 2035; x_wconf 88' lang='lat' dir='ltr'>Qui</span> <span class='ocrx_word' id='word_1_473' title='bbox 1386 2003 1505 2030; x_wconf 84' lang='lat' dir='ltr'>Parisiis</span> <span class='ocrx_word' id='word_1_474' title='bbox 1520 2003 1681 2037; x_wconf 89' lang='lat' dir='ltr'>manebant,</span> <span class='ocrx_word' id='word_1_475' title='bbox 1698 2011 1747 2038; x_wconf 88' lang='lat' dir='ltr'>pro</span> <span class='ocrx_word' id='word_1_476' title='bbox 1763 2003 1863 2039; x_wconf 89' lang='lat' dir='ltr'>majori</span> <span class='ocrx_word' id='word_1_477' title='bbox 1877 2006 1955 2038; x_wconf 90' lang='lat' dir='ltr'>parte</span> <span class='ocrx_word' id='word_1_478' title='bbox 1969 2012 1985 2030; x_wconf 93' lang='lat' dir='ltr'>a</span> <span class='ocrx_word' id='word_1_479' title='bbox 2000 2003 2070 2030; x_wconf 87' lang='lat' dir='ltr'>duce</span> <span class='ocrx_word' id='word_1_480' title='bbox 2086 2003 2264 2038; x_wconf 88' lang='lat' dir='ltr'>Burgundiae</span> 
     </span>
     <span class='ocr_line' id='line_1_34' title="bbox 388 2052 2262 2088; baseline -0.001 -7"><span class='ocrx_word' id='word_1_481' title='bbox 388 2054 528 2088; x_wconf 81' lang='lat' dir='ltr'>fascinati,</span> <span class='ocrx_word' id='word_1_482' title='bbox 546 2062 659 2081; x_wconf 84' lang='lat' dir='ltr'>causam</span> <span class='ocrx_word' id='word_1_483' title='bbox 676 2053 752 2080; x_wconf 91' lang='lat' dir='ltr'>illius</span> <span class='ocrx_word' id='word_1_484' title='bbox 767 2053 941 2088; x_wconf 91' lang='lat' dir='ltr'>proindeque</span> <span class='ocrx_word' id='word_1_485' title='bbox 954 2053 1107 2088; x_wconf 85' lang='lat' dir='ltr'>Anglorum</span> <span class='ocrx_word' id='word_1_486' title='bbox 1125 2053 1271 2085; x_wconf 85' lang='lat' dir='ltr'>sovebant;</span> <span class='ocrx_word' id='word_1_487' title='bbox 1286 2053 1442 2088; x_wconf 87' lang='lat' dir='ltr'>legitimum</span> <span class='ocrx_word' id='word_1_488' title='bbox 1459 2055 1551 2079; x_wconf 87' lang='lat' dir='ltr'>autem</span> <span class='ocrx_word' id='word_1_489' title='bbox 1563 2061 1659 2087; x_wconf 83' lang='lat' dir='ltr'>regem</span> <span class='ocrx_word' id='word_1_490' title='bbox 1671 2052 1799 2079; x_wconf 91' lang='lat' dir='ltr'>Carolum</span> <span class='ocrx_word' id='word_1_491' title='bbox 1813 2053 1859 2078; x_wconf 88' lang='lat' dir='ltr'>Vll</span> <span class='ocrx_word' id='word_1_492' title='bbox 1869 2061 1919 2087; x_wconf 91' lang='lat' dir='ltr'>pro</span> <span class='ocrx_word' id='word_1_493' title='bbox 1933 2052 2015 2079; x_wconf 91' lang='lat' dir='ltr'>hoste</span> <span class='ocrx_word' id='word_1_494' title='bbox 2029 2052 2108 2088; x_wconf 87' lang='lat' dir='ltr'>regni</span> <span class='ocrx_word' id='word_1_495' title='bbox 2120 2052 2262 2080; x_wconf 89' lang='lat' dir='ltr'>tenebant.</span> 
     </span>
     <span class='ocr_line' id='line_1_35' title="bbox 388 2101 2261 2140; baseline -0.001 -10"><span class='ocrx_word' id='word_1_496' title='bbox 388 2104 463 2135; x_wconf 88' lang='lat' dir='ltr'>Quae</span> <span class='ocrx_word' id='word_1_497' title='bbox 484 2103 507 2130; x_wconf 91' lang='lat' dir='ltr'>si</span> <span class='ocrx_word' id='word_1_498' title='bbox 531 2111 603 2130; x_wconf 92' lang='lat' dir='ltr'>nunc</span> <span class='ocrx_word' id='word_1_499' title='bbox 624 2111 707 2138; x_wconf 86' lang='lat' dir='ltr'>aegre</span> <span class='ocrx_word' id='word_1_500' title='bbox 730 2102 914 2135; x_wconf 85' lang='lat' dir='ltr'>intellexeris,</span> <span class='ocrx_word' id='word_1_501' title='bbox 931 2110 987 2128; x_wconf 91' lang='lat' dir='ltr'>non</span> <span class='ocrx_word' id='word_1_502' title='bbox 1002 2101 1152 2129; x_wconf 84' lang='lat' dir='ltr'>difficulter</span> <span class='ocrx_word' id='word_1_503' title='bbox 1170 2110 1202 2129; x_wconf 89' lang='lat' dir='ltr'>ea</span> <span class='ocrx_word' id='word_1_504' title='bbox 1222 2104 1389 2137; x_wconf 88' lang='lat' dir='ltr'>tempestate</span> <span class='ocrx_word' id='word_1_505' title='bbox 1410 2101 1598 2134; x_wconf 88' lang='lat' dir='ltr'>admiserunt;</span> <span class='ocrx_word' id='word_1_506' title='bbox 1619 2104 1730 2137; x_wconf 89' lang='lat' dir='ltr'>tempus</span> <span class='ocrx_word' id='word_1_507' title='bbox 1745 2109 1813 2128; x_wconf 87' lang='lat' dir='ltr'>vero</span> <span class='ocrx_word' id='word_1_508' title='bbox 1833 2104 1960 2136; x_wconf 88' lang='lat' dir='ltr'>tempore</span> <span class='ocrx_word' id='word_1_509' title='bbox 1981 2101 2187 2140; x_wconf 80' lang='lat' dir='ltr'>expediendum</span> <span class='ocrx_word' id='word_1_510' title='bbox 2208 2104 2261 2129; x_wconf 88' lang='lat' dir='ltr'>est.</span> 
     </span>
     <span class='ocr_line' id='line_1_36' title="bbox 387 2150 2261 2187; baseline -0.001 -8"><span class='ocrx_word' id='word_1_511' title='bbox 387 2153 494 2179; x_wconf 87' lang='lat' dir='ltr'>Revera</span> <span class='ocrx_word' id='word_1_512' title='bbox 508 2152 661 2187; x_wconf 86' lang='lat' dir='ltr'>Anglorum</span> <span class='ocrx_word' id='word_1_513' title='bbox 677 2151 833 2178; x_wconf 89' lang='lat' dir='ltr'>dominium</span> <span class='ocrx_word' id='word_1_514' title='bbox 850 2151 965 2177; x_wconf 86' lang='lat' dir='ltr'>Carolus</span> <span class='ocrx_word' id='word_1_515' title='bbox 984 2151 1018 2177; x_wconf 87' lang='lat' dir='ltr'>Vl</span> <span class='ocrx_word' id='word_1_516' title='bbox 1038 2159 1085 2177; x_wconf 88' lang='lat' dir='ltr'>rex</span> <span class='ocrx_word' id='word_1_517' title='bbox 1102 2150 1256 2186; x_wconf 85' lang='lat' dir='ltr'>legitimus,</span> <span class='ocrx_word' id='word_1_518' title='bbox 1272 2151 1369 2186; x_wconf 89' lang='lat' dir='ltr'>utique</span> <span class='ocrx_word' id='word_1_519' title='bbox 1384 2150 1547 2185; x_wconf 89' lang='lat' dir='ltr'>dependens</span> <span class='ocrx_word' id='word_1_520' title='bbox 1563 2150 1597 2177; x_wconf 92' lang='lat' dir='ltr'>ab</span> <span class='ocrx_word' id='word_1_521' title='bbox 1610 2150 1718 2186; x_wconf 84' lang='lat' dir='ltr'>Anglis,</span> <span class='ocrx_word' id='word_1_522' title='bbox 1735 2152 1765 2177; x_wconf 89' lang='lat' dir='ltr'>ut</span> <span class='ocrx_word' id='word_1_523' title='bbox 1777 2152 1871 2177; x_wconf 88' lang='lat' dir='ltr'>narrat</span> <span class='ocrx_word' id='word_1_524' title='bbox 1884 2150 2006 2177; x_wconf 83' lang='lat' dir='ltr'>Jacobus</span> <span class='ocrx_word' id='word_1_525' title='bbox 2022 2150 2101 2184; x_wconf 87' lang='lat' dir='ltr'>Gelu,</span> <span class='ocrx_word' id='word_1_526' title='bbox 2116 2150 2261 2183; x_wconf 86' lang='lat' dir='ltr'>voluerat;</span> 
     </span>
     <span class='ocr_line' id='line_1_37' title="bbox 386 2199 2264 2235; baseline -0.001 -7"><span class='ocrx_word' id='word_1_527' title='bbox 386 2201 601 2234; x_wconf 87' lang='lat' dir='ltr'>Parlamentum,</span> <span class='ocrx_word' id='word_1_528' title='bbox 614 2200 799 2233; x_wconf 89' lang='lat' dir='ltr'>Universitas,</span> <span class='ocrx_word' id='word_1_529' title='bbox 814 2200 979 2235; x_wconf 88' lang='lat' dir='ltr'>plerumque</span> <span class='ocrx_word' id='word_1_530' title='bbox 993 2200 1069 2226; x_wconf 78' lang='lat' dir='ltr'>cives</span> <span class='ocrx_word' id='word_1_531' title='bbox 1080 2200 1247 2234; x_wconf 89' lang='lat' dir='ltr'>oppidorum</span> <span class='ocrx_word' id='word_1_532' title='bbox 1261 2200 1294 2226; x_wconf 93' lang='lat' dir='ltr'>ab</span> <span class='ocrx_word' id='word_1_533' title='bbox 1307 2199 1407 2235; x_wconf 84' lang='lat' dir='ltr'>Anglis</span> <span class='ocrx_word' id='word_1_534' title='bbox 1419 2202 1617 2235; x_wconf 90' lang='lat' dir='ltr'>occupatorum</span> <span class='ocrx_word' id='word_1_535' title='bbox 1630 2199 1868 2235; x_wconf 78' lang='lat' dir='ltr'>approbaverant3</span> <span class='ocrx_word' id='word_1_536' title='bbox 1880 2207 1936 2226; x_wconf 91' lang='lat' dir='ltr'>uno</span> <span class='ocrx_word' id='word_1_537' title='bbox 1948 2199 2035 2226; x_wconf 92' lang='lat' dir='ltr'>verbo</span> <span class='ocrx_word' id='word_1_538' title='bbox 2047 2201 2264 2226; x_wconf 80' lang='lat' dir='ltr'>consecraverat</span> 
     </span>
     <span class='ocr_line' id='line_1_38' title="bbox 387 2239 2261 2284; baseline -0.001 -7"><span class='ocrx_word' id='word_1_539' title='bbox 387 2252 519 2277; x_wconf 84' lang='lat' dir='ltr'>tractatus</span> <span class='ocrx_word' id='word_1_540' title='bbox 533 2250 683 2276; x_wconf 88' lang='lat' dir='ltr'>Trecensis</span> <span class='ocrx_word' id='word_1_541' title='bbox 699 2257 781 2284; x_wconf 89' lang='lat' dir='ltr'>quem</span> <span class='ocrx_word' id='word_1_542' title='bbox 798 2249 926 2284; x_wconf 87' lang='lat' dir='ltr'>magistri</span> <span class='ocrx_word' id='word_1_543' title='bbox 943 2249 1016 2275; x_wconf 85' lang='lat' dir='ltr'>sicut</span> <span class='ocrx_word' id='word_1_544' title='bbox 1029 2249 1131 2275; x_wconf 89' lang='lat' dir='ltr'>caeteri</span> <span class='ocrx_word' id='word_1_545' title='bbox 1146 2257 1176 2275; x_wconf 91' lang='lat' dir='ltr'>se</span> <span class='ocrx_word' id='word_1_546' title='bbox 1193 2251 1355 2275; x_wconf 84' lang='lat' dir='ltr'>servaturos</span> <span class='ocrx_word' id='word_1_547' title='bbox 1372 2249 1471 2275; x_wconf 87' lang='lat' dir='ltr'>iterato</span> <span class='ocrx_word' id='word_1_548' title='bbox 1489 2249 1662 2283; x_wconf 86' lang='lat' dir='ltr'>juraverant.</span> <span class='ocrx_word' id='word_1_549' title='bbox 1684 2248 1783 2275; x_wconf 87' lang='lat' dir='ltr'>Mutari</span> <span class='ocrx_word' id='word_1_550' title='bbox 1803 2250 1858 2275; x_wconf 83' lang='lat' dir='ltr'>tam</span> <span class='ocrx_word' id='word_1_551' title='bbox 1874 2239 2001 2283; x_wconf 84' lang='lat' dir='ltr'>legitime</span> <span class='ocrx_word' id='word_1_552' title='bbox 2020 2248 2134 2275; x_wconf 91' lang='lat' dir='ltr'>domum</span> <span class='ocrx_word' id='word_1_553' title='bbox 2154 2248 2261 2284; x_wconf 82' lang='lat' dir='ltr'>regiam</span> 
     </span>
     <span class='ocr_line' id='line_1_39' title="bbox 387 2296 2263 2334; baseline -0.001 -9"><span class='ocrx_word' id='word_1_554' title='bbox 387 2299 533 2334; x_wconf 88' lang='lat' dir='ltr'>supposita</span> <span class='ocrx_word' id='word_1_555' title='bbox 547 2298 744 2325; x_wconf 83' lang='lat' dir='ltr'>Universitatis</span> <span class='ocrx_word' id='word_1_556' title='bbox 760 2298 946 2325; x_wconf 86' lang='lat' dir='ltr'>aestimabant</span> <span class='ocrx_word' id='word_1_557' title='bbox 964 2306 1046 2332; x_wconf 90' lang='lat' dir='ltr'>quam</span> <span class='ocrx_word' id='word_1_558' title='bbox 1065 2297 1181 2324; x_wconf 85' lang='lat' dir='ltr'>sormam</span> <span class='ocrx_word' id='word_1_559' title='bbox 1202 2297 1350 2333; x_wconf 90' lang='lat' dir='ltr'>regiminis</span> <span class='ocrx_word' id='word_1_560' title='bbox 1368 2297 1540 2324; x_wconf 89' lang='lat' dir='ltr'>recentiores</span> <span class='ocrx_word' id='word_1_561' title='bbox 1558 2297 1717 2324; x_wconf 89' lang='lat' dir='ltr'>admittunt.</span> <span class='ocrx_word' id='word_1_562' title='bbox 1735 2298 1798 2332; x_wconf 87' lang='lat' dir='ltr'>Ipse</span> <span class='ocrx_word' id='word_1_563' title='bbox 1811 2297 1941 2324; x_wconf 82' lang='lat' dir='ltr'>Pontifex</span> <span class='ocrx_word' id='word_1_564' title='bbox 1957 2297 2034 2324; x_wconf 85' lang='lat' dir='ltr'>illam</span> <span class='ocrx_word' id='word_1_565' title='bbox 2049 2296 2157 2324; x_wconf 87' lang='lat' dir='ltr'>firmam</span> <span class='ocrx_word' id='word_1_566' title='bbox 2171 2297 2263 2333; x_wconf 82' lang='lat' dir='ltr'>magi-</span> 
     </span>
     <span class='ocr_line' id='line_1_40' title="bbox 386 2346 2139 2383; baseline -0.001 -9"><span class='ocrx_word' id='word_1_567' title='bbox 386 2350 506 2374; x_wconf 88' lang='lat' dir='ltr'>strorum</span> <span class='ocrx_word' id='word_1_568' title='bbox 521 2347 692 2383; x_wconf 89' lang='lat' dir='ltr'>opinionem,</span> <span class='ocrx_word' id='word_1_569' title='bbox 712 2347 840 2381; x_wconf 90' lang='lat' dir='ltr'>quamvis</span> <span class='ocrx_word' id='word_1_570' title='bbox 854 2346 888 2373; x_wconf 93' lang='lat' dir='ltr'>ad</span> <span class='ocrx_word' id='word_1_571' title='bbox 903 2354 1000 2381; x_wconf 90' lang='lat' dir='ltr'>pacem</span> <span class='ocrx_word' id='word_1_572' title='bbox 1017 2346 1168 2374; x_wconf 84' lang='lat' dir='ltr'>exhortans</span> <span class='ocrx_word' id='word_1_573' title='bbox 1183 2348 1388 2381; x_wconf 86' lang='lat' dir='ltr'>tractatumque</span> <span class='ocrx_word' id='word_1_574' title='bbox 1404 2347 1574 2373; x_wconf 80' lang='lat' dir='ltr'>Trecensem</span> <span class='ocrx_word' id='word_1_575' title='bbox 1588 2346 1784 2379; x_wconf 84' lang='lat' dir='ltr'>dissimulans,</span> <span class='ocrx_word' id='word_1_576' title='bbox 1801 2354 1943 2381; x_wconf 91' lang='lat' dir='ltr'>nunquam</span> <span class='ocrx_word' id='word_1_577' title='bbox 1958 2346 2139 2381; x_wconf 87' lang='lat' dir='ltr'>vituperavit.</span> 
     </span>
    </p>

    <p class='ocr_par' dir='ltr' id='par_1_8' title="bbox 387 2394 2260 2921">
     <span class='ocr_line' id='line_1_41' title="bbox 474 2394 2260 2430; baseline -0.001 -7"><span class='ocrx_word' id='word_1_578' title='bbox 474 2396 612 2430; x_wconf 87' lang='lat' dir='ltr'>Secundo,</span> <span class='ocrx_word' id='word_1_579' title='bbox 629 2396 771 2423; x_wconf 88' lang='lat' dir='ltr'>Johannae</span> <span class='ocrx_word' id='word_1_580' title='bbox 787 2395 980 2430; x_wconf 80' lang='lat' dir='ltr'>factorumque</span> <span class='ocrx_word' id='word_1_581' title='bbox 996 2395 1031 2422; x_wconf 89' lang='lat' dir='ltr'>ad</span> <span class='ocrx_word' id='word_1_582' title='bbox 1048 2403 1109 2422; x_wconf 87' lang='lat' dir='ltr'>eam</span> <span class='ocrx_word' id='word_1_583' title='bbox 1124 2395 1324 2430; x_wconf 89' lang='lat' dir='ltr'>pertinentium</span> <span class='ocrx_word' id='word_1_584' title='bbox 1345 2403 1462 2422; x_wconf 85' lang='lat' dir='ltr'>examen</span> <span class='ocrx_word' id='word_1_585' title='bbox 1477 2395 1637 2422; x_wconf 88' lang='lat' dir='ltr'>necessario</span> <span class='ocrx_word' id='word_1_586' title='bbox 1654 2395 1813 2422; x_wconf 82' lang='lat' dir='ltr'>faciendum</span> <span class='ocrx_word' id='word_1_587' title='bbox 1830 2397 1899 2429; x_wconf 90' lang='lat' dir='ltr'>erat,</span> <span class='ocrx_word' id='word_1_588' title='bbox 1918 2394 1947 2421; x_wconf 91' lang='lat' dir='ltr'>id</span> <span class='ocrx_word' id='word_1_589' title='bbox 1962 2394 2206 2430; x_wconf 88' lang='lat' dir='ltr'>expostulantibus</span> <span class='ocrx_word' id='word_1_590' title='bbox 2224 2394 2260 2422; x_wconf 93' lang='lat' dir='ltr'>iis</span> 
     </span>
     <span class='ocr_line' id='line_1_42' title="bbox 387 2443 2260 2480; baseline -0.001 -9"><span class='ocrx_word' id='word_1_591' title='bbox 387 2445 469 2472; x_wconf 87' lang='lat' dir='ltr'>etiam</span> <span class='ocrx_word' id='word_1_592' title='bbox 486 2446 531 2480; x_wconf 87' lang='lat' dir='ltr'>qui</span> <span class='ocrx_word' id='word_1_593' title='bbox 548 2447 641 2480; x_wconf 87' lang='lat' dir='ltr'>partes</span> <span class='ocrx_word' id='word_1_594' title='bbox 657 2445 732 2471; x_wconf 89' lang='lat' dir='ltr'>illius</span> <span class='ocrx_word' id='word_1_595' title='bbox 745 2445 888 2471; x_wconf 86' lang='lat' dir='ltr'>tenebant.</span> <span class='ocrx_word' id='word_1_596' title='bbox 903 2444 947 2471; x_wconf 88' lang='lat' dir='ltr'>Sic</span> <span class='ocrx_word' id='word_1_597' title='bbox 965 2446 1062 2471; x_wconf 86' lang='lat' dir='ltr'>auctor</span> <span class='ocrx_word' id='word_1_598' title='bbox 1077 2444 1199 2478; x_wconf 78' lang='lat' dir='ltr'>Sibyllae</span> <span class='ocrx_word' id='word_1_599' title='bbox 1214 2445 1349 2471; x_wconf 80' lang='lat' dir='ltr'>Franciae</span> <span class='ocrx_word' id='word_1_600' title='bbox 1365 2452 1409 2471; x_wconf 87' lang='lat' dir='ltr'>an.</span> <span class='ocrx_word' id='word_1_601' title='bbox 1428 2445 1496 2471; x_wconf 88' lang='grc'><strong>1429</strong></span> <span class='ocrx_word' id='word_1_602' title='bbox 1510 2444 1608 2471; x_wconf 89' lang='lat' dir='ltr'>scribit</span> <span class='ocrx_word' id='word_1_603' title='bbox 1623 2453 1629 2471; x_wconf 74' lang='grc' dir='ltr'><strong><em>ι</em></strong></span> <span class='ocrx_word' id='word_1_604' title='bbox 1647 2455 1659 2468; x_wconf 81' lang='grc' dir='ltr'>α</span> <span class='ocrx_word' id='word_1_605' title='bbox 1682 2444 1766 2470; x_wconf 86' lang='lat' dir='ltr'>Miror</span> <span class='ocrx_word' id='word_1_606' title='bbox 1780 2444 1855 2479; x_wconf 92' lang='lat' dir='ltr'>quod</span> <span class='ocrx_word' id='word_1_607' title='bbox 1874 2446 1929 2470; x_wconf 91' lang='lat' dir='ltr'>tam</span> <span class='ocrx_word' id='word_1_608' title='bbox 1946 2443 2052 2470; x_wconf 82' lang='lat' dir='ltr'>famosa</span> <span class='ocrx_word' id='word_1_609' title='bbox 2072 2443 2100 2470; x_wconf 91' lang='lat' dir='ltr'>in</span> <span class='ocrx_word' id='word_1_610' title='bbox 2115 2443 2260 2479; x_wconf 87' lang='lat' dir='ltr'>prosperis</span> 
     </span>
     <span class='ocr_line' id='line_1_43' title="bbox 387 2492 2259 2529; baseline -0.001 -8"><span class='ocrx_word' id='word_1_611' title='bbox 387 2494 456 2521; x_wconf 88' lang='lat' dir='ltr'>actis</span> <span class='ocrx_word' id='word_1_612' title='bbox 473 2497 500 2521; x_wconf 90' lang='lat' dir='ltr'>et</span> <span class='ocrx_word' id='word_1_613' title='bbox 514 2494 631 2529; x_wconf 80' lang='lat' dir='ltr'>agendis</span> <span class='ocrx_word' id='word_1_614' title='bbox 649 2502 705 2520; x_wconf 92' lang='lat' dir='ltr'>non</span> <span class='ocrx_word' id='word_1_615' title='bbox 720 2493 863 2528; x_wconf 85' lang='lat' dir='ltr'>probetur,</span> <span class='ocrx_word' id='word_1_616' title='bbox 881 2494 962 2528; x_wconf 87' lang='lat' dir='ltr'>cujus</span> <span class='ocrx_word' id='word_1_617' title='bbox 978 2493 1014 2520; x_wconf 89' lang='lat' dir='ltr'>sit</span> <span class='ocrx_word' id='word_1_618' title='bbox 1031 2493 1158 2528; x_wconf 88' lang='lat' dir='ltr'>spiritus,</span> <span class='ocrx_word' id='word_1_619' title='bbox 1176 2495 1202 2520; x_wconf 90' lang='lat' dir='ltr'>et</span> <span class='ocrx_word' id='word_1_620' title='bbox 1218 2493 1293 2528; x_wconf 88' lang='lat' dir='ltr'>quod</span> <span class='ocrx_word' id='word_1_621' title='bbox 1310 2495 1366 2520; x_wconf 88' lang='lat' dir='ltr'>tam</span> <span class='ocrx_word' id='word_1_622' title='bbox 1383 2493 1469 2520; x_wconf 87' lang='lat' dir='ltr'>ardua</span> <span class='ocrx_word' id='word_1_623' title='bbox 1487 2495 1513 2520; x_wconf 85' lang='lat' dir='ltr'>et</span> <span class='ocrx_word' id='word_1_624' title='bbox 1530 2493 1667 2528; x_wconf 89' lang='lat' dir='ltr'>stupenda</span> <span class='ocrx_word' id='word_1_625' title='bbox 1685 2493 1838 2520; x_wconf 90' lang='lat' dir='ltr'>examinari</span> <span class='ocrx_word' id='word_1_626' title='bbox 1855 2495 1883 2520; x_wconf 87' lang='lat' dir='ltr'>et</span> <span class='ocrx_word' id='word_1_627' title='bbox 1901 2493 2014 2528; x_wconf 86' lang='lat' dir='ltr'>probari</span> <span class='ocrx_word' id='word_1_628' title='bbox 2029 2492 2208 2528; x_wconf 82' lang='lat' dir='ltr'>negligantur</span> <span class='ocrx_word' id='word_1_629' title='bbox 2225 2492 2259 2520; x_wconf 86' lang='lat' dir='ltr'>ab</span> 
     </span>
     <span class='ocr_line' id='line_1_44' title="bbox 387 2541 2260 2580; baseline -0.001 -10"><span class='ocrx_word' id='word_1_630' title='bbox 387 2543 507 2570; x_wconf 86' lang='lat' dir='ltr'>ecclesia</span> <span class='ocrx_word' id='word_1_631' title='bbox 527 2555 540 2567; x_wconf 86' lang='lat'>»</span> <span class='ocrx_word' id='word_1_632' title='bbox 561 2543 737 2577; x_wconf 57' lang='lat' dir='ltr'>(chnanxr,</span> <span class='ocrx_word' id='word_1_633' title='bbox 758 2543 803 2576; x_wconf 89' lang='lat' dir='ltr'>lll,</span> <span class='ocrx_word' id='word_1_634' title='bbox 824 2543 941 2580; x_wconf 34' lang='lat' dir='ltr'>p.‚441›.</span> <span class='ocrx_word' id='word_1_635' title='bbox 965 2542 1102 2569; x_wconf 88' lang='lat' dir='ltr'>Henricus</span> <span class='ocrx_word' id='word_1_636' title='bbox 1122 2542 1157 2569; x_wconf 91' lang='lat' dir='ltr'>de</span> <span class='ocrx_word' id='word_1_637' title='bbox 1178 2542 1344 2569; x_wconf 90' lang='lat' dir='ltr'>Gorinchem</span> <span class='ocrx_word' id='word_1_638' title='bbox 1360 2550 1449 2577; x_wconf 89' lang='lat' dir='ltr'>usque</span> <span class='ocrx_word' id='word_1_639' title='bbox 1470 2551 1514 2569; x_wconf 87' lang='lat' dir='ltr'>an.</span> <span class='ocrx_word' id='word_1_640' title='bbox 1533 2543 1600 2568; x_wconf 89' lang='grc'><strong>1419</strong></span> <span class='ocrx_word' id='word_1_641' title='bbox 1622 2542 1768 2577; x_wconf 76' lang='lat' dir='ltr'>professor</span> <span class='ocrx_word' id='word_1_642' title='bbox 1789 2542 1970 2575; x_wconf 86' lang='lat' dir='ltr'>Parisiensis,</span> <span class='ocrx_word' id='word_1_643' title='bbox 1994 2544 2059 2568; x_wconf 85' lang='lat' dir='ltr'>tunc</span> <span class='ocrx_word' id='word_1_644' title='bbox 2082 2541 2260 2568; x_wconf 89' lang='lat' dir='ltr'>Coloniensis</span> 
     </span>
     <span class='ocr_line' id='line_1_45' title="bbox 387 2590 2258 2626; baseline -0.001 -8"><span class='ocrx_word' id='word_1_645' title='bbox 387 2592 544 2626; x_wconf 81' lang='lat' dir='ltr'>(defunctus</span> <span class='ocrx_word' id='word_1_646' title='bbox 560 2600 603 2618; x_wconf 85' lang='lat' dir='ltr'>an.</span> <span class='ocrx_word' id='word_1_647' title='bbox 621 2593 684 2618; x_wconf 87' lang='lat'>1431</span> <span class='ocrx_word' id='word_1_648' title='bbox 704 2594 731 2618; x_wconf 90' lang='lat' dir='ltr'>et</span> <span class='ocrx_word' id='word_1_649' title='bbox 746 2600 801 2618; x_wconf 92' lang='lat' dir='ltr'>non</span> <span class='ocrx_word' id='word_1_650' title='bbox 819 2593 896 2624; x_wconf 84' lang='lat'>1460,</span> <span class='ocrx_word' id='word_1_651' title='bbox 910 2594 940 2618; x_wconf 92' lang='lat' dir='ltr'>ut</span> <span class='ocrx_word' id='word_1_652' title='bbox 953 2599 1015 2618; x_wconf 89' lang='lat' dir='ltr'>eum</span> <span class='ocrx_word' id='word_1_653' title='bbox 1030 2592 1187 2623; x_wconf 67' lang='lat' dir='ltr'>Quieuann</span> <span class='ocrx_word' id='word_1_654' title='bbox 1202 2591 1281 2618; x_wconf 88' lang='lat' dir='ltr'>multi</span> <span class='ocrx_word' id='word_1_655' title='bbox 1297 2591 1414 2626; x_wconf 90' lang='lat' dir='ltr'>dicunt),</span> <span class='ocrx_word' id='word_1_656' title='bbox 1434 2591 1532 2618; x_wconf 90' lang='lat' dir='ltr'>eodem</span> <span class='ocrx_word' id='word_1_657' title='bbox 1549 2599 1620 2618; x_wconf 88' lang='lat' dir='ltr'>anno</span> <span class='ocrx_word' id='word_1_658' title='bbox 1639 2592 1705 2618; x_wconf 89' lang='grc'><strong>1429</strong></span> <span class='ocrx_word' id='word_1_659' title='bbox 1722 2591 1750 2617; x_wconf 92' lang='lat' dir='ltr'>in</span> <span class='ocrx_word' id='word_1_660' title='bbox 1766 2600 1817 2618; x_wconf 90' lang='lat' dir='ltr'>suo</span> <span class='ocrx_word' id='word_1_661' title='bbox 1834 2591 1970 2626; x_wconf 88' lang='lat' dir='ltr'>opusculo</span> <span class='ocrx_word' id='word_1_662' title='bbox 1987 2590 2021 2617; x_wconf 90' lang='lat' dir='ltr'>de</span> <span class='ocrx_word' id='word_1_663' title='bbox 2036 2590 2163 2617; x_wconf 83' lang='lat' dir='ltr'>Johanna</span> <span class='ocrx_word' id='word_1_664' title='bbox 2177 2590 2258 2617; x_wconf 83' lang='lat' dir='ltr'>d&#39;Arc</span> 
     </span>
     <span class='ocr_line' id='line_1_46' title="bbox 387 2639 2259 2676; baseline -0.001 -9"><span class='ocrx_word' id='word_1_665' title='bbox 387 2641 594 2676; x_wconf 87' lang='lat' dir='ltr'>propositiones</span> <span class='ocrx_word' id='word_1_666' title='bbox 613 2649 662 2676; x_wconf 83' lang='lat' dir='ltr'>pro</span> <span class='ocrx_word' id='word_1_667' title='bbox 678 2641 740 2676; x_wconf 90' lang='lat' dir='ltr'>ipsa</span> <span class='ocrx_word' id='word_1_668' title='bbox 756 2643 783 2667; x_wconf 91' lang='lat' dir='ltr'>et</span> <span class='ocrx_word' id='word_1_669' title='bbox 802 2643 897 2667; x_wconf 90' lang='lat' dir='ltr'>contra</span> <span class='ocrx_word' id='word_1_670' title='bbox 917 2640 1006 2676; x_wconf 89' lang='lat' dir='ltr'>ipsam</span> <span class='ocrx_word' id='word_1_671' title='bbox 1023 2640 1101 2667; x_wconf 82' lang='lat' dir='ltr'>affert</span> <span class='ocrx_word' id='word_1_672' title='bbox 1117 2640 1295 2675; x_wconf 70' lang='lat' dir='ltr'>(chnanss,</span> <span class='ocrx_word' id='word_1_673' title='bbox 1311 2640 1330 2667; x_wconf 96' lang='grc'>1.</span> <span class='ocrx_word' id='word_1_674' title='bbox 1351 2648 1387 2673; x_wconf 89' lang='lat' dir='ltr'>c.,</span> <span class='ocrx_word' id='word_1_675' title='bbox 1404 2649 1431 2675; x_wconf 90' lang='lat' dir='ltr'>p.</span> <span class='ocrx_word' id='word_1_676' title='bbox 1450 2641 1499 2667; x_wconf 88' lang='grc'>411</span> <span class='ocrx_word' id='word_1_677' title='bbox 1521 2642 1606 2675; x_wconf 88' lang='lat' dir='ltr'>sqq.)‚</span> <span class='ocrx_word' id='word_1_678' title='bbox 1627 2648 1718 2675; x_wconf 82' lang='lat' dir='ltr'>neque</span> <span class='ocrx_word' id='word_1_679' title='bbox 1735 2640 1769 2667; x_wconf 89' lang='lat' dir='ltr'>ad</span> <span class='ocrx_word' id='word_1_680' title='bbox 1789 2643 1896 2667; x_wconf 90' lang='lat' dir='ltr'>certum</span> <span class='ocrx_word' id='word_1_681' title='bbox 1912 2639 2026 2666; x_wconf 90' lang='lat' dir='ltr'>omnino</span> <span class='ocrx_word' id='word_1_682' title='bbox 2046 2639 2080 2666; x_wconf 89' lang='lat' dir='ltr'>de</span> <span class='ocrx_word' id='word_1_683' title='bbox 2101 2639 2163 2674; x_wconf 87' lang='lat' dir='ltr'>ipsa</span> <span class='ocrx_word' id='word_1_684' title='bbox 2181 2639 2259 2675; x_wconf 92' lang='lat' dir='ltr'>judi-</span> 
     </span>
     <span class='ocr_line' id='line_1_47' title="bbox 387 2687 2258 2724; baseline -0.001 -9"><span class='ocrx_word' id='word_1_685' title='bbox 387 2689 459 2716; x_wconf 85' lang='lat' dir='ltr'>cium</span> <span class='ocrx_word' id='word_1_686' title='bbox 477 2689 612 2724; x_wconf 88' lang='lat' dir='ltr'>pervenit.</span> <span class='ocrx_word' id='word_1_687' title='bbox 628 2689 745 2720; x_wconf 85' lang='lat' dir='ltr'>Quidam</span> <span class='ocrx_word' id='word_1_688' title='bbox 762 2697 795 2715; x_wconf 90' lang='lat' dir='ltr'>an</span> <span class='ocrx_word' id='word_1_689' title='bbox 811 2689 891 2724; x_wconf 82' lang='lat' dir='ltr'>virgo</span> <span class='ocrx_word' id='word_1_690' title='bbox 907 2689 1019 2724; x_wconf 86' lang='lat' dir='ltr'>species</span> <span class='ocrx_word' id='word_1_691' title='bbox 1034 2689 1183 2716; x_wconf 79' lang='lat' dir='ltr'>fantastica</span> <span class='ocrx_word' id='word_1_692' title='bbox 1199 2691 1275 2716; x_wconf 88' lang='lat' dir='ltr'>esset</span> <span class='ocrx_word' id='word_1_693' title='bbox 1291 2689 1456 2716; x_wconf 87' lang='lat' dir='ltr'>dubitabant</span> <span class='ocrx_word' id='word_1_694' title='bbox 1472 2689 1500 2723; x_wconf 91' lang='lat' dir='ltr'>(l.</span> <span class='ocrx_word' id='word_1_695' title='bbox 1517 2697 1554 2722; x_wconf 83' lang='lat' dir='ltr'>c.,</span> <span class='ocrx_word' id='word_1_696' title='bbox 1568 2697 1595 2724; x_wconf 87' lang='lat' dir='ltr'>p.</span> <span class='ocrx_word' id='word_1_697' title='bbox 1611 2690 1685 2722; x_wconf 80' lang='grc'><strong>412),</strong></span> <span class='ocrx_word' id='word_1_698' title='bbox 1699 2689 1784 2715; x_wconf 87' lang='lat' dir='ltr'>immo</span> <span class='ocrx_word' id='word_1_699' title='bbox 1798 2688 1857 2724; x_wconf 89' lang='lat' dir='ltr'>ipse</span> <span class='ocrx_word' id='word_1_700' title='bbox 1873 2690 1970 2715; x_wconf 89' lang='lat' dir='ltr'>auctor</span> <span class='ocrx_word' id='word_1_701' title='bbox 1982 2688 2179 2719; x_wconf 75' lang='lat' dir='ltr'>librilournal</span> <span class='ocrx_word' id='word_1_702' title='bbox 2191 2687 2258 2714; x_wconf 81' lang='lat' dir='ltr'>d&#39;un</span> 
     </span>
     <span class='ocr_line' id='line_1_48' title="bbox 388 2737 2258 2773; baseline -0.001 -9"><span class='ocrx_word' id='word_1_703' title='bbox 388 2738 529 2771; x_wconf 69' lang='lat' dir='ltr'>bourgycois</span> <span class='ocrx_word' id='word_1_704' title='bbox 544 2738 577 2764; x_wconf 83' lang='lat' dir='ltr'>de</span> <span class='ocrx_word' id='word_1_705' title='bbox 595 2739 673 2764; x_wconf 81' lang='lat' dir='ltr'>Paris</span> <span class='ocrx_word' id='word_1_706' title='bbox 694 2743 730 2773; x_wconf 86' lang='lat' dir='ltr'>(p.</span> <span class='ocrx_word' id='word_1_707' title='bbox 752 2739 814 2771; x_wconf 79' lang='grc'><strong>244)</strong></span> <span class='ocrx_word' id='word_1_708' title='bbox 838 2741 919 2765; x_wconf 78' lang='lat' dir='ltr'>vocat</span> <span class='ocrx_word' id='word_1_709' title='bbox 942 2746 1003 2765; x_wconf 91' lang='lat' dir='ltr'>eam</span> <span class='ocrx_word' id='word_1_710' title='bbox 1021 2749 1035 2762; x_wconf 87' lang='lat'>«</span> <span class='ocrx_word' id='word_1_711' title='bbox 1052 2746 1106 2765; x_wconf 92' lang='lat' dir='ltr'>une</span> <span class='ocrx_word' id='word_1_712' title='bbox 1127 2741 1253 2765; x_wconf 89' lang='lat' dir='ltr'>creature</span> <span class='ocrx_word' id='word_1_713' title='bbox 1274 2738 1321 2773; x_wconf 91' lang='lat' dir='ltr'>qui</span> <span class='ocrx_word' id='word_1_714' title='bbox 1343 2738 1427 2765; x_wconf 88' lang='lat' dir='ltr'>estoit</span> <span class='ocrx_word' id='word_1_715' title='bbox 1449 2746 1483 2764; x_wconf 91' lang='lat' dir='ltr'>en</span> <span class='ocrx_word' id='word_1_716' title='bbox 1505 2738 1594 2765; x_wconf 84' lang='lat' dir='ltr'>forme</span> <span class='ocrx_word' id='word_1_717' title='bbox 1614 2738 1648 2765; x_wconf 90' lang='lat' dir='ltr'>de</span> <span class='ocrx_word' id='word_1_718' title='bbox 1670 2738 1772 2765; x_wconf 88' lang='lat' dir='ltr'>semme</span> <span class='ocrx_word' id='word_1_719' title='bbox 1792 2749 1817 2764; x_wconf 77' lang='lat' dir='ltr'>n.</span> <span class='ocrx_word' id='word_1_720' title='bbox 1839 2737 1917 2764; x_wconf 87' lang='lat' dir='ltr'>Unde</span> <span class='ocrx_word' id='word_1_721' title='bbox 1938 2745 2055 2764; x_wconf 85' lang='lat' dir='ltr'>examen</span> <span class='ocrx_word' id='word_1_722' title='bbox 2077 2745 2134 2763; x_wconf 89' lang='lat' dir='ltr'>non</span> <span class='ocrx_word' id='word_1_723' title='bbox 2156 2744 2258 2772; x_wconf 85' lang='lat' dir='ltr'>super—</span> 
     </span>
     <span class='ocr_line' id='line_1_49' title="bbox 387 2785 2256 2822; baseline 0 -10"><span class='ocrx_word' id='word_1_724' title='bbox 387 2786 472 2812; x_wconf 88' lang='lat' dir='ltr'>ssuum</span> <span class='ocrx_word' id='word_1_725' title='bbox 488 2786 547 2812; x_wconf 87' lang='lat' dir='ltr'>suit.</span> <span class='ocrx_word' id='word_1_726' title='bbox 570 2786 743 2813; x_wconf 80' lang='lat' dir='ltr'>Universitas</span> <span class='ocrx_word' id='word_1_727' title='bbox 764 2795 808 2813; x_wconf 87' lang='lat' dir='ltr'>an.</span> <span class='ocrx_word' id='word_1_728' title='bbox 827 2788 894 2813; x_wconf 86' lang='grc'><strong>1428</strong></span> <span class='ocrx_word' id='word_1_729' title='bbox 914 2787 1030 2814; x_wconf 85' lang='lat' dir='ltr'>Martino</span> <span class='ocrx_word' id='word_1_730' title='bbox 1047 2787 1068 2813; x_wconf 93' lang='lat' dir='ltr'>V</span> <span class='ocrx_word' id='word_1_731' title='bbox 1082 2789 1260 2822; x_wconf 87' lang='lat' dir='ltr'>exposuerat,</span> <span class='ocrx_word' id='word_1_732' title='bbox 1278 2787 1313 2814; x_wconf 86' lang='lat' dir='ltr'>ad</span> <span class='ocrx_word' id='word_1_733' title='bbox 1326 2787 1523 2814; x_wconf 82' lang='lat' dir='ltr'>cancellarium</span> <span class='ocrx_word' id='word_1_734' title='bbox 1538 2787 1629 2814; x_wconf 87' lang='lat' dir='ltr'>Paris.</span> <span class='ocrx_word' id='word_1_735' title='bbox 1644 2795 1707 2814; x_wconf 88' lang='lat' dir='ltr'>cum</span> <span class='ocrx_word' id='word_1_736' title='bbox 1721 2786 1909 2814; x_wconf 90' lang='lat' dir='ltr'>Universitate</span> <span class='ocrx_word' id='word_1_737' title='bbox 1924 2786 2028 2816; x_wconf 85' lang='lat' dir='ltr'>virtute</span> <span class='ocrx_word' id='word_1_738' title='bbox 2043 2785 2256 2820; x_wconf 85' lang='lat' dir='ltr'>privilegiorum</span> 
     </span>
     <span class='ocr_line' id='line_1_50' title="bbox 387 2834 2258 2871; baseline 0.001 -11"><span class='ocrx_word' id='word_1_739' title='bbox 387 2835 505 2869; x_wconf 87' lang='lat' dir='ltr'>apostol.</span> <span class='ocrx_word' id='word_1_740' title='bbox 522 2835 661 2869; x_wconf 87' lang='lat' dir='ltr'>pertinere</span> <span class='ocrx_word' id='word_1_741' title='bbox 677 2843 848 2870; x_wconf 82' lang='lat' dir='ltr'>cognoscere</span> <span class='ocrx_word' id='word_1_742' title='bbox 862 2838 888 2862; x_wconf 88' lang='lat' dir='ltr'>et</span> <span class='ocrx_word' id='word_1_743' title='bbox 904 2836 1034 2863; x_wconf 87' lang='lat' dir='ltr'>decidere</span> <span class='ocrx_word' id='word_1_744' title='bbox 1050 2836 1084 2863; x_wconf 90' lang='lat' dir='ltr'>de</span> <span class='ocrx_word' id='word_1_745' title='bbox 1099 2836 1265 2863; x_wconf 87' lang='lat' dir='ltr'>haeresibus</span> <span class='ocrx_word' id='word_1_746' title='bbox 1282 2839 1309 2863; x_wconf 91' lang='lat' dir='ltr'>et</span> <span class='ocrx_word' id='word_1_747' title='bbox 1325 2836 1505 2871; x_wconf 88' lang='lat' dir='ltr'>opinionibus</span> <span class='ocrx_word' id='word_1_748' title='bbox 1520 2836 1638 2863; x_wconf 86' lang='lat' dir='ltr'>Parisiis</span> <span class='ocrx_word' id='word_1_749' title='bbox 1653 2839 1681 2863; x_wconf 88' lang='lat' dir='ltr'>et</span> <span class='ocrx_word' id='word_1_750' title='bbox 1696 2836 1724 2862; x_wconf 90' lang='lat' dir='ltr'>in</span> <span class='ocrx_word' id='word_1_751' title='bbox 1739 2836 1866 2871; x_wconf 88' lang='lat' dir='ltr'>partibus</span> <span class='ocrx_word' id='word_1_752' title='bbox 1881 2834 2092 2863; x_wconf 87' lang='lat' dir='ltr'>circumvicinis</span> <span class='ocrx_word' id='word_1_753' title='bbox 2108 2842 2258 2870; x_wconf 82' lang='lat' dir='ltr'>emergen-</span> 
     </span>
     <span class='ocr_line' id='line_1_51' title="bbox 387 2883 2256 2921; baseline 0.001 -13"><span class='ocrx_word' id='word_1_754' title='bbox 387 2883 471 2909; x_wconf 89' lang='lat' dir='ltr'>tibus.</span> <span class='ocrx_word' id='word_1_755' title='bbox 490 2883 618 2909; x_wconf 85' lang='lat' dir='ltr'>Summus</span> <span class='ocrx_word' id='word_1_756' title='bbox 633 2884 762 2910; x_wconf 82' lang='lat' dir='ltr'>Pontifex</span> <span class='ocrx_word' id='word_1_757' title='bbox 777 2884 805 2910; x_wconf 90' lang='lat' dir='ltr'>id</span> <span class='ocrx_word' id='word_1_758' title='bbox 820 2884 934 2911; x_wconf 87' lang='lat' dir='ltr'>minime</span> <span class='ocrx_word' id='word_1_759' title='bbox 949 2885 1063 2920; x_wconf 84' lang='lat' dir='ltr'>negavit</span> <span class='ocrx_word' id='word_1_760' title='bbox 1077 2885 1142 2917; x_wconf 75' lang='lat' dir='ltr'>(vid.</span> <span class='ocrx_word' id='word_1_761' title='bbox 1160 2891 1192 2912; x_wconf 86' lang='lat' dir='ltr'>n⁰</span> <span class='ocrx_word' id='word_1_762' title='bbox 1207 2885 1299 2921; x_wconf 83' lang='grc'><strong>2307),</strong></span> <span class='ocrx_word' id='word_1_763' title='bbox 1314 2893 1376 2912; x_wconf 88' lang='lat' dir='ltr'>cum</span> <span class='ocrx_word' id='word_1_764' title='bbox 1392 2885 1417 2912; x_wconf 91' lang='lat' dir='ltr'>is</span> <span class='ocrx_word' id='word_1_765' title='bbox 1434 2887 1542 2912; x_wconf 89' lang='lat' dir='ltr'>tantum</span> <span class='ocrx_word' id='word_1_766' title='bbox 1559 2885 1741 2912; x_wconf 87' lang='lat' dir='ltr'>Universitati</span> <span class='ocrx_word' id='word_1_767' title='bbox 1757 2884 1888 2920; x_wconf 84' lang='lat' dir='ltr'>antiquae</span> <span class='ocrx_word' id='word_1_768' title='bbox 1901 2884 1989 2911; x_wconf 89' lang='lat' dir='ltr'>Paris.</span> <span class='ocrx_word' id='word_1_769' title='bbox 2001 2884 2049 2919; x_wconf 88' lang='lat' dir='ltr'>jus</span> <span class='ocrx_word' id='word_1_770' title='bbox 2067 2883 2135 2910; x_wconf 85' lang='lat' dir='ltr'>illud</span> <span class='ocrx_word' id='word_1_771' title='bbox 2151 2891 2256 2918; x_wconf 78' lang='lat' dir='ltr'>negare</span> 
     </span>
    </p>
   </div>
   <div class='ocr_carea' id='block_1_5' title="bbox 2451 1368 2502 3418">
    <p class='ocr_par' dir='ltr' id='par_1_9' title="bbox 2451 1368 2502 3418">
     <span class='ocr_line' id='line_1_52' title="bbox 2451 1368 2502 3418; baseline 0 0"><span class='ocrx_word' id='word_1_772' title='bbox 2451 1368 2502 3418; x_wconf 95' lang='lat' dir='ltr'> </span> 
     </span>
    </p>
   </div>
  </div>
 </body>
</html>
