2502 3418
261 317 356 353 1404]
608 330 653 351 ΑΒ
688 331 792 352 ANNO
827 331 1114 353 mcchxxxxiv
1150 332 1278 359 USQUE
1309 332 1356 353 ΑΙ)
1391 333 1527 354 ANNUM
1562 334 1766 356 mccccmi.
2057 328 2115 359 131

351 403 494 427 Comment.
509 405 557 426 sar.
575 404 652 430 med„
670 405 688 431 I.
705 413 731 435 p.
748 406 787 427 93.
801 419 831 422 —
843 405 907 428 Nov.
923 407 946 434 8,
963 406 1045 428 Droco
1059 406 1154 428 Decani
1168 406 1266 429 electus
1282 410 1322 429 est
1337 407 1450 429 decanus
1468 408 1516 430 fae.
1533 408 1605 430 Anno
1622 408 1690 432 1407».
1707 409 1771 431 Nov,
1789 410 1810 433 7,
1824 409 1906 431 nrm-0
1924 410 2017 433 Derani
2033 411 2117 434 conti-

258 451 353 470 nuatns
373 451 413 471 est
431 448 554 471 decanus,
568 448 688 479 Magistri
704 452 823 478 regentes
846 450 878 472 ad
895 458 1033 473 numerum
1052 451 1079 473 27
1096 453 1197 473 tuntum
1217 451 1370 478 ascendunt,
1388 460 1446 473 cum
1462 451 1540 473 iidem
1564 453 1615 474 sere
1636 452 1679 482 qui
1701 461 1780 482 snpra
1805 453 1979 481 invoniantur,
2003 455 2117 485 demptis

257 492 343 515 Alber.
361 492 465 521 Divitis,
481 492 580 515 Thomu
601 493 634 516 Le
653 493 755 523 Mauge,
777 493 846 516 Guil.
863 494 998 525 Pelliparii
1022 494 1123 525 (script.
1146 494 1230 525 prius,
1246 498 1338 526 postea
1358 495 1426 518 linea
1441 496 1545 525 deletu),
1558 496 1618 520 Joh.
1638 497 1711 524 noso,
1727 497 1786 520 ⁴lob.
1805 498 1883 528 Dorp.
1899 499 1969 528 Sym.
1988 499 2115 528 Fumibre,

257 536 347 567 steph.
360 536 391 560 de
403 536 590 568 Poulignyaco‚
606 537 684 561 Guid.
699 538 731 560 de
745 538 830 561 Monte
844 538 954 569 Fiqueti,
967 538 1064 562 additis
1078 541 1165 562 autem
1180 539 1261 562 Guill.
1280 539 1311 562 de
1327 540 1436 563 Senonis
1452 543 1477 563 et
1492 540 1572 564 Guill.
1588 541 1696 572 Nepotis
1713 541 1797 570 (ibid.,
1811 550 1837 572 p.
1853 542 1917 571 101).

261 703 350 740 181
362 704 382 740 1
393 732 402 740 .
430 714 603 740 Universitas
618 715 711 740 Paris.
729 715 881 740 Benedicta
898 717 971 741 XIII
984 715 1138 751 supplicat,
1156 720 1186 741 ut
1203 716 1347 742 Iohannes
1363 718 1484 751 Nanton,
1506 717 1611 743 decret.
1629 717 1734 749 doctor,
1753 718 1793 742 ad
1811 718 1907 744 sedem
1933 718 2114 744 Bisuntinam

343 766 550 798 promoveatur.

1440 816 1513 845 1404,
1529 817 1644 842 Decemb.
1659 817 1702 846 24,
1721 817 1834 843 Parisiis.

347 901 581 933 Sanctissimo
619 902 766 934 domino
801 909 926 935 nostro
962 903 1109 935 domino
1145 904 1343 936 Benedicto
1376 911 1606 937 sacrosancte
1637 917 1676 937 ac
1712 905 1930 938 universalis
1965 905 2119 937 ecclesie

257 978 397 1000 summo
419 967 593 1012 pontifici.
616 969 830 1002 Beatissime
852 976 964 1014 pater,
987 969 1178 1015 probitatis
1201 971 1339 1012 merita,
1362 983 1502 1004 morum
1523 971 1708 1012 honestas,
1732 972 1963 1004 scientiarum
1987 973 2120 1017 pericia

256 1039 292 1066 et
322 1033 514 1067 laudabilis
546 1036 795 1076 conversacio,
827 1035 960 1081 quibus
989 1037 1044 1069 vir
1074 1037 1209 1070 nobilis
1243 1044 1278 1070 et
1309 1038 1484 1082 providus
1518 1039 1690 1083 magister
1715 1038 1899 1072 Johannes
1930 1039 1974 1071 de
2004 1040 2119 1072 Nanto

255 1100 531 1134 archidiaconus
553 1103 675 1147 Magni
696 1102 811 1136 Caleti
832 1103 868 1135 in
890 1103 1044 1136 ecclesia
1066 1104 1363 1150 Rothomagensi,
1386 1106 1583 1138 canonicus
1605 1106 1910 1147 Bisuntinensis¹,
1934 1106 1970 1138 in
1997 1113 2120 1139 nostre

257 1167 513 1213 Universitatis
535 1168 764 1202 decretorum
786 1170 952 1203 facultate
975 1170 1101 1204 doctor
1122 1178 1201 1204 actu
1223 1183 1370 1217 regens,
1395 1183 1434 1205 se
1460 1172 1567 1205 nobis
1595 1173 1775 1206 universis
1800 1180 1834 1206 et
1860 1173 2016 1218 singulis
2038 1185 2119 1218 gra-

257 1234 387 1266 tiosum
411 1235 581 1277 reddidit,
606 1236 830 1269 amicabilem
860 1243 894 1269 et
920 1237 1191 1282 acceptabilem,
1222 1250 1289 1271 nos
1316 1239 1506 1280 inducunt,
1530 1239 1726 1272 admonent
1753 1246 1788 1272 et
1814 1239 2015 1281 hortantur,
2037 1253 2118 1285 ymo

254 1301 377 1334 verius
408 1314 539 1347 magno
565 1303 750 1336 desiderio
777 1316 843 1337 nos
869 1304 1092 1349 compellunt
1118 1312 1156 1338 ut
1184 1306 1301 1350 ipsius
1328 1305 1503 1339 honorem
1531 1313 1566 1339 et
1595 1307 1823 1339 commodum
1854 1314 2119 1352 prosequentes

255 1369 461 1412 promoveri
482 1369 638 1402 eundem
662 1382 726 1415 pro
743 1370 883 1404 viribus
906 1371 1128 1404 studeamus.
1153 1373 1381 1417 Quapropter
1405 1374 1439 1406 S.
1460 1374 1502 1406 V.
1528 1373 1728 1406 humillime
1751 1374 2010 1419 supplicamus,
2034 1387 2120 1419 qua-

255 1434 352 1467 tinus
373 1436 575 1480 predietum
597 1436 890 1470 archidiaconum
911 1439 1085 1472 virtutum
1106 1439 1213 1472 donis
1240 1440 1489 1485 multipliciter
1509 1441 1724 1486 insignitum
1747 1441 1783 1473 in
1804 1442 1957 1486 agendis
1979 1448 2013 1474 ct
2039 1454 2121 1486 pre-

253 1502 378 1534 sertim
406 1503 569 1547 ejusdem
597 1504 641 1537 ad
672 1504 862 1538 ecclesiam
892 1506 1203 1548 Bisuntinensem,
1236 1519 1331 1540 nunc
1366 1514 1510 1551 pastore
1541 1508 1781 1544 destitutam&
1813 1509 2119 1542 concernentibus

254 1569 553 1613 promotionem³,
579 1582 690 1615 super
706 1584 775 1616 qua
796 1584 861 1617 pro
887 1584 930 1605 eo
953 1573 1095 1614 effidem]
1125 1574 1158 1606 S.
1177 1574 1220 1607 V.
1244 1574 1300 1606 sui
1327 1574 1481 1607 ecclesie
1507 1575 1668 1619 predicte
1694 1576 1943 1617 concanonici,
1967 1582 2005 1608 ut
2033 1576 2119 1608 fide-

252 1635 446 1680 dignorum
468 1637 581 1670 relatu
603 1639 822 1683 accepimus,
845 1651 974 1684 preces
1002 1640 1158 1673 humiles
1186 1648 1438 1686 porrexerunt,
1462 1642 1498 1674 in
1525 1642 1607 1675 sinu
1635 1642 1750 1687 gratie
1771 1649 1891 1675 vestre
1917 1643 2119 1688 dignemini

253 1709 462 1736 nostrorum
488 1716 636 1749 precum
658 1705 789 1739 intuitu
812 1708 1144 1741 recommendatum
1166 1707 1313 1750 habere,
1333 1709 1385 1742 sic
1406 1709 1518 1753 quod,
1536 1710 1641 1754 eujus
1665 1710 1811 1754 dignam
1834 1711 1923 1751 Deo,
1942 1717 1980 1742 ut
2002 1710 2119 1743 credi—

253 1781 346 1812 mus,
375 1778 570 1816 acceptam,
598 1772 715 1805 eidem
742 1773 898 1807 ecclesie
924 1775 1120 1819 proficuam
1149 1781 1184 1808 et
1206 1776 1330 1820 patrie,
1359 1788 1401 1808 ex
1427 1788 1495 1821 qua
1522 1776 1565 1809 de
1592 1776 1707 1809 nobili
1729 1784 1916 1822 parentum
1944 1778 2056 1823 stirpe
2084 1784 2119 1810 et

253 1838 392 1881 potenti
420 1838 599 1883 originem
623 1840 739 1881 traxit,
766 1841 1050 1886 complacentem
1078 1843 1382 1887 quamplurimum
1410 1843 1619 1876 affectamus
1649 1844 1915 1888 promotionem
1944 1845 2119 1878 interces-

254 1904 369 1937 sionis
391 1912 515 1938 nostre
532 1906 697 1939 affectum
719 1908 851 1941 sentiat
867 1920 947 1941 cum
965 1909 1108 1942 ess'ectu.
1127 1910 1342 1943 Beatissime
1360 1917 1472 1955 pater,
1491 1922 1683 1955 personam
1701 1918 1855 1944 vestram
1874 1911 2117 1945 beatissimam

253 1979 446 2005 conservet
465 1972 678 2006 Altissimus
705 1986 785 2007 cum
814 1979 1032 2021 a[u]gmento
1065 1977 1180 2021 gratie
1211 1983 1245 2010 et
1273 1977 1400 2010 salutis
1428 1977 1471 2010 ad
1502 1978 1647 2010 salubre
1678 1979 1841 2024 regimen
1870 1980 2025 2012 ecclesie
2053 1992 2117 2012 sue

252 2045 387 2071 sancte.
411 2040 538 2072 Datum
560 2040 596 2072 in
622 2048 744 2074 nostra
772 2042 935 2086 generali
965 2044 1250 2088 congregatione
1284 2044 1320 2076 in
1351 2045 1480 2077 Sancto
1509 2045 1695 2078 Bernardo
1725 2046 1904 2079 celebrata
1932 2047 1989 2079 die
2018 2047 2114 2091 xxiiij

251 2106 389 2138 mensis
409 2106 633 2140 Decembris.

744 2176 864 2209 Vestri
882 2177 1030 2210 humiles
1045 2183 1210 2212 oratores
1227 2184 1346 2212 rector
1361 2185 1393 2212 et
1415 2180 1642 2213 Universitas
1660 2180 1777 2214 studii
1791 2182 2023 2215 Parisz'ensis.

343 2271 459 2296 Minuta
474 2272 500 2295 in
520 2273 597 2296 Arch.
616 2277 669 2297 nat.
691 2274 785 2303 Paris.‚
801 2275 825 2297 M
836 2276 887 2303 65¹²,
907 2279 935 2297 n⁰
949 2275 988 2303 61,
1005 2275 1061 2299 sine
1075 2276 1202 2307 temporis
1219 2280 1289 2306 nota,
1306 2285 1384 2308 quam
1406 2281 1493 2301 tamen
1513 2286 1543 2301 ex
1558 2278 1671 2309 epistola
1687 2278 1744 2309 ipsa
1760 2279 1884 2302 eruimus.
1904 2280 1960 2303 Vid.
1977 2283 2029 2303 not.
2047 2281 2069 2303 2.
2085 2295 2115 2298 —

248 2315 325 2344 Ibid.‚
343 2320 371 2338 n⁰
385 2318 423 2345 63,
443 2317 496 2339 alia
512 2317 625 2348 epistola
640 2318 828 2342 Universitatis
848 2320 881 2342 ad
896 2328 994 2350 papam
1010 2320 1151 2350 invenitur,
1169 2321 1194 2344 in
1215 2330 1276 2352 qua,
1295 2322 1414 2345 Johannc
1430 2323 1461 2345 de
1476 2323 1587 2352 Nanton,
1605 2333 1617 2344 «
1634 2323 1796 2346 decretorum
1813 2324 1919 2347 doctore
1933 2325 2112 2354 celeberrimo,

249 2360 293 2391 qui
308 2369 338 2383 ex
354 2361 443 2384 inclita
456 2362 596 2385 Viennensi
617 2366 642 2385 et
660 2363 825 2386 Gehennensi
841 2364 917 2387 domo
937 2365 1066 2395 originem
1082 2366 1156 2389 duxit
1171 2369 1195 2388 et
1210 2366 1346 2390 libertates
1369 2367 1561 2390 ecclesiasticas
1584 2368 1701 2391 defendit
1712 2376 1734 2393 ›).
1746 2368 1801 2399 jam
1823 2369 2023 2400 archiepiscopo
2040 2370 2112 2392 Vien-

248 2405 330 2435 nensi,
344 2405 508 2429 Universitas
524 2407 666 2438 supplicat,
678 2411 706 2430 ut
719 2408 740 2431 is
755 2409 787 2431 ad
803 2408 919 2440 aliquam
932 2410 1020 2432 sedem
1032 2410 1262 2441 metropolitanum
1278 2415 1323 2434 aut
1336 2412 1415 2434 aliam
1430 2412 1518 2435 sedem
1533 2412 1558 2434 in
1574 2419 1651 2443 regno
1667 2412 1790 2435 Franciae
1807 2414 1990 2437 transferatur.
2004 2415 2111 2444 Revera,

246 2457 290 2473 an.
307 2450 376 2480 1423,
400 2451 461 2474 Jun.
479 2452 517 2479 26,
537 2452 571 2474 ad
588 2452 676 2475 sedem
691 2453 775 2476 Paris.
791 2454 937 2477 translatus
958 2457 998 2477 est
1016 2454 1103 2486 (Arch.
1124 2456 1191 2484 Vnt„
1208 2456 1262 2484 XII,
1280 2456 1333 2486 121,
1352 2465 1379 2487 p.
1396 2457 1457 2486 164).
1474 2457 1533 2479 Jam
1555 2465 1597 2480 an.
1613 2457 1673 2479 1410
1694 2460 1721 2480 ut
1741 2457 1955 2489 archiepiscopus
1974 2458 2112 2483 Vicnnens.

245 2494 387 2525 epistolam
404 2497 683 2520 recommendutoriam
699 2498 730 2520 ad
746 2498 892 2522 Johannem
906 2499 986 2522 XXIII
999 2499 1032 2522 ab
1049 2500 1226 2524 Universitate
1237 2501 1351 2524 obtinuit
1367 2502 1504 2531 (Ammaia,
1521 2502 1552 2529 11,
1566 2510 1593 2532 p.
1608 2503 1645 2528 88,
1663 2502 1712 2531 21).

341 2579 366 2604 1.
384 2581 454 2604 Inter
470 2581 563 2605 lineas.
577 2596 606 2599 —-
624 2582 648 2606 2.
665 2582 804 2606 Bisuntina
817 2584 937 2613 ecclesia,
953 2584 1072 2607 Johnnne
1090 2585 1121 2607 de
1141 2585 1243 2608 Nunton
1263 2586 1379 2608 nondum
1394 2586 1528 2616 episcopo,
1544 2594 1587 2609 an.
1606 2586 1674 2615 1404,
1690 2586 1816 2609 Novemb.
1833 2588 1871 2612 22.
1888 2587 2008 2616 vacabat,
2030 2596 2112 2619 nsque

248 2624 281 2647 ud
296 2633 338 2648 an.
361 2626 430 2654 1405,
451 2626 528 2650 Febr.
551 2627 590 2650 20.
610 2627 774 2659 Proindeque
794 2628 906 2659 epistola
925 2637 994 2652 anno
1011 2630 1070 2652 1404
1090 2630 1176 2652 adhuc
1196 2630 1295 2661 scripta
1311 2634 1359 2654 est.
1377 2644 1408 2648 —
1422 2630 1445 2654 3.
1460 2631 1492 2653 At
1513 2639 1563 2653 non
1584 2631 1616 2653 ad
1639 2630 1804 2654 Bisuntinam
1825 2632 1870 2654 sed
1892 2632 1924 2654 nd
1941 2632 2111 2656 Viennensem

247 2669 306 2693 Joh.
323 2670 355 2693 de
370 2670 481 2696 Nanton.
499 2680 540 2694 an.
561 2672 631 2702 1405,
648 2672 724 2695 Febr.
742 2673 780 2697 20.
801 2677 938 2704 promotus
955 2675 1027 2705 (Reg.
1044 2675 1124 2698 Aven.
1140 2675 1236 2698 Bened.
1254 2676 1321 2704 XIII,
1343 2676 1394 2699 vol.
1411 2676 1459 2703 Lx,
1478 2676 1522 2698 sol.
1540 2676 1603 2704 131),
1619 2678 1644 2698 et
1659 2675 1827 2698 Theobnldus
1843 2677 1874 2699 de
1892 2677 1953 2700 sede
1972 2678 2111 2701 Viennensi

247 2715 280 2737 ad
296 2714 427 2738 Bisuntin.
441 2717 586 2739 translatus
602 2720 642 2740 est
658 2717 743 2746 (ibid.,
761 2718 805 2741 sol.
821 2718 885 2748 109).
