2502 3418
395 326 459 359 434
973 335 1289 358 CHARTULARIUM
1324 335 1516 357 uutvcns.
1552 335 1682 357 rmus.
2162 322 2262 360 [1424

397 410 566 443 doctores
588 422 731 444 necnon
752 411 788 443 in
809 411 988 443 medicina
1010 417 1045 443 et
1068 409 1206 443 artibus
1233 409 1338 442 etiam
1365 410 1527 454 magistri
1557 410 1593 443 in
1620 410 1738 443 rotulo
1760 410 2016 444 Universitatis
2036 410 2259 455 hujusmodi,

397 478 457 522 qui
488 489 599 523 super
620 478 853 523 expectativis
881 478 1008 523 gratiis
1039 489 1102 522 per
1129 488 1195 510 nos
1222 476 1290 509 sub
1312 477 1392 510 data
1417 477 1468 521 iiij
1498 476 1566 510 kal.
1593 477 1730 522 Aprilis
1761 477 1991 522 pontificatus
2021 478 2137 511 nostri
2167 490 2261 511 anno

397 545 551 590 septimo
572 545 738 590 signatus
766 545 833 577 fuit
862 547 981 590 (quam
1010 544 1125 577 datam
1156 544 1306 588 perinde
1328 544 1447 576 valere
1469 543 1652 577 voluimus
1681 556 1720 577 ac
1750 545 1781 577 si
1811 544 1906 577 idem
1928 544 2070 578 rotulus
2091 544 2159 577 sub
2182 545 2260 578 data

395 612 446 656 iiij
470 612 538 645 kal.
562 611 733 645 Februar.
761 612 923 656 ejusdem
947 611 1177 656 pontificatus
1199 623 1293 643 anno
1316 611 1451 656 primo¹
1476 622 1540 656 per
1561 623 1629 644 nos
1651 611 1817 657 signatus
1837 611 2005 655 suisset),
2035 612 2208 657 descripti
2229 619 2264 645 et

396 691 487 724 quos
511 679 736 713 Universitas
757 679 833 724 ipsa
857 685 935 711 actu
960 685 995 711 et
1020 678 1098 711 sine
1122 678 1247 711 fraude
1274 678 1310 710 in
1332 678 1412 711 loco
1437 678 1523 711 dicti
1543 678 1655 711 studii
1681 685 1871 724 presentes
1892 685 2046 724 reputat,
2069 679 2203 724 quique
2224 679 2261 712 in

395 746 475 779 loco
497 747 577 792 ipso
603 747 640 779 in
665 746 783 791 aliqua
809 745 976 778 facultate
1002 745 1167 790 graduati
1196 751 1293 785 sunt,
1321 745 1475 790 quilibet
1493 745 1665 779 videlicet
1688 758 1813 779 eorum
1840 746 1877 778 in
1897 746 2127 779 assecutione
2153 746 2261 779 unius

395 813 563 846 beneficii
583 813 710 858 vigore
731 813 926 858 gratiarum
948 812 1158 857 hujusmodi
1180 824 1323 845 necnon
1345 812 1504 858 desuper
1529 812 1835 846 conficiendarum
1858 812 2071 854 litterarum,
2098 812 2202 846 etiam
2230 812 2261 845 si

395 881 438 913 ad
460 881 584 926 plures
607 880 820 913 collationes
842 880 918 912 sive
940 879 1115 912 ecclesias
1136 879 1273 912 fuerint
1294 886 1526 924 expectantes
1552 905 1618 922 ....,
1643 879 1814 913 omnibus
1835 880 1915 914 aliis
1931 880 2060 923 [etiam
2083 880 2262 914 canonicis

395 949 565 993 receptis]
593 947 731 980 similes
757 947 814 980 vel
842 947 1042 980 dissimiles
1070 946 1138 979 sul)
1165 947 1242 992 pari
1268 946 1325 980 vel
1348 947 1481 992 potiori
1510 947 1589 981 data
1616 959 1851 993 quascunque
1873 947 1976 980 etiam
2000 959 2079 980 cum
2101 947 2260 992 ipsarum

394 1014 670 1048 extensionibus
702 1014 836 1060 gratias
866 1014 1107 1059 expectativas
1144 1013 1364 1047 habentibus
1398 1041 1463 1056 ....,
1495 1015 1643 1048 omnino
1674 1015 1920 1060 preferantur3
1953 1014 2113 1060 exceptis
2142 1021 2261 1047 tamen

393 1083 536 1115 dilectis
552 1082 636 1115 filiis
653 1081 797 1114 duobus
814 1081 908 1114 dicte
925 1081 1025 1114 sedis
1041 1081 1204 1122 notariis,
1223 1088 1378 1126 quatuor
1394 1082 1666 1123 referendariis,
1681 1082 1798 1115 tribus
1816 1082 2035 1123 secretariis,
2054 1088 2261 1115 correctore

392 1150 589 1183 litterarum
613 1149 905 1194 apostolicarum,
924 1148 1069 1181 duobus
1091 1148 1341 1190 subdiaconis,
1359 1149 1504 1182 duobus
1525 1149 1772 1191 cubiculariis,
1790 1149 1935 1182 duobus
1956 1161 2096 1182 camere
2117 1155 2262 1194 aposto-

391 1217 459 1250 lice
481 1216 637 1257 clericis,
657 1215 801 1249 duobus
822 1216 985 1249 accolitis
1007 1215 1115 1248 simul
1133 1216 1314 1261 unicoque
1332 1223 1501 1250 contextu
1519 1217 1555 1249 in
1570 1217 1783 1250 cancellaria
1800 1216 1998 1262 apostolica
2015 1216 2260 1258 nominandis,

392 1296 533 1318 necnon
550 1295 690 1317 camere
708 1283 870 1328 predicte
888 1290 923 1316 et
939 1283 1109 1316 omnibus
1127 1283 1247 1328 palatii
1266 1283 1458 1328 apostolici
1474 1296 1663 1317 causarum
1681 1284 1923 1326 auditoribus,
1941 1296 1980 1317 ac
1997 1283 2258 1317 venerabilium

391 1353 537 1384 fratrum
565 1357 772 1384 nostrorum
795 1357 918 1383 sancte
945 1352 1103 1383 Romane
1129 1350 1286 1384 ecclesie
1308 1351 1544 1384 cardinalium
1568 1352 1726 1397 singulis
1747 1352 1809 1396 qui
1835 1352 1888 1385 eis
1914 1351 1950 1384 in
1978 1352 2135 1384 Romana
2161 1351 2260 1384 curia

391 1418 660 1464 presentialiter
690 1418 884 1451 servierint
909 1418 1198 1462 vigintiquatuor
1222 1418 1462 1451 familiaribus
1489 1419 1714 1460 domesticis,
1741 1419 1925 1452 continuis
1952 1418 2260 1451 commensalibus

391 1498 454 1531 per
475 1486 623 1519 eosdem
646 1485 884 1526 cardinales2,
907 1497 945 1517 ac
967 1496 1030 1517 sex
1051 1485 1167 1518 nostri
1189 1485 1376 1518 camerarii
1397 1486 1454 1519 vel
1475 1486 1745 1520 vicecamerarii
1769 1485 2022 1527 familiaribus,
2044 1497 2109 1531 per
2134 1497 2259 1518 eorum

390 1553 560 1598 aliquem,
589 1559 624 1586 et
654 1559 809 1597 quatuor
838 1551 1112 1597 presidentibus
1143 1553 1179 1585 in
1209 1553 1303 1586 dicta
1332 1553 1559 1595 cancellaria,
1588 1553 1790 1587 venerabili
1820 1553 1921 1586 fratri
1951 1559 2077 1586 nostro
2106 1552 2261 1586 Johanni

390 1620 562 1665 episcopo
585 1619 748 1653 Ostiensi
770 1619 933 1663 ejusdem
957 1619 1112 1652 ecclesie
1128 1619 1426 1653 vicecancellario
1449 1632 1513 1654 seu
1535 1621 1615 1666 ejus
1636 1620 1897 1654 locumtenenti
1919 1632 1983 1665 pro
2005 1626 2168 1665 tempore
2190 1619 2261 1652 exi-

390 1687 499 1720 stenti
520 1687 556 1719 in
574 1686 806 1731 expeditione
827 1686 1038 1730 hujusmodi
1060 1686 1259 1720 litterarum
1277 1687 1558 1733 apostolicarum
1575 1687 1847 1729 assistentibus,
1866 1694 2020 1733 quatuor
2035 1687 2115 1720 aliis
2132 1686 2261 1720 abbre-

389 1754 590 1788 viatoribus
620 1761 655 1787 et
684 1753 890 1798 quindecim
922 1753 1165 1799 scriptoribus
1195 1755 1355 1800 ipsarum
1387 1755 1588 1789 litterarum
1619 1755 1899 1801 apostolicarum
1926 1766 1990 1800 per
2010 1754 2144 1788 dictum
2165 1754 2260 1788 vice-

390 1821 642 1855 cancellarium
671 1821 775 1854 etiam
807 1821 1051 1862 nominandis,
1078 1828 1117 1854 ut
1146 1822 1339 1867 prefertur,
1368 1830 1403 1856 et
1431 1823 1468 1856 in
1490 1823 1584 1856 libro
1606 1823 1724 1868 ipsius
1745 1822 1960 1856 cancellarie
1982 1820 2257 1862 describendis3

390 1901 532 1922 necnon
562 1887 799 1922 familiaribus
830 1889 966 1921 nostris
997 1888 1210 1921 domesticis
1238 1896 1273 1922 et
1301 1890 1486 1923 continuis
1508 1889 1828 1931 commensalibus,
1851 1889 2087 1923 cardinalium
2113 1899 2259 1934 quoque

391 1956 588 1990 eorundem
611 1955 820 2000 nepotibus,
843 1968 881 1988 ac
978 1955 1209 2001 imperatoris
1231 1963 1266 1990 et
1287 1969 1413 2003 regum
1436 1970 1579 1991 necnon
1677 1958 1809 1991 ducum
1830 1963 1866 1991 et
1885 1957 2048 2002 ipsorum
2069 1955 2260 1989 conthora-

390 2024 477 2056 lium
494 2022 679 2063 fratribus,
698 2022 795 2063 filiis,
814 2022 1023 2067 nepotibus,
1042 2023 1355 2069 familiaribusque
1372 2025 1584 2058 domesticis
1601 2032 1681 2058 actu
1698 2031 1731 2058 et
1748 2025 1920 2058 continue
1937 2023 2082 2056 illorum
2099 2022 2260 2056 servitiis

389 2089 657 2130 insistentibus,
680 2102 718 2122 ac
740 2101 865 2121 eorum
888 2090 923 2122 in
946 2089 1039 2123 dicta
1065 2091 1166 2123 curia
1192 2092 1364 2124 continue
1393 2092 1642 2126 residentibus
1672 2090 1984 2138 procuratoribus,
2012 2102 2156 2123 necnon
2185 2089 2260 2123 sin-

390 2158 487 2202 gulis
508 2156 733 2202 generalium
756 2156 959 2189 studiorum
984 2157 1282 2200 Universitatum,
1312 2159 1373 2204 qui
1394 2171 1476 2192 cum
1504 2159 1649 2193 illorum
1672 2158 1935 2205 principalibus
1957 2157 2086 2191 rotulis
2114 2168 2153 2190 se
2179 2168 2260 2202 per-

391 2225 564 2257 sonaliter
585 2230 710 2256 nostro
732 2224 945 2268 conspectui
968 2231 1225 2269 presentarunt
1247 2238 1311 2259 seu
1333 2227 1570 2272 imposterum
1594 2226 1855 2272 presentabunt
1878 2225 2028 2267 nuntiis,
2051 2224 2112 2270 qui
2133 2235 2260 2257 omnes

391 2292 560 2337 superius
582 2291 722 2335 excepti
744 2291 814 2323 sint
837 2317 903 2332 ....,
928 2291 1062 2335 quibus
1084 2293 1203 2336 quoad
1225 2293 1425 2338 plenarium
1448 2294 1675 2327 sortiendum
1698 2294 1862 2327 effectum
1886 2293 1996 2326 unius
2016 2291 2131 2337 gratie
2153 2303 2260 2336 expe-

391 2359 519 2392 ctative
539 2357 596 2392 vel
625 2359 703 2402 ejus
732 2358 957 2391 extensionis
987 2359 1079 2403 ipsis
1106 2372 1281 2393 concesse
1311 2361 1368 2394 vel
1397 2361 1633 2407 imposterum
1655 2361 1904 2402 concedende,
1929 2371 2033 2405 quam
2056 2359 2093 2391 in
2114 2370 2259 2391 suarum

393 2426 577 2458 nationum
599 2424 690 2458 locis
711 2436 776 2469 pro
798 2431 961 2470 tempore
990 2425 1272 2460 obtinuerint....
1297 2428 1434 2461 nullum
1464 2429 1687 2462 intendimus
1718 2427 1994 2474 quomodolibet
2018 2425 2258 2471 prejudicium

393 2492 559 2537 generari
678 2491 775 2524 Nulli
806 2503 908 2536 ergo,
935 2498 999 2526 etc.
1034 2494 1162 2526 Datum
1194 2495 1306 2528 Rome
1337 2496 1431 2540 apud
1463 2497 1630 2529 Sanctum
1653 2497 1795 2529 Petrum
1820 2494 1888 2528 kal.
1913 2493 2086 2539 Aprilis³,
2117 2491 2261 2538 pontifi-

392 2567 491 2592 catus
512 2559 628 2592 nostri
649 2571 743 2591 anno
766 2559 933 2603 septimo.

483 2648 618 2679 Originale
637 2648 663 2671 in
679 2648 756 2671 Arch.
773 2651 827 2671 nat.
843 2648 938 2678 Paris.,
956 2649 973 2672 L
994 2650 1048 2678 3t9,
1072 2655 1101 2673 n⁰
1117 2651 1146 2673 '10
1161 2651 1234 2680 (olim
1250 2652 1279 2675 Α.
1296 2653 1318 2675 3.
1339 2653 1372 2683 a).
1398 2652 1521 2684 Sigillum
1537 2661 1596 2675 cum
1612 2656 1687 2684 parte
1708 2652 1877 2676 membranae
1898 2651 2021 2674 avulsum
2042 2652 2090 2673 est.
2107 2648 2142 2673 In
2158 2649 2237 2679 plica
2251 2655 2261 2671 .·

392 2694 420 2716 B.
435 2701 468 2717 DE
484 2694 735 2716 thrzvomcmxo.
752 2702 764 2713 «
779 2692 868 2716 Gratis
888 2693 919 2716 de
939 2694 1063 2717 mandato
1080 2695 1106 2718 d.
1123 2703 1148 2718 n.
1165 2704 1234 2727 pape
1250 2705 1272 2720 n.
1293 2696 1323 2720 G.
1343 2704 1378 2720 ng
1394 2697 1504 2720 CALLio.
1520 2711 1551 2715 —
1566 2698 1604 2720 Ad
1619 2697 1683 2721 haec
1699 2697 1753 2720 vid.
1769 2696 1828 2720 Joh.
1843 2696 1934 2724 XXIII,
1950 2699 1979 2717 n⁰
2001 2695 2069 2723 1925,
2090 2696 2115 2717 et.
2134 2694 2211 2717 Mart.
2230 2693 2260 2724 V,

392 2738 423 2760 11³⁸
439 2738 498 2760 2138
515 2746 554 2768 sq.
568 2736 732 2760 Universitas
749 2737 832 2760 Paris.
848 2741 941 2768 postea
961 2746 1048 2769 saepe,
1065 2739 1241 2770 supplicando
1257 2749 1305 2772 pro
1322 2741 1435 2764 diversis
1452 2741 1609 2773 suppositi8‚
1623 2742 1656 2765 ad
1673 2742 1721 2764 has
1739 2740 1940 2772 praerogativas
1956 2738 2078 2768 recurrit,
2091 2741 2120 2761 ut
2137 2746 2150 2761 e
2165 2737 2259 2768 Suppl.

393 2782 496 2805 Martini
513 2783 531 2804 V
547 2785 571 2804 ct
587 2781 696 2812 Eugenii
712 2782 744 2804 lV
757 2781 850 2812 liquet.

485 2861 508 2885 1.
525 2862 544 2884 1.
560 2869 582 2884 c.
599 2861 647 2883 sub
663 2861 724 2884 data
739 2861 818 2884 rotuli
833 2862 912 2893 primi
927 2863 1093 2894 principalis.
1110 2878 1138 2882 —-
1155 2865 1179 2890 2.
1197 2866 1318 2897 Intellige
1331 2876 1344 2888 «
1360 2866 1526 2891 nominandis
1542 2877 1565 2895 ιι,
1582 2867 1691 2890 verbum
1707 2866 1776 2890 infra
1792 2865 1916 2897 positum.
1932 2877 1962 2882 —
1981 2863 2006 2888 3.
2024 2864 2071 2894 Ap.
2086 2862 2260 2891 Grumum,

394 2906 520 2936 Requlae
534 2905 719 2929 cancellariae
735 2906 909 2936 apostolicae,
924 2915 950 2938 p.
966 2908 1020 2935 225,
1035 2913 1063 2930 η’)
1078 2909 1143 2937 149⁵,
1160 2910 1269 2933 affertur
1286 2921 1298 2932 «
1314 2911 1340 2934 iv
1354 2912 1406 2934 kal.
1423 2912 1507 2943 April.
1521 2921 1544 2935 1>-

519 2952 557 2973 55.
