2502 3418
416 307 458 338 66
987 315 1303 336 611Α11’1υῐ,Α1111111
1339 314 1528 336 exiveris.
1567 314 1695 336 rmus.
2177 304 2276 340 [1403

503 391 625 416 Geraldo
641 390 807 417 Barrerie⁴⁴.
825 390 951 416 subdiac.
970 390 996 415 S.
1014 390 1088 415 Flori
1101 390 1187 419 dioc..
1205 390 1265 415 bae.
1281 389 1311 415 in
1324 389 1399 415 decr.
1418 389 1447 414 in
1461 390 1567 421 quarto
1579 396 1657 414 anno
1671 396 1721 414 sue
1734 389 1843 415 lecture
1855 389 1998 416 existenti.

502 439 632 465 Michaeli
647 439 749 469 Gruet,
766 439 957 465 Attrebatens.
975 439 1060 468 dioc..
1078 439 1138 464 bac.
1156 439 1187 464 in
1201 439 1278 464 decr.
1295 438 1325 463 in
1341 439 1446 471 quarto
1460 445 1539 463 anno
1553 445 1603 463 sue
1617 438 1725 463 lecture
1740 438 1881 464 existenti.

503 488 622 521 Symoni
637 488 800 517 Peruehon,
818 488 910 521 presb.
927 487 1012 513 Paris.
1029 487 1116 516 dioc..
1133 487 1194 512 hac.
1212 487 1242 512 in
1258 487 1333 513 decr.
1348 488 1376 512 et
1390 486 1421 512 in
1437 488 1542 519 quarto
1557 494 1636 511 anno
1652 486 1760 512 lecture
1772 494 1823 512 sue
1837 487 1979 513 existenti.

501 537 675 570 Raymundo
690 537 764 566 Albi,
779 537 871 569 presb.
890 537 951 561 bac.
969 536 998 561 in
1012 536 1088 562 decr.
1105 536 1156 569 qui
1172 535 1202 561 in
1217 536 1293 561 decr.
1311 543 1362 569 per
1377 536 1505 568 quatuor
1520 542 1612 560 annos
1630 535 1710 567 legit.

501 586 663 612 Guillernio
682 585 759 611 dicto
776 586 811 612 de
831 586 984 614 Fourches‚
1010 585 1075 610 cler.
1098 584 1297 610 Aurelianens.
1319 584 1404 613 dioc.‚
1428 584 1464 610 de
1481 583 1571 609 nobili
1591 591 1697 617 genere
1718 586 1878 616 procreato,
1900 585 1930 610 in
1949 586 2003 611 art.
2020 587 2049 612 et
2068 586 2144 612 decr.
2162 586 2222 613 bac.
2243 587 2274 613 in

410 635 495 661 tertio
509 643 588 660 anno
604 635 713 661 lecture
725 642 775 660 sue
789 634 930 660 existenti.

499 684 633 717 Philippo
648 684 799 716 Courtoys‚
816 683 909 716 presb.
927 683 1118 710 Macloviens..
1134 682 1164 707 in
1181 683 1239 707 utr.
1251 682 1318 715 jure
1333 681 1394 707 bac.
1411 682 1442 707 in
1457 681 1543 708 tertio
1557 689 1636 707 anno
1648 682 1758 708 lecture
1773 690 1823 709 sue
1836 683 1978 709 existenti.

499 733 589 758 Fratri
609 733 736 758 Johanni
756 732 906 765 Burgensi.
923 732 1028 765 presb..
1049 731 1137 765 priori
1158 731 1302 764 prioratus
1321 731 1357 756 de
1375 731 1464 756 Curte
1483 731 1674 764 dependentis
1692 739 1708 756 a
1730 731 1906 758 monasterio
1925 732 2060 765 Ageduni
2076 733 2269 761 Lemovicens.

408 782 481 807 dioc.
499 782 532 807 O.
551 782 577 807 S.
596 782 638 811 B.,
655 781 685 807 in
701 782 776 807 decr.
794 781 855 806 bac.
872 789 904 806 ac
919 781 949 806 in
963 780 1049 806 tertio
1062 788 1140 805 anno
1155 781 1182 805 et
1195 781 1301 812 quarto
1315 779 1465 805 volumine
1478 780 1587 805 lecture
1600 787 1650 805 sue
1663 780 1806 806 existenti.

497 831 579 857 Petro
596 830 631 857 de
646 830 785 859 Bauvino‚
802 830 895 863 presb.
913 829 1105 855 Attrebatens.
1121 829 1206 858 dioc.‚
1223 828 1283 854 bac.
1301 829 1331 854 in
1349 829 1425 854 decr.
1442 828 1472 854 in
1488 828 1574 854 tertio
1588 836 1667 854 auno
1685 831 1713 855 et
1728 829 1813 856 tertio
1833 830 1985 857 volumine
2001 838 2052 857 sue
2070 831 2180 859 lecture
2194 833 2269 859 exis-

407 879 490 905 tenti.

496 928 586 954 Fratri
604 927 732 954 Johanni
751 928 786 953 de
808 927 938 955 Boconis.
959 927 1091 959 religioso
1108 926 1275 952 monasterii
1295 926 1470 952 Molismens.
1487 926 1520 952 O.
1539 926 1565 952 S.
1588 927 1631 956 B.,
1649 927 1824 959 Lingonens.
1841 927 1929 957 dioc.‚
1951 928 2042 962 priori
2066 929 2212 962 prioratus
2233 931 2269 957 de

406 977 530 1003 Nortello
543 985 633 1010 prope
648 977 829 1002 Bellomonte
844 976 1004 1001 Belvacens.
1021 975 1107 1003 dioc..
1123 976 1183 1000 bac.
1200 975 1231 1000 in
1243 975 1320 1001 decr.
1337 975 1367 1000 in
1382 975 1467 1001 tertio
1477 982 1556 1000 anno
1571 977 1597 1001 et
1613 976 1698 1002 tertio
1714 976 1864 1002 volumine
1880 985 1930 1003 sue
1945 977 2055 1004 lecture
2069 978 2213 1005 existenti.

492 1026 597 1052 Jacobo
612 1025 723 1054 Clerici.
740 1025 806 1051 cler.
821 1024 1012 1050 Attrebatens.
1028 1024 1114 1053 dioc..
1132 1024 1192 1050 bac.
1207 1024 1238 1049 in
1253 1024 1329 1050 decr.
1344 1024 1376 1049 in
1392 1024 1477 1050 tertio
1491 1032 1570 1050 anno
1584 1026 1612 1050 et
1627 1025 1713 1050 tertio
1728 1025 1878 1051 volumine
1893 1026 2002 1052 lecture
2015 1034 2065 1053 sue
2079 1027 2221 1054 existenti.

491 1074 617 1100 Johanni
632 1074 667 1100 de
683 1074 830 1107 Foysseyo,
847 1073 918 1099 diac.
937 1073 967 1098 in
979 1073 1047 1106 jure
1061 1081 1124 1099 can.
1142 1073 1215 1102 bae,
1232 1073 1263 1098 in
1278 1073 1364 1099 tertio
1376 1080 1455 1098 anno
1469 1074 1498 1098 et
1511 1073 1597 1099 tertio
1612 1074 1763 1100 volumine
1776 1074 1885 1101 lecture
1898 1083 1949 1101 sue
1961 1075 2104 1102 existenti.

490 1124 604 1149 Matheo
619 1124 747 1156 Couppe,
769 1123 861 1155 presb.
878 1122 1038 1148 Redonens.
1056 1122 1142 1151 dioc..
1160 1122 1220 1147 bac.
1235 1122 1266 1147 in
1282 1122 1358 1147 decr.
1380 1122 1411 1147 in
1426 1122 1512 1148 tertio
1527 1130 1606 1148 anno
1621 1124 1649 1149 et
1664 1123 1750 1148 tertio
1764 1123 1915 1150 volumine
1929 1124 2039 1151 lecture
2054 1132 2104 1152 sue
2120 1126 2263 1153 existenti.

489 1173 616 1198 Johanni
632 1171 766 1200 Busirem.
786 1171 879 1204 presb.
903 1171 1066 1197 Lexoviens.
1090 1171 1176 1200 dioc.‚
1200 1171 1230 1196 in
1245 1171 1322 1196 decr.
1342 1171 1403 1196 bae.
1424 1179 1456 1196 ac
1476 1171 1506 1196 in
1528 1171 1612 1197 tertio
1627 1179 1706 1197 anno
1723 1173 1752 1198 et
1771 1173 1898 1199 secundo
1914 1173 2066 1200 volumine
2086 1174 2195 1201 lecture
2213 1183 2264 1202 sue

401 1222 542 1250 existenti,
559 1221 594 1247 de
609 1229 671 1247 can.
689 1221 755 1246 eccl.
772 1221 935 1246 Lexoviens.
953 1220 996 1245 vel
1010 1220 1155 1253 Bajocens.
1173 1220 1216 1245 vel
1232 1220 1446 1245 Constanciens.
1464 1222 1515 1246 aut
1527 1221 1754 1254 Rothomagens.

488 1270 662 1303 Raymundo
676 1269 702 1296 le
717 1269 854 1302 Hagnone,
871 1269 977 1302 presb,
989 1269 1050 1295 bac.
1070 1269 1101 1294 iu
1116 1269 1192 1295 decr.
1210 1269 1261 1302 qui
1275 1276 1326 1302 per
1338 1269 1502 1294 triennium
1517 1269 1547 1295 in
1563 1269 1639 1295 decr.
1654 1270 1733 1303 legit.

486 1319 598 1345 Nicolao
612 1319 639 1345 le
653 1318 765 1351 Galoys,
782 1318 887 1351 presb..
904 1318 964 1344 bac.
978 1317 1009 1343 in
1022 1318 1097 1343 decr.
1116 1317 1167 1351 qui
1181 1325 1231 1350 per
1246 1319 1302 1343 tres
1316 1325 1408 1343 annos
1420 1318 1490 1351 legit
1502 1318 1633 1344 Parisius.

484 1367 611 1393 Johanni
626 1367 767 1400 Tayfardi‚
784 1367 912 1393 Trecens.
930 1367 1015 1395 dioc.‚
1033 1367 1094 1392 bac.
1111 1366 1142 1391 in
1157 1366 1233 1392 decr.
1248 1366 1300 1399 qui
1316 1366 1345 1392 in
1361 1367 1437 1392 dieta
1451 1367 1503 1393 sac.
1518 1375 1569 1400 per
1585 1369 1641 1393 tres
1656 1375 1749 1394 annos
1762 1369 1841 1402 legit.

484 1417 567 1442 Petro
582 1416 720 1445 Ansehni.
738 1416 831 1449 presb.
850 1415 1044 1441 Suessionens.
1060 1415 1145 1444 dioc.‚
1162 1415 1223 1441 bac.
1241 1415 1271 1440 in
1286 1415 1362 1441 decr.
1380 1415 1411 1441 in
1425 1416 1510 1442 tertio
1525 1424 1604 1442 anno
1619 1417 1729 1443 lecture
1743 1426 1794 1444 sue
1807 1418 1949 1444 existenti.

481 1465 608 1491 Johanni
621 1465 776 1494 Guzsserne,
793 1465 886 1498 presb.
903 1465 1067 1490 Trecorens.
1082 1465 1168 1493 dioc..
1185 1464 1246 1490 bac.
1263 1464 1293 1490 in
1309 1465 1385 1491 decr.
1403 1465 1455 1498 qui
1470 1473 1521 1498 per
1536 1460 1593 1492 tres
1607 1474 1701 1492 annos
1714 1467 1783 1501 legit
1796 1467 1826 1493 in
1842 1468 1894 1494 sac.
1907 1468 1985 1494 decr.

481 1514 571 1540 Fratri
592 1514 706 1540 Matheo
726 1513 886 1542 Bertrandi,
908 1520 1037 1545 expresse
1057 1514 1183 1546 professo
1205 1515 1330 1539 monast.
1347 1514 1441 1539 Sancti
1463 1514 1627 1548 Guingaloy
1646 1514 1678 1541 Ο.
1701 1515 1728 1541 S.
1750 1516 1793 1545 B.,
1814 1516 2017 1550 Corisopitens.
2037 1518 2123 1550 dioc.‚
2142 1519 2204 1546 bac.
2224 1519 2256 1546 in

391 1565 467 1590 decr.
484 1563 515 1588 in
531 1563 616 1589 tertio
628 1570 707 1588 anno
722 1562 831 1588 lecture
844 1570 894 1588 sue
908 1562 1050 1588 existenti.

477 1612 605 1638 Johanni
619 1611 655 1637 de
670 1612 764 1641 Prato.
784 1611 850 1637 cler.
868 1611 903 1637 de
918 1611 1068 1637 Attrebato
1086 1611 1116 1636 in
1136 1613 1190 1636 art.
1209 1612 1237 1637 et
1251 1611 1328 1637 decr.
1347 1612 1408 1638 buc.
1430 1611 1461 1637 in
1477 1612 1562 1638 tertio
1582 1621 1661 1639 anno
1676 1615 1705 1640 et
1722 1614 1806 1641 tert10
1826 1615 1976 1642 volumine
1991 1616 2101 1643 lecture
2116 1625 2167 1644 sue
2186 1618 2255 1644 exis-

389 1661 471 1688 tenti.

475 1710 580 1736 Jacobo
594 1710 690 1738 Ymer.
708 1709 834 1735 subdiac.
850 1709 996 1737 Mehlensi,
1011 1709 1072 1734 bac.
1088 1709 1117 1734 in
1130 1709 1197 1742 jure
1211 1717 1274 1735 can.
1292 1710 1343 1742 qui
1359 1718 1409 1743 per
1424 1712 1479 1736 tres
1493 1719 1586 1737 annos
1598 1711 1668 1744 legit
1682 1712 1837 1739 decretales
1850 1713 1983 1740 Parisius.

476 1751 597 1785 Henrico
620 1759 851 1792 Penquelennec,
870 1758 964 1791 presb.
988 1758 1191 1790 Corisopiteus.
1209 1758 1294 1788 dioc.‚
1311 1759 1372 1785 bac.
1396 1759 1427 1785 in
1442 1760 1519 1786 decr.
1534 1760 1565 1786 in
1581 1761 1666 1787 tertio
1681 1769 1760 1788 anno
1780 1763 1808 1788 et
1827 1763 1955 1789 secundo
1974 1764 2124 1791 volumine
2143 1765 2253 1792 lecture

386 1817 436 1835 sue
451 1808 592 1834 existenti.

473 1857 600 1883 Johanni
613 1856 759 1886 Hemardi,
776 1856 842 1882 cler.
859 1856 894 1882 de
909 1856 1041 1886 Parisius‚
1054 1864 1134 1882 1111116
1146 1857 1206 1882 bae.
1218 1857 1250 1882 in
1260 1857 1337 1883 decr.
1350 1857 1381 1883 in
1394 1858 1480 1884 tertio
1495 1866 1574 1884 anno
1587 1859 1697 1886 lecture
1712 1868 1763 1887 sue
1778 1861 1921 1891 existenti,
1935 1861 2057 1888 illustris
2070 1863 2249 1890 Francorum

385 1906 458 1939 regis
471 1906 630 1932 secretario.

472 1955 599 1981 Johanni
615 1954 782 1983 Pouchet‘ss.
801 1955 868 1980 cler.
886 1955 1112 1987 Rothomagens.
1135 1955 1221 1985 dioc.‚
1238 1955 1268 1981 111
1288 1957 1343 1981 art.
1360 1958 1389 1982 et
1407 1956 1438 1982 in
1458 1959 1517 1983 utr.
1532 1958 1599 1991 jure
1619 1958 1681 1985 bac.
1702 1959 1733 1984 in
1753 1960 1880 1986 secundo
1894 1967 1974 1986 anno
1990 1960 2065 1994 juris
2085 1969 2149 1988 can.
2166 1963 2195 1988 et
2216 1962 2247 1989 in

383 2004 468 2031 tertio
481 2012 560 2030 anno
574 2004 683 2030 lecture
698 2012 748 2029 sue
759 2004 834 2037 juris
849 2004 900 2029 civ.
915 2003 1077 2029 Aurelianis
1091 2004 1233 2030 existenti.

471 2053 561 2079 Fratri
579 2053 699 2086 Symoni
711 2053 747 2078 de
764 2052 916 2081 Salione¹⁴.
933 2053 1066 2086 religioso
1081 2055 1206 2079 monast.
1222 2054 1249 2079 S.
1269 2054 1391 2088 Benigni
1406 2055 1442 2082 de
1458 2056 1578 2082 Divione
1594 2056 1627 2082 O.
1646 2057 1672 2083 S.
1688 2058 1731 2087 B.,
1748 2058 1923 2091 Lingonens.
1939 2059 2026 2089 dioc..
2042 2059 2105 2086 bac.
2122 2060 2153 2086 in
2167 2060 2244 2087 decr.

381 2104 447 2129 actu
461 2102 569 2135 legenti
586 2102 708 2127 Parisius
720 2101 751 2127 in
766 2101 842 2127 dicta
857 2102 909 2127 sac.

468 2151 595 2177 Johanni
610 2150 806 2180 Clementisffi,
823 2151 915 2184 presb.
935 2151 1150 2177 Constanciens.
1169 2152 1255 2182 dioc.‚
1272 2153 1333 2179 bac.
1351 2153 1382 2178 in
1399 2153 1474 2180 decr.
1495 2154 1525 2180 in
1541 2156 1669 2181 secundo
1683 2164 1762 2182 anno
1777 2158 1806 2183 et
1820 2157 1949 2184 secundo
1968 2158 2120 2185 volumine
2133 2158 2245 2186 lecture

378 2209 428 2226 sue
441 2200 573 2226 existenti
588 2200 750 2233 rectorique
765 2200 897 2233 parroch.
914 2200 982 2226 eccl.
999 2200 1034 2225 de
1049 2201 1223 2227 Tourlavilla
1237 2201 1313 2228 dicte
1323 2202 1554 2230 Constanciensis
1568 2204 1642 2230 dioc.

466 2249 589 2275 Martino
604 2249 714 2278 Arturi.
728 2248 834 2281 presb..
849 2248 910 2274 bac.
927 2249 958 2274 in
973 2249 1050 2275 decr.
1068 2249 1098 2274 in
1112 2250 1239 2276 secundo
1254 2259 1333 2277 anno
1348 2251 1458 2278 lecture
1472 2260 1522 2279 sue
1536 2253 1679 2280 existenti.

465 2299 576 2331 Rogero
590 2298 625 2324 de
641 2298 824 2331 Laboulloye,
838 2298 931 2330 presb.
949 2298 1117 2324 Abrincens.
1134 2299 1220 2328 dioc..
1237 2299 1298 2325 bac.
1316 2300 1347 2326 in
1361 2301 1438 2327 decr.
1452 2301 1484 2327 in
1497 2303 1624 2328 secundo
1640 2311 1718 2330 anno
1731 2304 1840 2331 lecture
1853 2313 1904 2331 sue
1918 2305 2061 2332 existenti.

464 2347 591 2372 Johanni
605 2346 764 2380 Rupphiffi.
779 2347 916 2373 Leonens.
932 2346 1018 2376 dioc.‚
1036 2347 1093 2373 hac.
1105 2348 1135 2373 in
1148 2348 1224 2374 decr.
1239 2349 1270 2374 in
1285 2350 1413 2376 secundo
1426 2358 1506 2377 anno
1519 2351 1628 2378 lecture
1640 2360 1690 2378 sue
1705 2353 1847 2380 existenti.

464 2396 602 2422 Warnero
622 2396 740 2424 Barreti.
760 2396 887 2422 subdiaC.
903 2396 1029 2422 Tullens.
1048 2397 1134 2426 dioc..
1149 2405 1212 2423 can.
1233 2398 1372 2431 prebend.
1390 2400 1457 2425 eccl.
1481 2400 1507 2426 S.
1526 2401 1600 2426 Petri
1618 2401 1654 2428 de
1671 2402 1801 2429 Cominis
1816 2404 1988 2430 Tornacens.
2006 2404 2094 2434 dioc..
2114 2405 2145 2430 in
2159 2404 2237 2432 decr.

374 2445 404 2470 in
417 2445 543 2471 secundo
557 2453 635 2470 anno
650 2445 759 2470 lecture
774 2452 823 2470 sue
836 2445 978 2470 existenti.

461 2494 591 2519 Rolando
605 2494 641 2519 de
659 2494 685 2519 la
699 2494 849 2527 Frugfflye.
867 2494 960 2527 presb.
983 2494 1126 2521 Briocens.
1149 2495 1235 2523 dioc..
1253 2496 1313 2522 bac.
1331 2496 1362 2522 in
1384 2497 1460 2523 decr.
1476 2506 1508 2524 ac
1528 2499 1558 2524 in
1575 2500 1702 2526 secundo
1717 2509 1795 2527 anno
1815 2502 1925 2528 lecture
1940 2510 1990 2529 sue
2009 2502 2151 2532 existenti.
2171 2511 2235 2529 can.

371 2542 510 2576 prebend.
528 2543 595 2568 eccl.
610 2542 753 2568 Briocens.

458 2591 585 2617 Johanni
603 2591 762 2620 Cheurerii.
781 2591 935 2618 Pictavens.
951 2592 1037 2622 dioc.‚
1054 2593 1083 2618 in
1103 2595 1161 2619 utr.
1177 2594 1244 2627 jure
1259 2595 1333 2625 bac..
1351 2595 1382 2620 in
1395 2596 1481 2622 tertio
1496 2604 1574 2623 anno
1589 2599 1617 2624 et
1630 2598 1716 2624 tertio
1731 2600 1882 2626 volumine
1897 2600 2007 2627 lecture
2021 2608 2072 2627 sue
2084 2603 2146 2627 tam
2161 2601 2236 2635 juris

369 2648 431 2667 can.
447 2648 537 2673 quani
553 2640 651 2665 civilis.

458 2689 547 2714 Fratri
563 2689 689 2714 Johanni
703 2689 738 2714 de
753 2689 943 2722 ClercyacoW,
960 2698 1040 2716 mon.
1058 2698 1187 2724 expresse
1205 2693 1331 2725 professo
1347 2696 1472 2720 monast.
1486 2695 1513 2720 S.
1530 2695 1677 2722 Trinitatis
1693 2697 1900 2728 Fiscannensis,
1917 2699 1950 2725 O.
1966 2699 1994 2725 S.
2011 2699 2054 2732 B.,
2070 2699 2232 2726 Rothoma-

367 2746 446 2771 gens.
463 2738 548 2767 dioc.‚
563 2737 598 2763 de
612 2738 702 2762 nobili
715 2746 818 2770 genere
829 2740 987 2771 procreato,
1004 2739 1064 2765 bac.
1082 2740 1112 2765 in
1128 2740 1203 2766 decr.
1222 2741 1252 2767 in
1265 2743 1393 2768 secundo
1409 2751 1487 2770 anno
1500 2744 1608 2771 lecture
1623 2753 1673 2771 sue
1686 2747 1828 2773 existenti.

455 2787 567 2812 Nicolao
581 2786 617 2811 de
633 2786 718 2815 Valle,
732 2787 823 2819 presb.
838 2787 1053 2814 Constanciens.
1069 2789 1154 2816 dioc..
1172 2790 1201 2815 in
1213 2790 1288 2816 decr.
1307 2791 1367 2817 bac.
1382 2800 1414 2818 ac
1430 2792 1461 2818 111
1474 2794 1601 2820 secundo
1616 2802 1694 2820 anno
1707 2795 1815 2822 lecture
1829 2805 1879 2823 sue
1892 2797 2034 2823 existenti.

454 2835 568 2868 Nicasyo
588 2836 729 2868 Fauquet,
744 2836 836 2869 presb.
852 2836 1048 2863 Cameracens.
1069 2838 1155 2867 dieo..
1170 2838 1231 2865 bac.
1249 2840 1280 2865 in
1302 2841 1378 2867 decr.
1398 2841 1429 2867 in
1449 2843 1577 2868 secundo
1595 2851 1674 2869 anno
1693 2846 1721 2870 et
1741 2846 1868 2871 secundo
1887 2846 2037 2873 volumine
2053 2847 2161 2873 lecture
2179 2855 2230 2874 sue

365 2884 507 2911 existenti.

488 2934 511 2956 9.
