2502 3418
401 306 462 337 121)
975 310 1290 332 eiiAn'rULARiUM
1326 310 1514 331 UNlVEns.
1552 309 1680 331 ranis.
2162 295 2261 331 [1403

399 388 615 422 universalis
637 387 791 420 ecclesie
813 397 954 419 summo
976 384 1137 430 pontifici
1159 384 1307 416 humilis
1329 391 1360 416 el
1391 383 1518 416 devota
1545 383 1616 415 filia
1637 390 1757 416 vestra
1779 383 1881 415 nacio
1915 382 2077 415 Picardie
2106 381 2142 414 in
2170 381 2259 415 alma

399 455 640 489 Universitatc
671 453 866 487 Parisiensi
902 464 940 485 se
975 453 1087 496 ipsam
1123 451 1166 483 ad
1204 451 1334 496 pedum
1367 450 1489 483 oscula
1523 450 1722 482 beatorum.
1755 450 2048 483 Clementissime
2081 449 2259 481 sanctitati

396 529 516 556 vestre
533 521 734 554 humillime
752 519 944 564 supplicat,
962 525 1140 563 quatenus
1158 518 1275 550 eidem
1297 517 1446 562 gratiam
1467 517 1640 549 facientes
1657 517 1851 561 specialem
1870 517 1905 548 in
1924 516 2092 561 personis
2110 528 2258 548 suorum

396 588 682 622 bachalariorum
704 588 740 619 in
762 586 900 619 artibus
921 586 1074 617 inferius
1096 584 1399 628 subscriptorum,
1426 583 1563 615 eisdem
1586 583 1800 615 bachalariis
1824 582 1868 615 de
1889 582 2092 620 beneficiis,
2117 582 2257 623 officiis⁷

395 655 649 701 personatibus
672 654 729 687 vel
754 653 841 686 alias
858 654 957 697 juxta
984 664 1106 684 eorum
1131 651 1417 696 supplicationes
1445 650 1693 694 infrascriptas
1715 650 1917 695 dignemini
1945 649 2151 694 providere,
2174 661 2260 694 sup-

396 723 683 768 plicationesque
705 719 896 765 generales
915 719 1164 763 infrascriptas
1186 717 1356 750 exaudire
1378 729 1456 749 cum
1479 717 1609 749 effectu
1631 723 1666 749 et
1693 717 1838 761 signare
1859 728 1965 749 manu
1987 723 2106 749 vestra
2127 716 2260 749 beatis-

396 790 484 822 sima
504 789 561 822 vel
582 789 659 822 viva
682 799 769 821 voce
792 786 995 819 concedere
1015 786 1107 818 sicut
1122 785 1276 830 petitur,
1299 791 1333 816 et
1353 795 1434 816 culll
1455 783 1535 816 aliis
1557 783 1779 828 specialibus
1800 782 2130 828 supplicationibus
2153 795 2259 828 expe-

396 857 463 889 diri
486 856 654 888 mandare
676 861 709 887 et
730 854 868 886 litteras
885 852 1102 897 apostolicas
1120 863 1230 896 super
1247 851 1300 883 eis
1318 851 1409 891 lieri⁷
1428 863 1506 883 cum
1524 850 1699 883 clausulis
1715 850 1758 883 ad
1781 850 2007 895 propositum
2026 850 2257 892 necessariis,

395 930 434 956 ut
454 923 489 955 in
510 924 621 955 soi-ma
644 922 679 954 in
701 920 863 954 articulis
884 920 920 952 in
941 919 1056 963 capite
1079 918 1186 951 rotuli
1208 918 1379 962 superius
1400 917 1541 961 positis.

863 1034 1074 1056 SEQUUNTUR
1103 1034 1396 1055 SUPPLICATIONES
1424 1034 1585 1055 NACIOle
1613 1034 1784 1054 PICARDIE.

481 1119 512 1143 Et
530 1119 626 1150 primo
641 1117 767 1143 (joberto
779 1117 932 1146 Lanehart,
949 1117 1015 1142 cler.
1034 1117 1215 1142 Noviomens.
1232 1116 1319 1144 dioc.,
1334 1115 1394 1141 bac.
1412 1115 1442 1140 in
1457 1116 1524 1143 art...
1540 1115 1570 1140 in
1584 1114 1687 1140 eadem
1704 1116 1755 1140 sac.
1769 1115 1846 1140 stud.

480 1168 552 1192 item
567 1167 679 1192 Matheo
694 1167 730 1192 de
744 1166 851 1194 lleriez.
869 1166 1003 1199 subdyac.
1022 1166 1202 1191 Noviomcns.
1218 1165 1313 1197 dyoc„
1328 1164 1388 1190 bac.
1407 1164 1437 1189 in
1453 1166 1506 1189 art.

482 1216 627 1241 Firmaldo
640 1215 766 1244 Oliverii,
782 1215 875 1248 presb.
891 1216 1062 1241 Tornaeens
1075 1215 1161 1243 dioc..
1179 1214 1239 1239 bac.
1255 1214 1285 1239 in
1301 1215 1354 1239 art.

481 1266 563 1291 Petro
579 1265 709 1293 Bertran,
726 1264 819 1297 presb.
838 1264 1018 1290 Noviomens.
1035 1264 1131 1297 dyoc..
1145 1264 1205 1289 bac.
1222 1263 1252 1288 in
1267 1264 1321 1288 art.

479 1314 603 1340 Roberto
618 1313 711 1342 Fabri,
729 1314 795 1339 cler.
810 1313 996 1339 Ambianens.
1014 1313 1108 1346 dyoc..
1126 1313 1186 1338 bac.
1206 1313 1234 1337 in
1250 1314 1317 1341 art.v
1334 1312 1400 1337 scol.
1418 1314 1485 1337 actu
1501 1312 1578 1337 stud.
1597 1312 1627 1336 in
1639 1312 1707 1345 jure
1719 1320 1783 1337 can.

480 1363 608 1388 Jobanni
623 1363 659 1388 dc
673 1362 768 1388 Attrio
781 1362 849 1388 alias
862 1362 972 1391 Clerici.
990 1362 1056 1388 cler.
1075 1363 1273 1387 Cameracens.
1291 1361 1377 1389 dioc..
1395 1361 1455 1386 bac.
1473 1361 1503 1386 in
1519 1362 1572 1386 art.

480 1413 584 1437 Furseo
599 1412 639 1437 du
654 1410 788 1439 Bruille³.
806 1412 872 1437 cler.
889 1411 1069 1436 Noviotnens.
1087 1411 1173 1439 dioc..
1192 1411 1252 1436 bac.
1270 1410 1300 1435 in
1314 1412 1380 1438 art..
1393 1410 1459 1436 scol.
1477 1411 1543 1436 actu
1560 1410 1636 1436 stud.
1655 1410 1685 1435 in
1700 1410 1800 1436 eadem
1818 1411 1870 1436 sac.

478 1460 606 1486 Johanni
620 1460 655 1486 de
669 1460 786 1488 Naours.
803 1460 908 1485 seniori
922 1460 988 1486 cler.
1006 1459 1192 1485 Ambianens.
1209 1459 1295 1487 dioc.,
1310 1459 1369 1484 bac.
1388 1459 1418 1484 in
1433 1461 1486 1484 art.

480 1510 592 1535 Nicolao
608 1509 773 1541 Geneviere,
790 1509 856 1534 cler.
874 1509 1065 1535 Attrebatens.
1082 1508 1168 1536 dioc..
1188 1508 1247 1533 bac.
1273 1508 1303 1533 in
1319 1510 1385 1536 art.‚
1407 1508 1473 1533 scol.
1496 1510 1563 1533 actu
1589 1508 1619 1533 in
1640 1508 1742 1534 eadem
1763 1509 1827 1537 sac..
1853 1509 1971 1534 nullum
1987 1509 2163 1536 beneficium
2179 1509 2257 1536 obti-

391 1559 482 1584 nenti.
1203 1594 1205 1596 q

477 1607 635 1633 Guillelmo
650 1608 685 1633 (10
701 1608 822 1636 Cathen,
838 1607 904 1633 cler.
920 1607 1106 1633 Ambianens.
1122 1607 1208 1635 dioc.,
1227 1607 1286 1631 bac.
1305 1607 1335 1631 in
1352 1608 1418 1635 art.,
1436 1607 1502 1632 scol.
1520 1608 1587 1632 actu
1606 1607 1682 1632 stud.
1700 1607 1730 1632 in
1746 1607 1848 1634 eadem
1863 1608 1928 1637 fac..
1946 1608 2065 1633 nullum
2081 1608 2260 1634 beneficium

389 1657 542 1683 obtinenti.

476 1705 603 1731 Waltero
618 1706 697 1734 hart,
715 1705 863 1731 Leodiens.
881 1705 967 1734 dioc..
983 1705 1043 1730 bac.
1063 1705 1094 1730 in
1109 1706 1163 1730 art.

478 1755 590 1780 Matheo
603 1755 767 1783 Malicorne‚
784 1754 851 1780 cler.
869 1754 1054 1780 Ambianens.
1075 1754 1162 1782 dioc.,
1179 1754 1239 1779 bac.
1257 1754 1286 1779 in
1303 1755 1369 1782 art..
1386 1755 1452 1779 actu
1474 1754 1550 1779 stud.
1574 1754 1697 1780 l’arisius
1717 1755 1747 1780 in
1768 1755 1895 1788 predicta
1919 1756 1983 1783 sac..
2006 1755 2125 1781 nullum
2144 1756 2257 1782 benefi-

389 1804 468 1829 cium
483 1804 636 1829 obtinenti.

478 1853 604 1879 Luciano
624 1853 766 1885 Cannery,
787 1853 860 1878 dioc.
884 1853 1055 1881 Bclvaccns,
1073 1853 1133 1878 bac.
1151 1852 1181 1877 in
1200 1854 1266 1881 art.,
1288 1854 1354 1877 actu
1378 1852 1454 1878 stud.
1481 1853 1604 1878 Parisius
1624 1853 1654 1878 in
1675 1854 1726 1879 sac.
1749 1853 1836 1881 decr..
1858 1854 1977 1879 habenti
1997 1854 2032 1880 de
2051 1855 2177 1887 presenti
2200 1856 2257 1880 tres

391 1909 483 1927 annos
497 1902 527 1927 in
542 1902 642 1928 eadem
658 1902 842 1928 decretorum
857 1902 921 1931 sac.y
936 1901 1029 1934 presb.
1048 1903 1208 1934 curatoque
1222 1901 1354 1934 parroeh.
1372 1901 1438 1927 cccl.
1458 1901 1483 1926 S.
1501 1902 1575 1927 l’etri
1590 1902 1626 1927 (10
1642 1902 1778 1928 Broilleto
1793 1904 1963 1929 carnotens.
1975 1903 2048 1929 dioc.

480 1951 590 1977 Thome
605 1952 682 1979 Rart,
700 1951 846 1976 Leodiens.
863 1950 949 1978 dioc.,
964 1950 1024 1976 bac.
1042 1950 1072 1975 in
1088 1952 1141 1975 art.

478 2000 602 2025 Jolianni
619 2000 655 2026 de
669 2000 766 2028 Curia,
783 2000 849 2025 cler.
867 1999 1020 2025 Morincns.
1036 1999 1122 2028 dioc.,
1141 2000 1201 2025 bac.
1219 1999 1249 2024 in
1264 2001 1318 2025 art.

479 2049 637 2075 Guillelmo
653 2049 852 2075 Serhunzone.
867 2048 1021 2074 Morinens.
1038 2048 1125 2077 dioc.,
1139 2048 1199 2074 bac.
1213 2049 1243 2073 in
1259 2050 1325 2077 arl.,
1342 2050 1408 2074 actu
1422 2049 1498 2074 stud.
1518 2050 1603 2075 Paris.
1621 2050 1651 2075 in
1668 2050 1796 2083 predicta
1810 2051 1862 2076 sac.

479 2098 613 2131 Philippo
626 2098 661 2123 (10
676 2098 827 2126 Namureo.
845 2098 911 2123 cler.
929 2098 1099 2123 Tornaccns.
1117 2097 1203 2125 dioc.,
1220 2098 1281 2123 filio
1296 2097 1409 2123 domini
1425 2098 1460 2123 (10
1474 2098 1642 2125 Wivendalc
1658 2099 1752 2124 fratris
1765 2099 1901 2132 legittimi
1917 2100 2030 2126 comitis
2044 2100 2254 2130 Namurcensis,

390 2147 450 2173 bac.
467 2147 497 2172 in
512 2148 578 2176 art..
596 2149 661 2172 acin
676 2147 752 2172 stud.
768 2147 798 2171 in
813 2147 924 2172 cadem.
941 2147 992 2171 sac.

477 2196 604 2221 Johanni
617 2196 806 2228 Oegerlande‚
823 2196 883 2221 filio
897 2195 1026 2228 supremi
1042 2195 1149 2221 baillivi
1165 2196 1334 2224 Gandensis.
1351 2196 1417 2221 cler.
1434 2196 1604 2222 Tornaccns.
1622 2197 1707 2226 dioc..
1726 2197 1786 2223 bae.
1802 2198 1832 2224 in
1849 2200 1914 2227 art..
1932 2200 1999 2224 actu
2015 2199 2092 2224 stud.
2109 2199 2139 2224 in
2155 2199 2256 2225 eadem

390 2246 453 2274 sac..
470 2245 588 2270 nullum
604 2245 780 2270 beneficium
794 2244 947 2270 obtinenti.

478 2294 577 2326 Egidio
593 2293 780 2327 Oegerlande,
797 2293 858 2319 lilio
874 2293 1154 2327 baillivirGandcnsis
1169 2295 1308 2327 supremi,
1326 2295 1392 2321 cler.
1410 2296 1581 2321 'l‘ornaccns.
1599 2296 1686 2325 dioc.,
1704 2296 1764 2321 hac.
1783 2296 1813 2322 in
1831 2298 1897 2326 art.,
1912 2298 1979 2323 actu
1992 2297 2068 2322 stud.
2087 2297 2210 2324 l'arisius
2225 2297 2256 2323 in

389 2343 489 2368 eadem
503 2343 554 2368 sac.

479 2392 628 2417 Arnouldo
642 2393 678 2418 (10
693 2392 834 2425 Gibeque,
851 2393 1047 2417 Cameracens.
1062 2392 1136 2418 dioc.
1152 2393 1231 2421 cler..
1248 2393 1308 2418 bac.
1326 2393 1357 2418 in
1372 2395 1425 2419 art.

478 2441 589 2466 'l‘home
608 2441 764 2469 Herichon.
783 2440 849 2466 cler.
869 2440 1056 2466 Ambianens.
1072 2441 1157 2467 dioc..
1175 2441 1236 2467 bac.
1254 2442 1284 2467 in
1298 2444 1365 2470 art„
1381 2444 1448 2467 actu
1462 2443 1538 2468 stud.
1558 2443 1644 2468 Paris.
1662 2444 1691 2469 in
1709 2444 1836 2477 predicta
1857 2444 1921 2472 sac..
1942 2444 2060 2470 nullum
2076 2444 2252 2470 beneficium

389 2490 542 2515 obtinenti.

478 2539 625 2564 Florencio
638 2539 778 2572 Episcopi.
794 2539 860 2565 cler.
876 2539 1029 2564 Morinens.
1045 2539 1131 2568 dioc.,
1148 2539 1207 2565 bac.
1226 2540 1255 2564 in
1269 2541 1323 2565 art.

478 2588 569 2620 Eligio
584 2588 761 2617 Mainelmde,
778 2588 844 2613 cler.
862 2588 1015 2613 Morincns.
1031 2588 1117 2617 dioc.,
1135 2588 1253 2613 nullum
1270 2589 1446 2615 beneficium
1461 2590 1616 2619 obtinenti.
1635 2591 1694 2616 bac.
1711 2591 1740 2616 in
1753 2594 1807 2617 art.

478 2637 605 2662 Johanni
621 2637 762 2665 Ancelini,
778 2637 843 2663 cler.
862 2637 1048 2662 Ambianens.
1064 2637 1150 2666 dioc.,
1166 2637 1225 2663 bac.
1244 2638 1274 2662 in
1289 2639 1356 2667 art.,
1373 2638 1493 2664 nullum
1508 2639 1685 2665 heneficium
1701 2640 1857 2666 obtinenti.

478 2685 603 2711 Johanni
618 2686 745 2714 Juvenis,
761 2686 827 2711 cler.
843 2685 1028 2711 Ambianens.
1046 2686 1132 2715 dioc.,
1150 2686 1210 2711 hac.
1228 2686 1258 2711 in
1271 2689 1338 2716 art.v
1355 2687 1473 2712 nullum
1490 2688 1666 2713 beneficium
1678 2689 1833 2714 obtinenti.

478 2734 536 2759 Ade
551 2734 668 2763 Robart,
686 2735 752 2760 cler.
770 2735 955 2760 Laudunens.
973 2734 1060 2762 dioc.,
1076 2735 1135 2759 bac.
1153 2735 1183 2760 in
1199 2737 1251 2760 art.

477 2783 589 2808 Nicolao
602 2783 637 2808 de
649 2783 737 2812 Yalle,
751 2784 817 2809 clcr.
833 2783 987 2809 Morinens.
1005 2783 1092 2809 dioc..
1111 2783 1169 2809 hac.
1187 2784 1217 2809 in
1233 2786 1287 2810 art.

479 2832 631 2864 lladulpho
648 2832 683 2857 dc
702 2833 808 2861 Insula,
832 2833 898 2858 cler.
920 2832 1106 2858 Ainbianens.
1129 2833 1214 2861 dioc..
1238 2833 1297 2859 bac.
1322 2834 1352 2859 in
1372 2836 1438 2862 art..
1459 2837 1525 2860 actu
1545 2836 1621 2860 stud.
1639 2836 1672 2868 >in
1698 2837 1824 2869 predicta
1847 2838 1911 2866 sac.‚
1934 2838 2052 2862 nullum
2075 2837 2251 2863 beneficium

390 2881 524 2906 obtinent
