<?xml version="1.0" encoding="UTF-8"?>
<!DOCTYPE html PUBLIC "-//W3C//DTD XHTML 1.0 Transitional//EN"
    "http://www.w3.org/TR/xhtml1/DTD/xhtml1-transitional.dtd">
<html xmlns="http://www.w3.org/1999/xhtml" xml:lang="en" lang="en">
 <head>
  <title>
</title>
<meta http-equiv="Content-Type" content="text/html;charset=utf-8" />
  <meta name='ocr-system' content='tesseract 3.04.00' />
  <meta name='ocr-capabilities' content='ocr_page ocr_carea ocr_par ocr_line ocrx_word'/>
</head>
<body>
  <div class='ocr_page' id='page_1' title='image "./chartulariumuniv04univuoft_0211.png"; bbox 0 0 2502 3418; ppageno 0'>
   <div class='ocr_carea' id='block_1_1' title="bbox 279 309 2135 347">
    <p class='ocr_par' dir='ltr' id='par_1_1' title="bbox 279 309 2135 347">
     <span class='ocr_line' id='line_1_1' title="bbox 279 309 2135 347; baseline -0.001 -4"><span class='ocrx_word' id='word_1_1' title='bbox 279 309 374 344; x_wconf 79' lang='lat'>1409]</span> <span class='ocrx_word' id='word_1_2' title='bbox 622 321 668 342; x_wconf 64' lang='lat' dir='ltr'>An</span> <span class='ocrx_word' id='word_1_3' title='bbox 702 321 807 342; x_wconf 72' lang='lat' dir='ltr'>ANNO</span> <span class='ocrx_word' id='word_1_4' title='bbox 842 320 1128 341; x_wconf 66' lang='lat' dir='ltr'>mcccrxxxxw</span> <span class='ocrx_word' id='word_1_5' title='bbox 1164 320 1293 347; x_wconf 63' lang='lat' dir='ltr'>usone</span> <span class='ocrx_word' id='word_1_6' title='bbox 1332 321 1378 340; x_wconf 48' lang='grc'><strong>[111</strong></span> <span class='ocrx_word' id='word_1_7' title='bbox 1413 321 1550 341; x_wconf 67' lang='lat' dir='ltr'>ANNUM</span> <span class='ocrx_word' id='word_1_8' title='bbox 1585 321 1789 342; x_wconf 71' lang='lat' dir='ltr'>mccccmt.</span> <span class='ocrx_word' id='word_1_9' title='bbox 2076 312 2135 344; x_wconf 70' lang='lat'>167</span> 
     </span>
    </p>
   </div>
   <div class='ocr_carea' id='block_1_2' title="bbox 267 393 2137 2716">
    <p class='ocr_par' dir='ltr' id='par_1_2' title="bbox 272 393 2137 907">
     <span class='ocr_line' id='line_1_2' title="bbox 275 393 2137 439; baseline -0.001 -12"><span class='ocrx_word' id='word_1_10' title='bbox 275 396 329 428; x_wconf 89' lang='lat' dir='ltr'>vis</span> <span class='ocrx_word' id='word_1_11' title='bbox 346 396 474 427; x_wconf 89' lang='lat' dir='ltr'>fratres</span> <span class='ocrx_word' id='word_1_12' title='bbox 490 394 639 427; x_wconf 84' lang='lat' dir='ltr'>admissi</span> <span class='ocrx_word' id='word_1_13' title='bbox 657 394 808 426; x_wconf 82' lang='lat' dir='ltr'>habeant</span> <span class='ocrx_word' id='word_1_14' title='bbox 827 394 1075 426; x_wconf 87' lang='lat' dir='ltr'>auctoritatem</span> <span class='ocrx_word' id='word_1_15' title='bbox 1093 393 1305 426; x_wconf 76' lang='lat' dir='ltr'>absolvendi</span> <span class='ocrx_word' id='word_1_16' title='bbox 1325 400 1356 425; x_wconf 87' lang='lat' dir='ltr'>et</span> <span class='ocrx_word' id='word_1_17' title='bbox 1375 393 1545 426; x_wconf 91' lang='lat' dir='ltr'>audiendi</span> <span class='ocrx_word' id='word_1_18' title='bbox 1562 394 1828 433; x_wconf 62' lang='lat' dir='ltr'>confessiones,</span> <span class='ocrx_word' id='word_1_19' title='bbox 1848 401 1962 426; x_wconf 73' lang='lat' dir='ltr'>tamen</span> <span class='ocrx_word' id='word_1_20' title='bbox 1982 395 2137 439; x_wconf 86' lang='lat' dir='ltr'>populus</span> 
     </span>
     <span class='ocr_line' id='line_1_3' title="bbox 276 460 2136 506; baseline -0.001 -12"><span class='ocrx_word' id='word_1_21' title='bbox 276 461 462 506; x_wconf 86' lang='lat' dir='ltr'>subjectus</span> <span class='ocrx_word' id='word_1_22' title='bbox 484 473 556 494; x_wconf 91' lang='lat' dir='ltr'>non</span> <span class='ocrx_word' id='word_1_23' title='bbox 578 461 685 494; x_wconf 87' lang='lat' dir='ltr'>habet</span> <span class='ocrx_word' id='word_1_24' title='bbox 708 467 919 505; x_wconf 84' lang='lat' dir='ltr'>potestatem</span> <span class='ocrx_word' id='word_1_25' title='bbox 943 461 1139 493; x_wconf 84' lang='lat' dir='ltr'>accedendi</span> <span class='ocrx_word' id='word_1_26' title='bbox 1162 460 1203 492; x_wconf 91' lang='lat' dir='ltr'>ad</span> <span class='ocrx_word' id='word_1_27' title='bbox 1232 460 1482 492; x_wconf 81' lang='lat' dir='ltr'>Mendicantes</span> <span class='ocrx_word' id='word_1_28' title='bbox 1513 460 1693 492; x_wconf 77' lang='lat' dir='ltr'>admissos</span> <span class='ocrx_word' id='word_1_29' title='bbox 1722 461 1801 492; x_wconf 69' lang='lat' dir='ltr'>sinc</span> <span class='ocrx_word' id='word_1_30' title='bbox 1827 461 1968 492; x_wconf 78' lang='lat' dir='ltr'>licentia</span> <span class='ocrx_word' id='word_1_31' title='bbox 2002 462 2136 505; x_wconf 83' lang='lat' dir='ltr'>proprii</span> 
     </span>
     <span class='ocr_line' id='line_1_4' title="bbox 275 526 2136 572; baseline -0.001 -11"><span class='ocrx_word' id='word_1_32' title='bbox 275 529 494 568; x_wconf 82' lang='lat' dir='ltr'>sacerdotis;</span> <span class='ocrx_word' id='word_1_33' title='bbox 531 535 565 561; x_wconf 90' lang='lat' dir='ltr'>et</span> <span class='ocrx_word' id='word_1_34' title='bbox 598 529 727 560; x_wconf 83' lang='lat' dir='ltr'>fratres</span> <span class='ocrx_word' id='word_1_35' title='bbox 765 534 930 572; x_wconf 87' lang='lat' dir='ltr'>petentes</span> <span class='ocrx_word' id='word_1_36' title='bbox 970 527 1159 572; x_wconf 83' lang='lat' dir='ltr'>privilegia</span> <span class='ocrx_word' id='word_1_37' title='bbox 1200 539 1264 571; x_wconf 88' lang='lat' dir='ltr'>pro</span> <span class='ocrx_word' id='word_1_38' title='bbox 1303 526 1600 559; x_wconf 76' lang='lat' dir='ltr'>confessionibus</span> <span class='ocrx_word' id='word_1_39' title='bbox 1635 527 1827 559; x_wconf 81' lang='lat' dir='ltr'>audiendis</span> <span class='ocrx_word' id='word_1_40' title='bbox 1865 534 1897 559; x_wconf 84' lang='lat' dir='ltr'>et</span> <span class='ocrx_word' id='word_1_41' title='bbox 1938 528 2136 571; x_wconf 81' lang='lat' dir='ltr'>sepulturis</span> 
     </span>
     <span class='ocr_line' id='line_1_5' title="bbox 274 593 2137 640; baseline -0.001 -13"><span class='ocrx_word' id='word_1_42' title='bbox 274 595 451 628; x_wconf 80' lang='lat' dir='ltr'>habendis</span> <span class='ocrx_word' id='word_1_43' title='bbox 477 602 560 627; x_wconf 90' lang='lat' dir='ltr'>sunt</span> <span class='ocrx_word' id='word_1_44' title='bbox 582 595 619 627; x_wconf 90' lang='lat' dir='ltr'>in</span> <span class='ocrx_word' id='word_1_45' title='bbox 641 601 788 640; x_wconf 89' lang='lat' dir='ltr'>peccato</span> <span class='ocrx_word' id='word_1_46' title='bbox 811 594 972 633; x_wconf 89' lang='lat' dir='ltr'>mortali;</span> <span class='ocrx_word' id='word_1_47' title='bbox 1003 601 1037 627; x_wconf 88' lang='lat' dir='ltr'>et</span> <span class='ocrx_word' id='word_1_48' title='bbox 1063 594 1212 626; x_wconf 77' lang='lat' dir='ltr'>Romani</span> <span class='ocrx_word' id='word_1_49' title='bbox 1235 594 1426 638; x_wconf 78' lang='lat' dir='ltr'>pontifices</span> <span class='ocrx_word' id='word_1_50' title='bbox 1450 593 1529 626; x_wconf 87' lang='lat' dir='ltr'>talia</span> <span class='ocrx_word' id='word_1_51' title='bbox 1558 594 1748 638; x_wconf 79' lang='lat' dir='ltr'>privilegia</span> <span class='ocrx_word' id='word_1_52' title='bbox 1770 594 2014 625; x_wconf 71' lang='lat' dir='ltr'>concedentes</span> <span class='ocrx_word' id='word_1_53' title='bbox 2038 596 2137 626; x_wconf 74' lang='lat' dir='ltr'>Men-</span> 
     </span>
     <span class='ocr_line' id='line_1_6' title="bbox 274 661 2135 706; baseline -0.001 -12"><span class='ocrx_word' id='word_1_54' title='bbox 274 662 478 694; x_wconf 89' lang='lat' dir='ltr'>dicantibus</span> <span class='ocrx_word' id='word_1_55' title='bbox 495 668 553 694; x_wconf 91' lang='lat' dir='ltr'>aut</span> <span class='ocrx_word' id='word_1_56' title='bbox 575 662 712 694; x_wconf 89' lang='lat' dir='ltr'>eisdem</span> <span class='ocrx_word' id='word_1_57' title='bbox 730 661 987 694; x_wconf 86' lang='lat' dir='ltr'>confirmantes</span> <span class='ocrx_word' id='word_1_58' title='bbox 1005 661 1141 694; x_wconf 88' lang='lat' dir='ltr'>suntin</span> <span class='ocrx_word' id='word_1_59' title='bbox 1164 668 1309 706; x_wconf 90' lang='lat' dir='ltr'>peccato</span> <span class='ocrx_word' id='word_1_60' title='bbox 1329 661 1470 693; x_wconf 87' lang='lat' dir='ltr'>mortali</span> <span class='ocrx_word' id='word_1_61' title='bbox 1491 667 1526 693; x_wconf 90' lang='lat' dir='ltr'>et</span> <span class='ocrx_word' id='word_1_62' title='bbox 1542 661 1854 693; x_wconf 84' lang='lat' dir='ltr'>excommunicati.</span> <span class='ocrx_word' id='word_1_63' title='bbox 1874 681 1916 683; x_wconf 65' lang='lat'>—</span> <span class='ocrx_word' id='word_1_64' title='bbox 1934 662 1975 703; x_wconf 71' lang='lat'>(7)</span> <span class='ocrx_word' id='word_1_65' title='bbox 1994 662 2135 693; x_wconf 73' lang='lat' dir='ltr'>Fratres</span> 
     </span>
     <span class='ocr_line' id='line_1_7' title="bbox 273 727 2136 773; baseline -0.002 -12"><span class='ocrx_word' id='word_1_66' title='bbox 273 741 345 761; x_wconf 91' lang='lat' dir='ltr'>non</span> <span class='ocrx_word' id='word_1_67' title='bbox 367 736 452 762; x_wconf 85' lang='lat' dir='ltr'>sunt</span> <span class='ocrx_word' id='word_1_68' title='bbox 472 735 531 761; x_wconf 89' lang='lat' dir='ltr'>aut</span> <span class='ocrx_word' id='word_1_69' title='bbox 555 729 702 761; x_wconf 88' lang='lat' dir='ltr'>fuerunt</span> <span class='ocrx_word' id='word_1_70' title='bbox 727 735 905 773; x_wconf 72' lang='lat' dir='ltr'>pastores,</span> <span class='ocrx_word' id='word_1_71' title='bbox 929 728 995 761; x_wconf 92' lang='lat' dir='ltr'>sed</span> <span class='ocrx_word' id='word_1_72' title='bbox 1025 729 1137 767; x_wconf 75' lang='lat' dir='ltr'>sureS‚</span> <span class='ocrx_word' id='word_1_73' title='bbox 1166 728 1327 760; x_wconf 88' lang='lat' dir='ltr'>latrones</span> <span class='ocrx_word' id='word_1_74' title='bbox 1357 734 1392 760; x_wconf 89' lang='lat' dir='ltr'>et</span> <span class='ocrx_word' id='word_1_75' title='bbox 1420 728 1509 772; x_wconf 90' lang='lat' dir='ltr'>lupi.</span> <span class='ocrx_word' id='word_1_76' title='bbox 1533 748 1577 751; x_wconf 82' lang='lat'><strong>—</strong></span> <span class='ocrx_word' id='word_1_77' title='bbox 1603 728 1643 770; x_wconf 74' lang='lat'>(8)</span> <span class='ocrx_word' id='word_1_78' title='bbox 1667 727 1844 760; x_wconf 76' lang='lat' dir='ltr'>Sacerdos</span> <span class='ocrx_word' id='word_1_79' title='bbox 1874 733 2020 759; x_wconf 77' lang='lat' dir='ltr'>curatus</span> <span class='ocrx_word' id='word_1_80' title='bbox 2047 727 2136 759; x_wconf 85' lang='lat' dir='ltr'>daus</span> 
     </span>
     <span class='ocr_line' id='line_1_8' title="bbox 272 794 2136 839; baseline -0.002 -11"><span class='ocrx_word' id='word_1_81' title='bbox 272 795 453 828; x_wconf 88' lang='lat' dir='ltr'>licentiam</span> <span class='ocrx_word' id='word_1_82' title='bbox 499 795 792 828; x_wconf 82' lang='lat' dir='ltr'>Mendicantibus</span> <span class='ocrx_word' id='word_1_83' title='bbox 834 795 1006 827; x_wconf 89' lang='lat' dir='ltr'>audiendi</span> <span class='ocrx_word' id='word_1_84' title='bbox 1042 795 1296 827; x_wconf 82' lang='lat' dir='ltr'>confessiones</span> <span class='ocrx_word' id='word_1_85' title='bbox 1333 794 1447 839; x_wconf 86' lang='lat' dir='ltr'>magis</span> <span class='ocrx_word' id='word_1_86' title='bbox 1480 794 1667 839; x_wconf 82' lang='lat' dir='ltr'>dispensat</span> <span class='ocrx_word' id='word_1_87' title='bbox 1703 806 1781 826; x_wconf 88' lang='lat' dir='ltr'>cum</span> <span class='ocrx_word' id='word_1_88' title='bbox 1815 800 1948 826; x_wconf 78' lang='lat' dir='ltr'>statuto</span> <span class='ocrx_word' id='word_1_89' title='bbox 1977 805 1982 825; x_wconf 92' lang='lat'>:</span> <span class='ocrx_word' id='word_1_90' title='bbox 2014 794 2136 826; x_wconf 76' lang='lat' dir='ltr'>Omnis</span> 
     </span>
     <span class='ocr_line' id='line_1_9' title="bbox 272 859 2133 907; baseline -0.002 -12"><span class='ocrx_word' id='word_1_91' title='bbox 272 863 456 907; x_wconf 82' lang='lat' dir='ltr'>utriusque</span> <span class='ocrx_word' id='word_1_92' title='bbox 486 874 604 903; x_wconf 60' lang='lat' dir='ltr'>sexus,</span> <span class='ocrx_word' id='word_1_93' title='bbox 634 874 737 906; x_wconf 89' lang='lat' dir='ltr'>quam</span> <span class='ocrx_word' id='word_1_94' title='bbox 771 874 858 907; x_wconf 89' lang='lat' dir='ltr'>papa</span> <span class='ocrx_word' id='word_1_95' title='bbox 888 861 1061 894; x_wconf 85' lang='lat' dir='ltr'>fratribus</span> <span class='ocrx_word' id='word_1_96' title='bbox 1090 862 1178 894; x_wconf 89' lang='lat' dir='ltr'>dans</span> <span class='ocrx_word' id='word_1_97' title='bbox 1206 861 1386 894; x_wconf 70' lang='lat' dir='ltr'>licentiam</span> <span class='ocrx_word' id='word_1_98' title='bbox 1414 862 1516 905; x_wconf 82' lang='lat' dir='ltr'>juxta</span> <span class='ocrx_word' id='word_1_99' title='bbox 1550 862 1699 893; x_wconf 90' lang='lat' dir='ltr'>formam</span> <span class='ocrx_word' id='word_1_100' title='bbox 1730 860 1923 893; x_wconf 88' lang='lat' dir='ltr'>decretalis</span> <span class='ocrx_word' id='word_1_101' title='bbox 1952 859 2133 893; x_wconf 56' lang='lat' dir='ltr'>:Dadanu</span> 
     </span>
    </p>

    <p class='ocr_par' dir='ltr' id='par_1_3' title="bbox 267 927 2136 2716">
     <span class='ocr_line' id='line_1_10' title="bbox 360 927 2133 973; baseline -0.001 -12"><span class='ocrx_word' id='word_1_102' title='bbox 360 930 434 961; x_wconf 91' lang='lat' dir='ltr'>Nos</span> <span class='ocrx_word' id='word_1_103' title='bbox 454 941 540 962; x_wconf 85' lang='lat' dir='ltr'>vero</span> <span class='ocrx_word' id='word_1_104' title='bbox 562 929 792 962; x_wconf 87' lang='lat' dir='ltr'>attendentes</span> <span class='ocrx_word' id='word_1_105' title='bbox 814 929 911 973; x_wconf 90' lang='lat' dir='ltr'>quod</span> <span class='ocrx_word' id='word_1_106' title='bbox 933 928 1053 961; x_wconf 92' lang='lat' dir='ltr'>minus</span> <span class='ocrx_word' id='word_1_107' title='bbox 1076 928 1320 973; x_wconf 89' lang='lat' dir='ltr'>perniciosum</span> <span class='ocrx_word' id='word_1_108' title='bbox 1344 935 1443 960; x_wconf 85' lang='lat' dir='ltr'>esset</span> <span class='ocrx_word' id='word_1_109' title='bbox 1466 928 1648 972; x_wconf 75' lang='lat' dir='ltr'>antiquos,</span> <span class='ocrx_word' id='word_1_110' title='bbox 1672 927 1821 968; x_wconf 73' lang='lat' dir='ltr'>dudum,</span> <span class='ocrx_word' id='word_1_111' title='bbox 1844 934 1882 959; x_wconf 90' lang='lat' dir='ltr'>ut.</span> <span class='ocrx_word' id='word_1_112' title='bbox 1903 927 2133 971; x_wconf 66' lang='lat' dir='ltr'>premittitur,</span> 
     </span>
     <span class='ocr_line' id='line_1_11' title="bbox 273 994 2136 1041; baseline -0.002 -13"><span class='ocrx_word' id='word_1_113' title='bbox 273 1008 336 1041; x_wconf 89' lang='lat' dir='ltr'>per</span> <span class='ocrx_word' id='word_1_114' title='bbox 363 996 519 1028; x_wconf 91' lang='lat' dir='ltr'>eundem</span> <span class='ocrx_word' id='word_1_115' title='bbox 549 995 748 1029; x_wconf 89' lang='lat' dir='ltr'>Johannem</span> <span class='ocrx_word' id='word_1_116' title='bbox 780 996 1080 1040; x_wconf 75' lang='lat' dir='ltr'>predecessorem</span> <span class='ocrx_word' id='word_1_117' title='bbox 1112 1007 1190 1027; x_wconf 92' lang='lat' dir='ltr'>cum</span> <span class='ocrx_word' id='word_1_118' title='bbox 1221 1002 1314 1027; x_wconf 90' lang='lat' dir='ltr'>tanta</span> <span class='ocrx_word' id='word_1_119' title='bbox 1342 995 1570 1027; x_wconf 69' lang='lat' dir='ltr'>solemnitate</span> <span class='ocrx_word' id='word_1_120' title='bbox 1596 1002 1627 1027; x_wconf 89' lang='lat' dir='ltr'>et</span> <span class='ocrx_word' id='word_1_121' title='bbox 1659 995 1860 1027; x_wconf 86' lang='lat' dir='ltr'>maturitate</span> <span class='ocrx_word' id='word_1_122' title='bbox 1889 994 2076 1026; x_wconf 84' lang='lat' dir='ltr'>damnatos</span> <span class='ocrx_word' id='word_1_123' title='bbox 2102 1001 2136 1026; x_wconf 91' lang='lat' dir='ltr'>et</span> 
     </span>
     <span class='ocr_line' id='line_1_12' title="bbox 272 1061 2133 1108; baseline -0.002 -12"><span class='ocrx_word' id='word_1_124' title='bbox 272 1063 487 1108; x_wconf 88' lang='lat' dir='ltr'>reprobatos</span> <span class='ocrx_word' id='word_1_125' title='bbox 510 1069 545 1095; x_wconf 93' lang='lat' dir='ltr'>et</span> <span class='ocrx_word' id='word_1_126' title='bbox 565 1063 670 1096; x_wconf 88' lang='lat' dir='ltr'>etiam</span> <span class='ocrx_word' id='word_1_127' title='bbox 697 1063 907 1107; x_wconf 88' lang='lat' dir='ltr'>hujusmodi</span> <span class='ocrx_word' id='word_1_128' title='bbox 934 1074 1050 1096; x_wconf 91' lang='lat' dir='ltr'>novos</span> <span class='ocrx_word' id='word_1_129' title='bbox 1071 1062 1244 1095; x_wconf 75' lang='lat' dir='ltr'>articulos</span> <span class='ocrx_word' id='word_1_130' title='bbox 1273 1074 1336 1106; x_wconf 91' lang='lat' dir='ltr'>per</span> <span class='ocrx_word' id='word_1_131' title='bbox 1365 1074 1431 1094; x_wconf 90' lang='lat' dir='ltr'>nos</span> <span class='ocrx_word' id='word_1_132' title='bbox 1458 1062 1571 1094; x_wconf 76' lang='lat' dir='ltr'>veluti</span> <span class='ocrx_word' id='word_1_133' title='bbox 1599 1073 1776 1094; x_wconf 85' lang='lat' dir='ltr'>erroneos</span> <span class='ocrx_word' id='word_1_134' title='bbox 1802 1068 1836 1093; x_wconf 88' lang='lat' dir='ltr'>et</span> <span class='ocrx_word' id='word_1_135' title='bbox 1864 1061 1968 1093; x_wconf 91' lang='lat' dir='ltr'>etiam</span> <span class='ocrx_word' id='word_1_136' title='bbox 1996 1061 2133 1093; x_wconf 73' lang='lat' dir='ltr'>eisdem</span> 
     </span>
     <span class='ocr_line' id='line_1_13' title="bbox 270 1127 2135 1173; baseline -0.002 -11"><span class='ocrx_word' id='word_1_137' title='bbox 270 1130 472 1163; x_wconf 88' lang='lat' dir='ltr'>canonibus</span> <span class='ocrx_word' id='word_1_138' title='bbox 493 1130 697 1162; x_wconf 88' lang='lat' dir='ltr'>contrarios</span> <span class='ocrx_word' id='word_1_139' title='bbox 728 1136 866 1169; x_wconf 70' lang='lat' dir='ltr'>tenere,</span> <span class='ocrx_word' id='word_1_140' title='bbox 889 1130 1079 1162; x_wconf 83' lang='lat' dir='ltr'>adstruere</span> <span class='ocrx_word' id='word_1_141' title='bbox 1110 1129 1167 1162; x_wconf 91' lang='lat' dir='ltr'>vel</span> <span class='ocrx_word' id='word_1_142' title='bbox 1196 1129 1342 1169; x_wconf 66' lang='lat' dir='ltr'>docere,</span> <span class='ocrx_word' id='word_1_143' title='bbox 1370 1141 1513 1162; x_wconf 87' lang='lat' dir='ltr'>necnon</span> <span class='ocrx_word' id='word_1_144' title='bbox 1544 1129 1579 1161; x_wconf 93' lang='lat' dir='ltr'>in</span> <span class='ocrx_word' id='word_1_145' title='bbox 1610 1128 1674 1161; x_wconf 89' lang='lat' dir='ltr'>hac</span> <span class='ocrx_word' id='word_1_146' title='bbox 1701 1135 1801 1173; x_wconf 88' lang='lat' dir='ltr'>parte</span> <span class='ocrx_word' id='word_1_147' title='bbox 1830 1127 2026 1161; x_wconf 82' lang='lat' dir='ltr'>salubriter</span> <span class='ocrx_word' id='word_1_148' title='bbox 2053 1139 2135 1172; x_wconf 87' lang='lat' dir='ltr'>pro-</span> 
     </span>
     <span class='ocr_line' id='line_1_14' title="bbox 269 1194 2135 1240; baseline -0.002 -11"><span class='ocrx_word' id='word_1_149' title='bbox 269 1197 395 1229; x_wconf 90' lang='lat' dir='ltr'>videre</span> <span class='ocrx_word' id='word_1_150' title='bbox 422 1197 602 1237; x_wconf 77' lang='lat' dir='ltr'>volentes,</span> <span class='ocrx_word' id='word_1_151' title='bbox 633 1197 780 1229; x_wconf 88' lang='lat' dir='ltr'>eosdem</span> <span class='ocrx_word' id='word_1_152' title='bbox 811 1208 927 1229; x_wconf 86' lang='lat' dir='ltr'>novos</span> <span class='ocrx_word' id='word_1_153' title='bbox 955 1196 1141 1235; x_wconf 68' lang='lat' dir='ltr'>articulos,</span> <span class='ocrx_word' id='word_1_154' title='bbox 1172 1203 1206 1228; x_wconf 93' lang='lat' dir='ltr'>et</span> <span class='ocrx_word' id='word_1_155' title='bbox 1234 1207 1326 1240; x_wconf 89' lang='lat' dir='ltr'>quos</span> <span class='ocrx_word' id='word_1_156' title='bbox 1354 1208 1421 1228; x_wconf 90' lang='lat' dir='ltr'>nos</span> <span class='ocrx_word' id='word_1_157' title='bbox 1450 1196 1554 1228; x_wconf 90' lang='lat' dir='ltr'>etiam</span> <span class='ocrx_word' id='word_1_158' title='bbox 1585 1208 1654 1228; x_wconf 90' lang='lat' dir='ltr'>una</span> <span class='ocrx_word' id='word_1_159' title='bbox 1682 1207 1761 1228; x_wconf 91' lang='lat' dir='ltr'>cum</span> <span class='ocrx_word' id='word_1_160' title='bbox 1791 1194 1964 1227; x_wconf 87' lang='lat' dir='ltr'>fratribus</span> <span class='ocrx_word' id='word_1_161' title='bbox 1998 1194 2135 1227; x_wconf 90' lang='lat' dir='ltr'>nostris</span> 
     </span>
     <span class='ocr_line' id='line_1_15' title="bbox 272 1261 2135 1308; baseline -0.002 -12"><span class='ocrx_word' id='word_1_162' title='bbox 272 1264 304 1297; x_wconf 90' lang='lat' dir='ltr'>S.</span> <span class='ocrx_word' id='word_1_163' title='bbox 338 1265 378 1296; x_wconf 88' lang='lat' dir='ltr'>R.</span> <span class='ocrx_word' id='word_1_164' title='bbox 410 1265 448 1296; x_wconf 82' lang='lat' dir='ltr'>E.</span> <span class='ocrx_word' id='word_1_165' title='bbox 479 1263 726 1296; x_wconf 84' lang='lat' dir='ltr'>cardinalibus</span> <span class='ocrx_word' id='word_1_166' title='bbox 757 1270 910 1303; x_wconf 71' lang='lat' dir='ltr'>mature,</span> <span class='ocrx_word' id='word_1_167' title='bbox 940 1270 1045 1308; x_wconf 91' lang='lat' dir='ltr'>prout</span> <span class='ocrx_word' id='word_1_168' title='bbox 1077 1263 1163 1296; x_wconf 92' lang='lat' dir='ltr'>tanti</span> <span class='ocrx_word' id='word_1_169' title='bbox 1196 1263 1334 1308; x_wconf 88' lang='lat' dir='ltr'>negotii</span> <span class='ocrx_word' id='word_1_170' title='bbox 1363 1263 1516 1307; x_wconf 85' lang='lat' dir='ltr'>qualitas</span> <span class='ocrx_word' id='word_1_171' title='bbox 1545 1263 1668 1307; x_wconf 67' lang='lat' dir='ltr'>exigit,</span> <span class='ocrx_word' id='word_1_172' title='bbox 1706 1262 1863 1295; x_wconf 83' lang='lat' dir='ltr'>vidimus</span> <span class='ocrx_word' id='word_1_173' title='bbox 1893 1268 1928 1294; x_wconf 90' lang='lat' dir='ltr'>et</span> <span class='ocrx_word' id='word_1_174' title='bbox 1957 1261 2135 1294; x_wconf 87' lang='lat' dir='ltr'>examina-</span> 
     </span>
     <span class='ocr_line' id='line_1_16' title="bbox 270 1328 2134 1375; baseline -0.002 -12"><span class='ocrx_word' id='word_1_175' title='bbox 270 1331 402 1369; x_wconf 63' lang='lat' dir='ltr'>vimus,</span> <span class='ocrx_word' id='word_1_176' title='bbox 432 1342 575 1363; x_wconf 87' lang='lat' dir='ltr'>necnon</span> <span class='ocrx_word' id='word_1_177' title='bbox 604 1330 709 1363; x_wconf 89' lang='lat' dir='ltr'>etiam</span> <span class='ocrx_word' id='word_1_178' title='bbox 742 1342 806 1375; x_wconf 88' lang='lat' dir='ltr'>per</span> <span class='ocrx_word' id='word_1_179' title='bbox 832 1330 1028 1375; x_wconf 88' lang='lat' dir='ltr'>plerosque</span> <span class='ocrx_word' id='word_1_180' title='bbox 1056 1330 1091 1362; x_wconf 95' lang='lat' dir='ltr'>in</span> <span class='ocrx_word' id='word_1_181' title='bbox 1124 1342 1222 1362; x_wconf 82' lang='lat' dir='ltr'>sacra</span> <span class='ocrx_word' id='word_1_182' title='bbox 1256 1329 1439 1374; x_wconf 84' lang='lat' dir='ltr'>theologia</span> <span class='ocrx_word' id='word_1_183' title='bbox 1462 1329 1658 1373; x_wconf 85' lang='lat' dir='ltr'>magistros</span> <span class='ocrx_word' id='word_1_184' title='bbox 1689 1341 1727 1361; x_wconf 92' lang='lat' dir='ltr'>ac</span> <span class='ocrx_word' id='word_1_185' title='bbox 1758 1328 1931 1372; x_wconf 88' lang='lat' dir='ltr'>quosdam</span> <span class='ocrx_word' id='word_1_186' title='bbox 1965 1328 2134 1360; x_wconf 85' lang='lat' dir='ltr'>doctores</span> 
     </span>
     <span class='ocr_line' id='line_1_17' title="bbox 271 1395 2134 1442; baseline -0.002 -12"><span class='ocrx_word' id='word_1_187' title='bbox 271 1397 308 1430; x_wconf 91' lang='lat' dir='ltr'>in</span> <span class='ocrx_word' id='word_1_188' title='bbox 333 1398 416 1442; x_wconf 88' lang='lat' dir='ltr'>jure</span> <span class='ocrx_word' id='word_1_189' title='bbox 443 1397 618 1430; x_wconf 87' lang='lat' dir='ltr'>canonico</span> <span class='ocrx_word' id='word_1_190' title='bbox 653 1397 840 1430; x_wconf 80' lang='lat' dir='ltr'>recenseri</span> <span class='ocrx_word' id='word_1_191' title='bbox 868 1397 1021 1430; x_wconf 84' lang='lat' dir='ltr'>fecimus</span> <span class='ocrx_word' id='word_1_192' title='bbox 1051 1397 1259 1442; x_wconf 76' lang='lat' dir='ltr'>diligenter7</span> <span class='ocrx_word' id='word_1_193' title='bbox 1297 1408 1361 1441; x_wconf 91' lang='lat' dir='ltr'>per</span> <span class='ocrx_word' id='word_1_194' title='bbox 1389 1408 1493 1441; x_wconf 89' lang='lat' dir='ltr'>quam</span> <span class='ocrx_word' id='word_1_195' title='bbox 1522 1396 1668 1440; x_wconf 91' lang='lat' dir='ltr'>quidem</span> <span class='ocrx_word' id='word_1_196' title='bbox 1700 1395 1999 1428; x_wconf 81' lang='lat' dir='ltr'>examinationem</span> <span class='ocrx_word' id='word_1_197' title='bbox 2031 1406 2134 1439; x_wconf 90' lang='lat' dir='ltr'>repe—</span> 
     </span>
     <span class='ocr_line' id='line_1_18' title="bbox 271 1462 2135 1509; baseline -0.002 -12"><span class='ocrx_word' id='word_1_198' title='bbox 271 1464 385 1497; x_wconf 90' lang='lat' dir='ltr'>rimus</span> <span class='ocrx_word' id='word_1_199' title='bbox 415 1464 521 1497; x_wconf 85' lang='lat' dir='ltr'>etiam</span> <span class='ocrx_word' id='word_1_200' title='bbox 551 1464 653 1509; x_wconf 86' lang='lat' dir='ltr'>ipsos</span> <span class='ocrx_word' id='word_1_201' title='bbox 675 1476 790 1497; x_wconf 91' lang='lat' dir='ltr'>novos</span> <span class='ocrx_word' id='word_1_202' title='bbox 816 1464 930 1497; x_wconf 79' lang='lat' dir='ltr'>fuisse</span> <span class='ocrx_word' id='word_1_203' title='bbox 961 1471 995 1497; x_wconf 86' lang='lat' dir='ltr'>et</span> <span class='ocrx_word' id='word_1_204' title='bbox 1025 1476 1108 1497; x_wconf 90' lang='lat' dir='ltr'>esse</span> <span class='ocrx_word' id='word_1_205' title='bbox 1139 1464 1263 1504; x_wconf 73' lang='lat' dir='ltr'>falsos,</span> <span class='ocrx_word' id='word_1_206' title='bbox 1289 1463 1465 1496; x_wconf 91' lang='lat' dir='ltr'>confictos</span> <span class='ocrx_word' id='word_1_207' title='bbox 1487 1469 1521 1496; x_wconf 88' lang='lat' dir='ltr'>et</span> <span class='ocrx_word' id='word_1_208' title='bbox 1547 1474 1735 1502; x_wconf 75' lang='lat' dir='ltr'>erroneos,</span> <span class='ocrx_word' id='word_1_209' title='bbox 1760 1475 1799 1494; x_wconf 91' lang='lat' dir='ltr'>ac</span> <span class='ocrx_word' id='word_1_210' title='bbox 1821 1462 1956 1495; x_wconf 89' lang='lat' dir='ltr'>eisdem</span> <span class='ocrx_word' id='word_1_211' title='bbox 1988 1462 2135 1494; x_wconf 85' lang='lat' dir='ltr'>canoni-</span> 
     </span>
     <span class='ocr_line' id='line_1_19' title="bbox 271 1529 2135 1576; baseline -0.002 -12"><span class='ocrx_word' id='word_1_212' title='bbox 271 1532 339 1564; x_wconf 85' lang='lat' dir='ltr'>bus</span> <span class='ocrx_word' id='word_1_213' title='bbox 368 1531 584 1573; x_wconf 71' lang='lat' dir='ltr'>contrarios,</span> <span class='ocrx_word' id='word_1_214' title='bbox 612 1538 646 1564; x_wconf 87' lang='lat' dir='ltr'>et</span> <span class='ocrx_word' id='word_1_215' title='bbox 675 1538 868 1576; x_wconf 88' lang='lat' dir='ltr'>propterea</span> <span class='ocrx_word' id='word_1_216' title='bbox 899 1531 1000 1576; x_wconf 89' lang='lat' dir='ltr'>ipsos</span> <span class='ocrx_word' id='word_1_217' title='bbox 1022 1538 1058 1563; x_wconf 93' lang='lat' dir='ltr'>ut</span> <span class='ocrx_word' id='word_1_218' title='bbox 1088 1531 1177 1563; x_wconf 89' lang='lat' dir='ltr'>tales</span> <span class='ocrx_word' id='word_1_219' title='bbox 1206 1531 1250 1563; x_wconf 89' lang='lat' dir='ltr'>de</span> <span class='ocrx_word' id='word_1_220' title='bbox 1272 1530 1471 1563; x_wconf 92' lang='lat' dir='ltr'>eorundem</span> <span class='ocrx_word' id='word_1_221' title='bbox 1501 1531 1647 1562; x_wconf 82' lang='lat' dir='ltr'>fratrum</span> <span class='ocrx_word' id='word_1_222' title='bbox 1677 1529 1832 1562; x_wconf 87' lang='lat' dir='ltr'>consilio</span> <span class='ocrx_word' id='word_1_223' title='bbox 1863 1529 2074 1561; x_wconf 86' lang='lat' dir='ltr'>damnamus</span> <span class='ocrx_word' id='word_1_224' title='bbox 2101 1535 2135 1561; x_wconf 90' lang='lat' dir='ltr'>et</span> 
     </span>
     <span class='ocr_line' id='line_1_20' title="bbox 271 1595 2133 1643; baseline -0.002 -12"><span class='ocrx_word' id='word_1_225' title='bbox 271 1598 522 1643; x_wconf 67' lang='lat' dir='ltr'>reprobamus,</span> <span class='ocrx_word' id='word_1_226' title='bbox 544 1599 710 1632; x_wconf 87' lang='lat' dir='ltr'>volentes</span> <span class='ocrx_word' id='word_1_227' title='bbox 733 1599 829 1643; x_wconf 91' lang='lat' dir='ltr'>quod</span> <span class='ocrx_word' id='word_1_228' title='bbox 861 1599 891 1631; x_wconf 87' lang='lat' dir='ltr'>si</span> <span class='ocrx_word' id='word_1_229' title='bbox 919 1599 1001 1643; x_wconf 90' lang='lat' dir='ltr'>quis</span> <span class='ocrx_word' id='word_1_230' title='bbox 1030 1599 1204 1643; x_wconf 85' lang='lat' dir='ltr'>deinceps</span> <span class='ocrx_word' id='word_1_231' title='bbox 1230 1598 1414 1642; x_wconf 88' lang='lat' dir='ltr'>predictos</span> <span class='ocrx_word' id='word_1_232' title='bbox 1440 1597 1613 1630; x_wconf 85' lang='lat' dir='ltr'>articulos</span> <span class='ocrx_word' id='word_1_233' title='bbox 1643 1608 1808 1629; x_wconf 87' lang='lat' dir='ltr'>asserere</span> <span class='ocrx_word' id='word_1_234' title='bbox 1839 1603 1899 1628; x_wconf 92' lang='lat' dir='ltr'>aut</span> <span class='ocrx_word' id='word_1_235' title='bbox 1933 1597 1969 1628; x_wconf 88' lang='lat' dir='ltr'>in</span> <span class='ocrx_word' id='word_1_236' title='bbox 1997 1595 2133 1628; x_wconf 88' lang='lat' dir='ltr'>scholis</span> 
     </span>
     <span class='ocr_line' id='line_1_21' title="bbox 270 1663 2133 1711; baseline -0.002 -13"><span class='ocrx_word' id='word_1_237' title='bbox 270 1665 327 1698; x_wconf 94' lang='lat' dir='ltr'>vel</span> <span class='ocrx_word' id='word_1_238' title='bbox 357 1665 443 1698; x_wconf 90' lang='lat' dir='ltr'>alibi</span> <span class='ocrx_word' id='word_1_239' title='bbox 471 1666 649 1711; x_wconf 71' lang='lat' dir='ltr'>glossare,</span> <span class='ocrx_word' id='word_1_240' title='bbox 674 1666 871 1698; x_wconf 83' lang='lat' dir='ltr'>defendere</span> <span class='ocrx_word' id='word_1_241' title='bbox 900 1678 963 1698; x_wconf 89' lang='lat' dir='ltr'>seu</span> <span class='ocrx_word' id='word_1_242' title='bbox 994 1673 1117 1698; x_wconf 89' lang='lat' dir='ltr'>tenere</span> <span class='ocrx_word' id='word_1_243' title='bbox 1146 1672 1205 1698; x_wconf 87' lang='lat' dir='ltr'>aut</span> <span class='ocrx_word' id='word_1_244' title='bbox 1237 1665 1424 1709; x_wconf 87' lang='lat' dir='ltr'>predicare</span> <span class='ocrx_word' id='word_1_245' title='bbox 1457 1664 1733 1709; x_wconf 71' lang='lat' dir='ltr'>presumpserit7</span> <span class='ocrx_word' id='word_1_246' title='bbox 1760 1670 1924 1708; x_wconf 85' lang='lat' dir='ltr'>tanquam</span> <span class='ocrx_word' id='word_1_247' title='bbox 1950 1663 2133 1695; x_wconf 84' lang='lat' dir='ltr'>hereticus</span> 
     </span>
     <span class='ocr_line' id='line_1_22' title="bbox 271 1730 2133 1776; baseline -0.003 -10"><span class='ocrx_word' id='word_1_248' title='bbox 271 1733 317 1765; x_wconf 83' lang='lat' dir='ltr'>sit</span> <span class='ocrx_word' id='word_1_249' title='bbox 338 1733 546 1766; x_wconf 87' lang='lat' dir='ltr'>censendus</span> <span class='ocrx_word' id='word_1_250' title='bbox 574 1740 610 1766; x_wconf 87' lang='lat' dir='ltr'>et</span> <span class='ocrx_word' id='word_1_251' title='bbox 637 1733 1022 1766; x_wconf 86' lang='lat' dir='ltr'>excommunicationis</span> <span class='ocrx_word' id='word_1_252' title='bbox 1051 1733 1267 1765; x_wconf 85' lang='lat' dir='ltr'>sententiam</span> <span class='ocrx_word' id='word_1_253' title='bbox 1290 1733 1451 1764; x_wconf 88' lang='lat' dir='ltr'>incurrat</span> <span class='ocrx_word' id='word_1_254' title='bbox 1475 1732 1556 1776; x_wconf 89' lang='lat' dir='ltr'>ipso</span> <span class='ocrx_word' id='word_1_255' title='bbox 1584 1732 1690 1772; x_wconf 62' lang='lat' dir='ltr'>facto,</span> <span class='ocrx_word' id='word_1_256' title='bbox 1713 1744 1729 1763; x_wconf 96' lang='lat' dir='ltr'>a</span> <span class='ocrx_word' id='word_1_257' title='bbox 1757 1743 1825 1775; x_wconf 92' lang='lat' dir='ltr'>qua</span> <span class='ocrx_word' id='word_1_258' title='bbox 1854 1730 1923 1762; x_wconf 90' lang='lat' dir='ltr'>nisi</span> <span class='ocrx_word' id='word_1_259' title='bbox 1946 1742 2009 1774; x_wconf 89' lang='lat' dir='ltr'>per</span> <span class='ocrx_word' id='word_1_260' title='bbox 2036 1741 2133 1762; x_wconf 87' lang='lat' dir='ltr'>sum-</span> 
     </span>
     <span class='ocr_line' id='line_1_23' title="bbox 272 1797 2133 1845; baseline -0.002 -13"><span class='ocrx_word' id='word_1_261' title='bbox 272 1812 366 1832; x_wconf 88' lang='lat' dir='ltr'>mum</span> <span class='ocrx_word' id='word_1_262' title='bbox 395 1800 616 1845; x_wconf 72' lang='lat' dir='ltr'>pontificem,</span> <span class='ocrx_word' id='word_1_263' title='bbox 654 1807 882 1845; x_wconf 89' lang='lat' dir='ltr'>preterquam</span> <span class='ocrx_word' id='word_1_264' title='bbox 913 1800 948 1832; x_wconf 93' lang='lat' dir='ltr'>in</span> <span class='ocrx_word' id='word_1_265' title='bbox 982 1800 1109 1833; x_wconf 91' lang='lat' dir='ltr'>mortis</span> <span class='ocrx_word' id='word_1_266' title='bbox 1141 1799 1293 1832; x_wconf 85' lang='lat' dir='ltr'>articulo</span> <span class='ocrx_word' id='word_1_267' title='bbox 1323 1811 1395 1831; x_wconf 92' lang='lat' dir='ltr'>non</span> <span class='ocrx_word' id='word_1_268' title='bbox 1424 1799 1540 1843; x_wconf 89' lang='lat' dir='ltr'>possit</span> <span class='ocrx_word' id='word_1_269' title='bbox 1574 1798 1727 1831; x_wconf 88' lang='lat' dir='ltr'>absolvi.</span> <span class='ocrx_word' id='word_1_270' title='bbox 1769 1797 1946 1840; x_wconf 80' lang='lat' dir='ltr'>Quocirca</span> <span class='ocrx_word' id='word_1_271' title='bbox 1980 1797 2133 1830; x_wconf 83' lang='lat' dir='ltr'>Univer-</span> 
     </span>
     <span class='ocr_line' id='line_1_24' title="bbox 270 1864 2132 1912; baseline -0.002 -13"><span class='ocrx_word' id='word_1_272' title='bbox 270 1867 366 1900; x_wconf 88' lang='lat' dir='ltr'>sitati</span> <span class='ocrx_word' id='word_1_273' title='bbox 386 1874 507 1900; x_wconf 86' lang='lat' dir='ltr'>vestre</span> <span class='ocrx_word' id='word_1_274' title='bbox 529 1867 753 1906; x_wconf 71' lang='lat' dir='ltr'>mandamus,</span> <span class='ocrx_word' id='word_1_275' title='bbox 773 1874 952 1912; x_wconf 87' lang='lat' dir='ltr'>quatenus</span> <span class='ocrx_word' id='word_1_276' title='bbox 970 1867 1131 1900; x_wconf 85' lang='lat' dir='ltr'>universi</span> <span class='ocrx_word' id='word_1_277' title='bbox 1154 1873 1188 1899; x_wconf 91' lang='lat' dir='ltr'>et</span> <span class='ocrx_word' id='word_1_278' title='bbox 1209 1866 1345 1911; x_wconf 84' lang='lat' dir='ltr'>singuli</span> <span class='ocrx_word' id='word_1_279' title='bbox 1366 1873 1541 1907; x_wconf 76' lang='lat' dir='ltr'>vestrum7</span> <span class='ocrx_word' id='word_1_280' title='bbox 1560 1871 1756 1898; x_wconf 84' lang='lat' dir='ltr'>convocato</span> <span class='ocrx_word' id='word_1_281' title='bbox 1778 1864 1874 1897; x_wconf 91' lang='lat' dir='ltr'>clero</span> <span class='ocrx_word' id='word_1_282' title='bbox 1897 1864 2076 1897; x_wconf 87' lang='lat' dir='ltr'>civitatum</span> <span class='ocrx_word' id='word_1_283' title='bbox 2100 1870 2132 1896; x_wconf 94' lang='lat' dir='ltr'>et</span> 
     </span>
     <span class='ocr_line' id='line_1_25' title="bbox 270 1931 2133 1979; baseline -0.003 -12"><span class='ocrx_word' id='word_1_284' title='bbox 270 1934 477 1967; x_wconf 86' lang='lat' dir='ltr'>dioceseum</span> <span class='ocrx_word' id='word_1_285' title='bbox 496 1941 713 1975; x_wconf 69' lang='lat' dir='ltr'>vestrarum,</span> <span class='ocrx_word' id='word_1_286' title='bbox 736 1935 789 1967; x_wconf 90' lang='lat' dir='ltr'>eis</span> <span class='ocrx_word' id='word_1_287' title='bbox 808 1934 983 1979; x_wconf 85' lang='lat' dir='ltr'>premissa</span> <span class='ocrx_word' id='word_1_288' title='bbox 1001 1934 1120 1966; x_wconf 91' lang='lat' dir='ltr'>omnia</span> <span class='ocrx_word' id='word_1_289' title='bbox 1138 1941 1171 1966; x_wconf 88' lang='lat' dir='ltr'>et</span> <span class='ocrx_word' id='word_1_290' title='bbox 1192 1933 1337 1978; x_wconf 82' lang='lat' dir='ltr'>singula</span> <span class='ocrx_word' id='word_1_291' title='bbox 1355 1945 1418 1977; x_wconf 89' lang='lat' dir='ltr'>per</span> <span class='ocrx_word' id='word_1_292' title='bbox 1434 1945 1499 1965; x_wconf 88' lang='lat' dir='ltr'>vos</span> <span class='ocrx_word' id='word_1_293' title='bbox 1520 1932 1577 1965; x_wconf 80' lang='lat' dir='ltr'>vel</span> <span class='ocrx_word' id='word_1_294' title='bbox 1598 1932 1702 1973; x_wconf 72' lang='lat' dir='ltr'>alios,</span> <span class='ocrx_word' id='word_1_295' title='bbox 1721 1931 1781 1964; x_wconf 93' lang='lat' dir='ltr'>ubi</span> <span class='ocrx_word' id='word_1_296' title='bbox 1802 1938 1837 1964; x_wconf 89' lang='lat' dir='ltr'>et</span> <span class='ocrx_word' id='word_1_297' title='bbox 1857 1931 2001 1975; x_wconf 88' lang='lat' dir='ltr'>quando</span> <span class='ocrx_word' id='word_1_298' title='bbox 2023 1943 2133 1975; x_wconf 86' lang='lat' dir='ltr'>super</span> 
     </span>
     <span class='ocr_line' id='line_1_26' title="bbox 269 1998 2132 2046; baseline -0.003 -12"><span class='ocrx_word' id='word_1_299' title='bbox 269 2001 337 2034; x_wconf 93' lang='lat' dir='ltr'>hoc</span> <span class='ocrx_word' id='word_1_300' title='bbox 359 2013 423 2046; x_wconf 88' lang='lat' dir='ltr'>per</span> <span class='ocrx_word' id='word_1_301' title='bbox 440 2002 587 2034; x_wconf 88' lang='lat' dir='ltr'>eosdem</span> <span class='ocrx_word' id='word_1_302' title='bbox 606 2002 735 2034; x_wconf 85' lang='lat' dir='ltr'>fratres</span> <span class='ocrx_word' id='word_1_303' title='bbox 758 2014 821 2034; x_wconf 88' lang='lat' dir='ltr'>seu</span> <span class='ocrx_word' id='word_1_304' title='bbox 840 2014 963 2034; x_wconf 86' lang='lat' dir='ltr'>eorum</span> <span class='ocrx_word' id='word_1_305' title='bbox 988 2001 1142 2046; x_wconf 78' lang='lat' dir='ltr'>aliquem</span> <span class='ocrx_word' id='word_1_306' title='bbox 1165 2007 1223 2033; x_wconf 87' lang='lat' dir='ltr'>aut</span> <span class='ocrx_word' id='word_1_307' title='bbox 1247 2000 1388 2045; x_wconf 91' lang='lat' dir='ltr'>aliquos</span> <span class='ocrx_word' id='word_1_308' title='bbox 1411 1999 1578 2044; x_wconf 88' lang='lat' dir='ltr'>requisiti</span> <span class='ocrx_word' id='word_1_309' title='bbox 1597 1999 1752 2039; x_wconf 66' lang='lat' dir='ltr'>fueritis,</span> <span class='ocrx_word' id='word_1_310' title='bbox 1776 1998 1987 2031; x_wconf 87' lang='lat' dir='ltr'>auctoritate</span> <span class='ocrx_word' id='word_1_311' title='bbox 2010 2004 2132 2029; x_wconf 89' lang='lat' dir='ltr'>nostra</span> 
     </span>
     <span class='ocr_line' id='line_1_27' title="bbox 270 2065 2134 2113; baseline -0.003 -12"><span class='ocrx_word' id='word_1_312' title='bbox 270 2068 482 2101; x_wconf 91' lang='lat' dir='ltr'>solemniter</span> <span class='ocrx_word' id='word_1_313' title='bbox 504 2068 697 2113; x_wconf 87' lang='lat' dir='ltr'>publicetis</span> <span class='ocrx_word' id='word_1_314' title='bbox 719 2081 757 2101; x_wconf 92' lang='lat' dir='ltr'>ac</span> <span class='ocrx_word' id='word_1_315' title='bbox 779 2069 883 2101; x_wconf 89' lang='lat' dir='ltr'>etiam</span> <span class='ocrx_word' id='word_1_316' title='bbox 904 2081 966 2113; x_wconf 89' lang='lat' dir='ltr'>per</span> <span class='ocrx_word' id='word_1_317' title='bbox 984 2075 1143 2101; x_wconf 84' lang='lat' dir='ltr'>rectores</span> <span class='ocrx_word' id='word_1_318' title='bbox 1165 2068 1323 2112; x_wconf 78' lang='lat' dir='ltr'>ipsarum</span> <span class='ocrx_word' id='word_1_319' title='bbox 1347 2066 1877 2112; x_wconf 67' lang='lat' dir='ltr'>parochialium&#39;ecclesiarum,</span> <span class='ocrx_word' id='word_1_320' title='bbox 1895 2065 2076 2097; x_wconf 86' lang='lat' dir='ltr'>civitatum</span> <span class='ocrx_word' id='word_1_321' title='bbox 2100 2071 2134 2096; x_wconf 90' lang='lat' dir='ltr'>et</span> 
     </span>
     <span class='ocr_line' id='line_1_28' title="bbox 269 2132 2132 2180; baseline -0.003 -12"><span class='ocrx_word' id='word_1_322' title='bbox 269 2136 477 2168; x_wconf 90' lang='lat' dir='ltr'>dioceseum</span> <span class='ocrx_word' id='word_1_323' title='bbox 505 2136 720 2180; x_wconf 89' lang='lat' dir='ltr'>prefatarum</span> <span class='ocrx_word' id='word_1_324' title='bbox 747 2136 783 2168; x_wconf 91' lang='lat' dir='ltr'>in</span> <span class='ocrx_word' id='word_1_325' title='bbox 809 2135 1019 2180; x_wconf 90' lang='lat' dir='ltr'>hujusmodi</span> <span class='ocrx_word' id='word_1_326' title='bbox 1047 2134 1314 2180; x_wconf 85' lang='lat' dir='ltr'>parochialibus</span> <span class='ocrx_word' id='word_1_327' title='bbox 1343 2134 1510 2166; x_wconf 84' lang='lat' dir='ltr'>ecclesiis</span> <span class='ocrx_word' id='word_1_328' title='bbox 1538 2133 1715 2178; x_wconf 89' lang='lat' dir='ltr'>publicari</span> <span class='ocrx_word' id='word_1_329' title='bbox 1741 2132 1890 2171; x_wconf 67' lang='lat' dir='ltr'>faciatis,</span> <span class='ocrx_word' id='word_1_330' title='bbox 1919 2138 1951 2164; x_wconf 91' lang='lat' dir='ltr'>et</span> <span class='ocrx_word' id='word_1_331' title='bbox 1982 2132 2011 2163; x_wconf 81' lang='lat' dir='ltr'>si</span> <span class='ocrx_word' id='word_1_332' title='bbox 2041 2143 2132 2175; x_wconf 87' lang='lat' dir='ltr'>quos</span> 
     </span>
     <span class='ocr_line' id='line_1_29' title="bbox 269 2198 2131 2247; baseline -0.003 -12"><span class='ocrx_word' id='word_1_333' title='bbox 269 2203 391 2235; x_wconf 89' lang='lat' dir='ltr'>forsan</span> <span class='ocrx_word' id='word_1_334' title='bbox 419 2202 630 2247; x_wconf 86' lang='lat' dir='ltr'>hujusmodi</span> <span class='ocrx_word' id='word_1_335' title='bbox 663 2203 850 2235; x_wconf 89' lang='lat' dir='ltr'>damnatos</span> <span class='ocrx_word' id='word_1_336' title='bbox 880 2202 1052 2235; x_wconf 79' lang='lat' dir='ltr'>articulos</span> <span class='ocrx_word' id='word_1_337' title='bbox 1082 2214 1195 2235; x_wconf 81' lang='lat' dir='ltr'>novos</span> <span class='ocrx_word' id='word_1_338' title='bbox 1227 2208 1260 2234; x_wconf 90' lang='lat' dir='ltr'>et</span> <span class='ocrx_word' id='word_1_339' title='bbox 1291 2208 1434 2234; x_wconf 81' lang='lat' dir='ltr'>veteres</span> <span class='ocrx_word' id='word_1_340' title='bbox 1465 2207 1524 2233; x_wconf 92' lang='lat' dir='ltr'>aut</span> <span class='ocrx_word' id='word_1_341' title='bbox 1547 2212 1671 2233; x_wconf 90' lang='lat' dir='ltr'>eorum</span> <span class='ocrx_word' id='word_1_342' title='bbox 1703 2200 1858 2244; x_wconf 81' lang='lat' dir='ltr'>aliquem</span> <span class='ocrx_word' id='word_1_343' title='bbox 1891 2210 1954 2230; x_wconf 82' lang='lat' dir='ltr'>seu</span> <span class='ocrx_word' id='word_1_344' title='bbox 1990 2198 2131 2242; x_wconf 87' lang='lat' dir='ltr'>aliquos</span> 
     </span>
     <span class='ocr_line' id='line_1_30' title="bbox 267 2266 2129 2314; baseline -0.004 -11"><span class='ocrx_word' id='word_1_345' title='bbox 267 2276 431 2302; x_wconf 88' lang='lat' dir='ltr'>astruere</span> <span class='ocrx_word' id='word_1_346' title='bbox 452 2270 509 2302; x_wconf 88' lang='lat' dir='ltr'>vel</span> <span class='ocrx_word' id='word_1_347' title='bbox 527 2276 650 2302; x_wconf 90' lang='lat' dir='ltr'>tenere</span> <span class='ocrx_word' id='word_1_348' title='bbox 672 2270 748 2303; x_wconf 89' lang='lat' dir='ltr'>sive</span> <span class='ocrx_word' id='word_1_349' title='bbox 770 2270 957 2314; x_wconf 90' lang='lat' dir='ltr'>predicare</span> <span class='ocrx_word' id='word_1_350' title='bbox 977 2270 1201 2314; x_wconf 63' lang='lat' dir='ltr'>repereritis,</span> <span class='ocrx_word' id='word_1_351' title='bbox 1220 2276 1343 2301; x_wconf 91' lang='lat' dir='ltr'>contra</span> <span class='ocrx_word' id='word_1_352' title='bbox 1361 2268 1445 2300; x_wconf 90' lang='lat' dir='ltr'>illos</span> <span class='ocrx_word' id='word_1_353' title='bbox 1467 2267 1707 2300; x_wconf 86' lang='lat' dir='ltr'>communiter</span> <span class='ocrx_word' id='word_1_354' title='bbox 1723 2266 1778 2299; x_wconf 78' lang='lat' dir='ltr'>vel</span> <span class='ocrx_word' id='word_1_355' title='bbox 1801 2266 1943 2298; x_wconf 80' lang='lat' dir='ltr'>divisim</span> <span class='ocrx_word' id='word_1_356' title='bbox 1964 2271 2129 2309; x_wconf 90' lang='lat' dir='ltr'>tanquam</span> 
     </span>
     <span class='ocr_line' id='line_1_31' title="bbox 269 2332 2130 2382; baseline -0.004 -13"><span class='ocrx_word' id='word_1_357' title='bbox 269 2336 454 2369; x_wconf 88' lang='lat' dir='ltr'>hereticos</span> <span class='ocrx_word' id='word_1_358' title='bbox 476 2349 540 2369; x_wconf 86' lang='lat' dir='ltr'>seu</span> <span class='ocrx_word' id='word_1_359' title='bbox 563 2337 607 2369; x_wconf 90' lang='lat' dir='ltr'>de</span> <span class='ocrx_word' id='word_1_360' title='bbox 624 2337 798 2370; x_wconf 85' lang='lat' dir='ltr'>catholica</span> <span class='ocrx_word' id='word_1_361' title='bbox 816 2337 886 2369; x_wconf 87' lang='lat' dir='ltr'>fide</span> <span class='ocrx_word' id='word_1_362' title='bbox 905 2344 1097 2382; x_wconf 83' lang='lat' dir='ltr'>suspectos</span> <span class='ocrx_word' id='word_1_363' title='bbox 1115 2336 1327 2381; x_wconf 60' lang='lat' dir='ltr'>procedere„</span> <span class='ocrx_word' id='word_1_364' title='bbox 1347 2347 1489 2368; x_wconf 89' lang='lat' dir='ltr'>necnon</span> <span class='ocrx_word' id='word_1_365' title='bbox 1507 2335 1608 2379; x_wconf 86' lang='lat' dir='ltr'>ipsos</span> <span class='ocrx_word' id='word_1_366' title='bbox 1625 2341 1800 2366; x_wconf 90' lang='lat' dir='ltr'>eteorum</span> <span class='ocrx_word' id='word_1_367' title='bbox 1819 2332 2130 2377; x_wconf 80' lang='lat' dir='ltr'>quenilibetjuxta</span> 
     </span>
     <span class='ocr_line' id='line_1_32' title="bbox 270 2399 2130 2448; baseline -0.004 -12"><span class='ocrx_word' id='word_1_368' title='bbox 270 2410 448 2436; x_wconf 87' lang='lat' dir='ltr'>tantorum</span> <span class='ocrx_word' id='word_1_369' title='bbox 485 2416 700 2436; x_wconf 85' lang='lat' dir='ltr'>excessuum</span> <span class='ocrx_word' id='word_1_370' title='bbox 736 2404 942 2447; x_wconf 87' lang='lat' dir='ltr'>qualitatem</span> <span class='ocrx_word' id='word_1_371' title='bbox 984 2416 1048 2448; x_wconf 91' lang='lat' dir='ltr'>per</span> <span class='ocrx_word' id='word_1_372' title='bbox 1077 2415 1267 2436; x_wconf 83' lang='lat' dir='ltr'>censuram</span> <span class='ocrx_word' id='word_1_373' title='bbox 1303 2402 1585 2435; x_wconf 85' lang='lat' dir='ltr'>ecclesiasticam</span> <span class='ocrx_word' id='word_1_374' title='bbox 1622 2407 1656 2433; x_wconf 91' lang='lat' dir='ltr'>et</span> <span class='ocrx_word' id='word_1_375' title='bbox 1692 2400 1759 2432; x_wconf 92' lang='lat' dir='ltr'>alia</span> <span class='ocrx_word' id='word_1_376' title='bbox 1793 2399 1888 2443; x_wconf 88' lang='lat' dir='ltr'>juris</span> <span class='ocrx_word' id='word_1_377' title='bbox 1927 2405 2130 2443; x_wconf 85' lang='lat' dir='ltr'>opportuna</span> 
     </span>
     <span class='ocr_line' id='line_1_33' title="bbox 271 2465 2129 2515; baseline -0.004 -13"><span class='ocrx_word' id='word_1_378' title='bbox 271 2470 428 2503; x_wconf 90' lang='lat' dir='ltr'>remedia</span> <span class='ocrx_word' id='word_1_379' title='bbox 450 2471 661 2503; x_wconf 87' lang='lat' dir='ltr'>auctoritate</span> <span class='ocrx_word' id='word_1_380' title='bbox 688 2471 848 2515; x_wconf 86' lang='lat' dir='ltr'>predicta</span> <span class='ocrx_word' id='word_1_381' title='bbox 869 2483 1116 2515; x_wconf 74' lang='lat' dir='ltr'>compescere,</span> <span class='ocrx_word' id='word_1_382' title='bbox 1140 2482 1282 2502; x_wconf 93' lang='lat' dir='ltr'>necnon</span> <span class='ocrx_word' id='word_1_383' title='bbox 1310 2469 1353 2502; x_wconf 89' lang='lat' dir='ltr'>ad</span> <span class='ocrx_word' id='word_1_384' title='bbox 1378 2468 1647 2501; x_wconf 83' lang='lat' dir='ltr'>observandum</span> <span class='ocrx_word' id='word_1_385' title='bbox 1677 2467 1804 2499; x_wconf 86' lang='lat' dir='ltr'>dictam</span> <span class='ocrx_word' id='word_1_386' title='bbox 1835 2465 2129 2497; x_wconf 80' lang='lat' dir='ltr'>constitutionem</span> 
     </span>
     <span class='ocr_line' id='line_1_34' title="bbox 270 2531 2129 2582; baseline -0.004 -12"><span class='ocrx_word' id='word_1_387' title='bbox 270 2538 397 2582; x_wconf 91' lang='lat' dir='ltr'>prefati</span> <span class='ocrx_word' id='word_1_388' title='bbox 429 2537 604 2570; x_wconf 86' lang='lat' dir='ltr'>Bonifacii</span> <span class='ocrx_word' id='word_1_389' title='bbox 635 2537 911 2582; x_wconf 79' lang='lat' dir='ltr'>predecessoris</span> <span class='ocrx_word' id='word_1_390' title='bbox 934 2539 1035 2581; x_wconf 84' lang='lat' dir='ltr'>juxta</span> <span class='ocrx_word' id='word_1_391' title='bbox 1068 2538 1147 2580; x_wconf 86' lang='lat' dir='ltr'>ejus</span> <span class='ocrx_word' id='word_1_392' title='bbox 1179 2544 1340 2569; x_wconf 88' lang='lat' dir='ltr'>tenorem</span> <span class='ocrx_word' id='word_1_393' title='bbox 1372 2535 1592 2579; x_wconf 85' lang='lat' dir='ltr'>compellere</span> <span class='ocrx_word' id='word_1_394' title='bbox 1622 2534 1759 2566; x_wconf 90' lang='lat' dir='ltr'>ratione</span> <span class='ocrx_word' id='word_1_395' title='bbox 1788 2532 1910 2577; x_wconf 84' lang='lat' dir='ltr'>previa</span> <span class='ocrx_word' id='word_1_396' title='bbox 1941 2531 2129 2564; x_wconf 86' lang='lat' dir='ltr'>studeatis.</span> 
     </span>
     <span class='ocr_line' id='line_1_35' title="bbox 270 2598 2132 2648; baseline -0.004 -11"><span class='ocrx_word' id='word_1_397' title='bbox 270 2605 569 2638; x_wconf 83' lang='lat' dir='ltr'>Contradictores</span> <span class='ocrx_word' id='word_1_398' title='bbox 591 2616 655 2648; x_wconf 92' lang='lat' dir='ltr'>per</span> <span class='ocrx_word' id='word_1_399' title='bbox 676 2616 880 2644; x_wconf 61' lang='lat' dir='ltr'>censuram,</span> <span class='ocrx_word' id='word_1_400' title='bbox 910 2612 992 2645; x_wconf 67' lang='lat' dir='ltr'>etc.7</span> <span class='ocrx_word' id='word_1_401' title='bbox 1025 2605 1190 2637; x_wconf 69' lang='lat' dir='ltr'>invocato</span> <span class='ocrx_word' id='word_1_402' title='bbox 1216 2604 1256 2635; x_wconf 90' lang='lat' dir='ltr'>ad</span> <span class='ocrx_word' id='word_1_403' title='bbox 1280 2603 1360 2643; x_wconf 72' lang='lat' dir='ltr'>hoc7</span> <span class='ocrx_word' id='word_1_404' title='bbox 1390 2602 1420 2634; x_wconf 89' lang='lat' dir='ltr'>si</span> <span class='ocrx_word' id='word_1_405' title='bbox 1449 2613 1540 2646; x_wconf 87' lang='lat' dir='ltr'>opus</span> <span class='ocrx_word' id='word_1_406' title='bbox 1565 2601 1686 2640; x_wconf 71' lang='lat' dir='ltr'>fuerit,</span> <span class='ocrx_word' id='word_1_407' title='bbox 1709 2599 1842 2632; x_wconf 86' lang='lat' dir='ltr'>auxilio</span> <span class='ocrx_word' id='word_1_408' title='bbox 1866 2598 2004 2631; x_wconf 88' lang='lat' dir='ltr'>brachii</span> <span class='ocrx_word' id='word_1_409' title='bbox 2033 2610 2132 2630; x_wconf 89' lang='lat' dir='ltr'>secu-</span> 
     </span>
     <span class='ocr_line' id='line_1_36' title="bbox 270 2664 2132 2716; baseline -0.004 -12"><span class='ocrx_word' id='word_1_410' title='bbox 270 2671 368 2704; x_wconf 89' lang='lat' dir='ltr'>laris.</span> <span class='ocrx_word' id='word_1_411' title='bbox 388 2673 466 2704; x_wconf 90' lang='lat' dir='ltr'>Non</span> <span class='ocrx_word' id='word_1_412' title='bbox 484 2671 716 2704; x_wconf 88' lang='lat' dir='ltr'>obstantibus</span> <span class='ocrx_word' id='word_1_413' title='bbox 733 2672 894 2716; x_wconf 86' lang='lat' dir='ltr'>predicta</span> <span class='ocrx_word' id='word_1_414' title='bbox 914 2683 982 2716; x_wconf 90' lang='lat' dir='ltr'>que</span> <span class='ocrx_word' id='word_1_415' title='bbox 1004 2671 1132 2715; x_wconf 86' lang='lat' dir='ltr'>incipit</span> <span class='ocrx_word' id='word_1_416' title='bbox 1151 2682 1157 2702; x_wconf 74' lang='grc' dir='ltr'>ε</span> <span class='ocrx_word' id='word_1_417' title='bbox 1177 2670 1300 2703; x_wconf 75' lang='lat' dir='ltr'>Omnis</span> <span class='ocrx_word' id='word_1_418' title='bbox 1316 2670 1501 2713; x_wconf 73' lang='lat' dir='ltr'>utriusque</span> <span class='ocrx_word' id='word_1_419' title='bbox 1516 2679 1631 2707; x_wconf 64' lang='lat' dir='ltr'>sexus,</span> <span class='ocrx_word' id='word_1_420' title='bbox 1651 2679 1689 2699; x_wconf 89' lang='lat' dir='ltr'>ac</span> <span class='ocrx_word' id='word_1_421' title='bbox 1711 2666 1790 2698; x_wconf 89' lang='lat' dir='ltr'>aliis</span> <span class='ocrx_word' id='word_1_422' title='bbox 1808 2664 2132 2698; x_wconf 86' lang='lat' dir='ltr'>constitutionibus</span> 
     </span>
    </p>
   </div>
   <div class='ocr_carea' id='block_1_3' title="bbox 270 2734 1787 2783">
    <p class='ocr_par' dir='ltr' id='par_1_4' title="bbox 270 2734 1787 2783">
     <span class='ocr_line' id='line_1_37' title="bbox 270 2734 1787 2783; baseline -0.005 -12"><span class='ocrx_word' id='word_1_423' title='bbox 270 2738 481 2783; x_wconf 81' lang='lat' dir='ltr'>apostolicis</span> <span class='ocrx_word' id='word_1_424' title='bbox 498 2739 690 2771; x_wconf 83' lang='lat' dir='ltr'>contrariis</span> <span class='ocrx_word' id='word_1_425' title='bbox 712 2738 1034 2783; x_wconf 86' lang='lat' dir='ltr'>quibuscunque...</span> <span class='ocrx_word' id='word_1_426' title='bbox 1059 2739 1136 2770; x_wconf 88' lang='lat' dir='ltr'>Dat.</span> <span class='ocrx_word' id='word_1_427' title='bbox 1160 2737 1253 2769; x_wconf 77' lang='lat' dir='ltr'>Pisis</span> <span class='ocrx_word' id='word_1_428' title='bbox 1270 2737 1318 2769; x_wconf 90' lang='lat' dir='ltr'>id.</span> <span class='ocrx_word' id='word_1_429' title='bbox 1343 2735 1526 2776; x_wconf 82' lang='lat' dir='ltr'>Octobris⁷</span> <span class='ocrx_word' id='word_1_430' title='bbox 1545 2747 1637 2767; x_wconf 93' lang='lat' dir='ltr'>anno</span> <span class='ocrx_word' id='word_1_431' title='bbox 1660 2734 1787 2778; x_wconf 87' lang='lat' dir='ltr'>primo.</span> 
     </span>
    </p>
   </div>
   <div class='ocr_carea' id='block_1_4' title="bbox 271 2830 2134 2911">
    <p class='ocr_par' dir='ltr' id='par_1_5' title="bbox 271 2830 2134 2911">
     <span class='ocr_line' id='line_1_38' title="bbox 363 2830 2132 2866; baseline -0.003 -8"><span class='ocrx_word' id='word_1_432' title='bbox 363 2836 426 2866; x_wconf 72' lang='lat' dir='ltr'>Reg.</span> <span class='ocrx_word' id='word_1_433' title='bbox 443 2836 499 2858; x_wconf 75' lang='lat' dir='ltr'>vat.</span> <span class='ocrx_word' id='word_1_434' title='bbox 516 2836 636 2858; x_wconf 83' lang='lat' dir='ltr'>Lateran.</span> <span class='ocrx_word' id='word_1_435' title='bbox 656 2836 795 2858; x_wconf 77' lang='lat' dir='ltr'>Alexandri</span> <span class='ocrx_word' id='word_1_436' title='bbox 811 2836 838 2863; x_wconf 72' lang='lat' dir='ltr'>V,</span> <span class='ocrx_word' id='word_1_437' title='bbox 858 2840 885 2857; x_wconf 78' lang='lat' dir='ltr'>n⁰</span> <span class='ocrx_word' id='word_1_438' title='bbox 901 2836 953 2861; x_wconf 71' lang='lat'>1:365,</span> <span class='ocrx_word' id='word_1_439' title='bbox 970 2836 1014 2859; x_wconf 77' lang='lat' dir='ltr'>sol.</span> <span class='ocrx_word' id='word_1_440' title='bbox 1034 2836 1085 2858; x_wconf 81' lang='lat'>180.</span> <span class='ocrx_word' id='word_1_441' title='bbox 1101 2849 1131 2852; x_wconf 84' lang='lat'><strong>—</strong></span> <span class='ocrx_word' id='word_1_442' title='bbox 1145 2835 1211 2858; x_wconf 74' lang='lat' dir='ltr'>ssibl.</span> <span class='ocrx_word' id='word_1_443' title='bbox 1230 2837 1282 2857; x_wconf 86' lang='lat' dir='ltr'>nat.</span> <span class='ocrx_word' id='word_1_444' title='bbox 1300 2833 1393 2858; x_wconf 74' lang='lat' dir='ltr'>Paris..</span> <span class='ocrx_word' id='word_1_445' title='bbox 1412 2841 1474 2855; x_wconf 77' lang='lat' dir='ltr'>mss,</span> <span class='ocrx_word' id='word_1_446' title='bbox 1492 2833 1536 2855; x_wconf 83' lang='lat' dir='ltr'>lat.</span> <span class='ocrx_word' id='word_1_447' title='bbox 1553 2833 1622 2860; x_wconf 66' lang='lat'><strong>9789,</strong></span> <span class='ocrx_word' id='word_1_448' title='bbox 1639 2832 1681 2854; x_wconf 82' lang='lat' dir='ltr'>sol.</span> <span class='ocrx_word' id='word_1_449' title='bbox 1702 2831 1925 2859; x_wconf 61' lang='lat' dir='ltr'>1&#39;18b;1s1ss&#39;1&#39;t‚s01.</span> <span class='ocrx_word' id='word_1_450' title='bbox 1941 2831 1985 2852; x_wconf 65' lang='lat'>:3¹17</span> <span class='ocrx_word' id='word_1_451' title='bbox 2001 2830 2022 2860; x_wconf 75' lang='lat'>(&lt;‹</span> <span class='ocrx_word' id='word_1_452' title='bbox 2040 2830 2132 2852; x_wconf 89' lang='lat' dir='ltr'>Datum</span> 
     </span>
     <span class='ocr_line' id='line_1_39' title="bbox 271 2875 2134 2911; baseline -0.003 -9"><span class='ocrx_word' id='word_1_453' title='bbox 271 2887 317 2910; x_wconf 82' lang='lat' dir='ltr'>per</span> <span class='ocrx_word' id='word_1_454' title='bbox 329 2880 432 2911; x_wconf 85' lang='lat' dir='ltr'>copiam</span> <span class='ocrx_word' id='word_1_455' title='bbox 449 2882 480 2909; x_wconf 83' lang='grc'><strong>1)).</strong></span> <span class='ocrx_word' id='word_1_456' title='bbox 496 2880 564 2903; x_wconf 88' lang='lat' dir='ltr'>Bibl.</span> <span class='ocrx_word' id='word_1_457' title='bbox 582 2888 650 2903; x_wconf 81' lang='lat' dir='ltr'>caes.</span> <span class='ocrx_word' id='word_1_458' title='bbox 664 2880 822 2907; x_wconf 85' lang='lat' dir='ltr'>Vindobon.‚</span> <span class='ocrx_word' id='word_1_459' title='bbox 837 2889 886 2903; x_wconf 80' lang='lat' dir='ltr'>ms,</span> <span class='ocrx_word' id='word_1_460' title='bbox 904 2880 949 2903; x_wconf 88' lang='lat' dir='ltr'>lat.</span> <span class='ocrx_word' id='word_1_461' title='bbox 965 2881 1034 2907; x_wconf 56' lang='lat'><strong>4923,</strong></span> <span class='ocrx_word' id='word_1_462' title='bbox 1053 2880 1098 2902; x_wconf 83' lang='lat' dir='ltr'>sol.</span> <span class='ocrx_word' id='word_1_463' title='bbox 1111 2881 1148 2902; x_wconf 84' lang='lat'>70.</span> <span class='ocrx_word' id='word_1_464' title='bbox 1160 2893 1190 2895; x_wconf 97' lang='lat'><strong>—</strong></span> <span class='ocrx_word' id='word_1_465' title='bbox 1203 2879 1278 2907; x_wconf 56' lang='lat' dir='ltr'>Bur„</span> <span class='ocrx_word' id='word_1_466' title='bbox 1296 2879 1321 2907; x_wconf 72' lang='lat' dir='ltr'>V,</span> <span class='ocrx_word' id='word_1_467' title='bbox 1339 2879 1394 2905; x_wconf 56' lang='lat'>¹196,</span> <span class='ocrx_word' id='word_1_468' title='bbox 1409 2881 1434 2900; x_wconf 78' lang='lat' dir='ltr'>ct</span> <span class='ocrx_word' id='word_1_469' title='bbox 1448 2877 1472 2899; x_wconf 90' lang='lat' dir='ltr'>in</span> <span class='ocrx_word' id='word_1_470' title='bbox 1490 2876 1607 2899; x_wconf 80' lang='lat' dir='ltr'>Bullario</span> <span class='ocrx_word' id='word_1_471' title='bbox 1623 2876 1775 2904; x_wconf 68' lang='lat' dir='ltr'>Carmelil.‚</span> <span class='ocrx_word' id='word_1_472' title='bbox 1790 2875 1867 2899; x_wconf 78' lang='lat' dir='ltr'>Bull.</span> <span class='ocrx_word' id='word_1_473' title='bbox 1886 2876 1950 2899; x_wconf 72' lang='lat' dir='ltr'>Orcl-</span> <span class='ocrx_word' id='word_1_474' title='bbox 1966 2875 2078 2902; x_wconf 51' lang='lat' dir='ltr'>Prolem,</span> <span class='ocrx_word' id='word_1_475' title='bbox 2093 2875 2134 2897; x_wconf 83' lang='lat' dir='ltr'>cd.</span> 
     </span>
    </p>
   </div>
  </div>
 </body>
</html>
