2502 3418
1023 313 1308 336 CANCELLARII.
2016 323 2099 346 XXXI

377 385 440 412 Oct.
529 386 611 412 Joan.
628 386 664 413 de
676 387 750 413 Roca
755 406 1146 415 ..............
1197 389 1346 415 Johannes
1360 390 1396 416 de
1411 391 1495 416 Roca.
1851 395 1911 428 942.
1931 405 1971 421 ρο.

376 430 444 457 Dec.
528 435 610 461 Joan.
626 435 662 461 de
676 436 764 462 Bosco
777 444 824 462 seu
840 437 922 462 Basto
932 455 1147 463 ........
1196 434 1343 459 Johannsss
1355 434 1391 460 de
1406 435 1503 461 130500-
1850 439 1911 472 942.
1930 441 1972 465 25.

234 474 313 502 1462.
375 475 457 500 Mart.
528 479 599 505 Βοὴ,
616 479 652 506 de
666 480 860 514 Masengarhe,
876 480 924 506 Pie
932 500 1146 508 ,,,,,,,,
1195 478 1337 504 Robertus
1353 479 1547 512 Masengaerb.
1850 483 1911 516 945.
1928 484 1970 508 23.

375 519 445 546 Jun.
527 523 651 549 Andreas
670 524 808 551 Wasselin.
826 525 873 550 Pie
877 544 1146 551 ..........
1195 522 1345 548 Eustacius
1359 523 1548 550 Carbonnier-
1850 527 1910 560 945,
1929 529 1971 553 25.

377 563 440 589 Oct·
527 567 657 593 Nicotaus
670 567 797 600 Ripault.
814 567 840 593 d.
858 568 938 593 Βίιιιι·
941 587 1145 596 ........
1194 567 1325 593 Nicolaus
1340 568 1467 601 Ripault.
1850 571 1910 605 946,
1931 580 1970 597 12.

377 607 444 633 Dec·
528 611 608 637 Guill.
625 611 659 636 de
675 611 812 640 Toloham.
829 612 942 645 Corisop
960 632 1145 640 .......
1195 612 1298 637 Petrus
1311 612 1347 638 de
1360 612 1386 637 S.
1402 612 1536 638 Martino.
1850 615 1911 649 946,
1931 625 1971 650 17.

233 651 313 678 1463.
375 651 457 677 Mart.
528 655 629 681 Simon
645 656 838 689 Fequierolles
842 676 1146 685 ,,,,,,,,,,,
1195 656 1296 681 Simon
1312 657 1514 689 Fequierolles.
1850 659 1910 694 948,
1928 660 1971 694 39.

375 695 444 721 Jun.
527 699 653 725 Joannes
667 701 760 729 Perat.
776 702 901 726 Remens.
930 720 1145 730 ........
1193 700 1342 726 Johannes
1358 701 1462 727 Prissrt-
1850 703 1911 738 948,
1929 704 1971 733 43.

376 740 439 766 Oct·
528 744 642 770 Carolus
657 744 836 777 Gouaffdoar,
851 744 965 778 Coris-op
969 764 1145 772 .......
1194 745 1347 778 Philippus
1360 746 1466 771 Bolart.
1850 748 1911 782 949,
1929 749 1971 774 26-

376 784 443 810 Dec.
526 787 615 813 David
630 788 749 818 Archas‚
765 790 822 815 nat.
839 790 920 815 Germ
929 809 1146 818 ........
1194 789 1284 814 David
1300 790 1417 815 Archas-
1851 792 1911 827 949.
1929 793 1973 827 39·

234 827 312 856 1464,
375 829 457 855 Mart.
528 831 671 864 Quintinus
686 832 796 862 Justoti,
811 833 837 859 d.
855 833 979 859 Aedaens
990 853 1145 860 ......
1193 833 1335 859 Martinus
1350 834 1485 866 Magistri.
1850 837 1912 870 952,
1929 837 1972 866 [ια.

375 873 444 899 Jun.
527 875 636 901 Anton.
653 876 689 902 de
704 876 802 905 Busto.
819 877 866 903 Ρίο
870 896 1144 905 ..........
1194 877 1339 903 Antonius
1353 878 1389 903 de
1405 878 1502 904 BOSCO-
1851 881 1911 915 954.
1932 890 1972 916 19-

375 917 439 943 Oct.
528 920 572 946 Jo.
588 920 740 950 Juratoris,
756 922 841 948 Norm
846 941 1143 950 ...........
1193 922 1341 948 Johannes
1360 923 1511 948 Juratoris.
1851 925 1912 959 954.
1931 925 1974 960 37.

376 962 443 989 Dec.
528 964 571 990 Jo.
588 964 779 994 Parmentier.
799 966 832 991 lie
840 986 1144 993 ...........
1193 966 1259 992 Joh.
1276 967 1479 994 Parmentarii.
1850 970 1911 1003 954,
1929 970 1973 996 52.

336 1338 452 1373 Series
468 1338 761 1374 cancellariorum
777 1339 845 1374 hac
865 1343 1073 1386 tempestate
1094 1340 1206 1387 magis
1221 1352 1328 1387 quam
1352 1340 1530 1388 prioribus
1546 1341 1699 1377 saeculis
1716 1341 1877 1377 intricata
1899 1346 1963 1378 est.
1989 1344 2102 1378 Causa

232 1413 287 1445 est
306 1409 465 1445 absentia
485 1410 662 1453 emonis,
681 1410 742 1457 qui
755 1422 812 1446 an.
839 1413 930 1446 1415
949 1411 994 1446 ad
1009 1411 1209 1446 Concilium
1231 1412 1303 1452 ivit,
1324 1411 1367 1447 ab
1386 1423 1444 1447 an.
1467 1415 1560 1448 1418
1578 1424 1660 1448 vero
1677 1412 1779 1459 quasi
1797 1413 1898 1448 exsul
1916 1425 2101 1460 nunquam

235 1481 386 1516 Parisios
404 1492 565 1516 reversus
581 1484 646 1525 est,
665 1481 897 1517 nibilominus
914 1486 1034 1518 tamen
1055 1483 1303 1518 cancellariam
1325 1483 1483 1519 retinuit.
1514 1483 1669 1519 Absente
1694 1484 1919 1528 cancellario,
1944 1485 1988 1520 ad
2008 1485 2102 1520 vice-

234 1552 465 1588 cancellarios
488 1552 625 1588 redibat
644 1564 788 1597 munus,
814 1554 911 1600 quod
931 1554 995 1601 ipsi
1012 1565 1114 1601 saepe
1134 1569 1149 1586 α
1169 1554 1369 1589 commissis
1391 1570 1424 1597 »,
1450 1558 1487 1590 ut
1505 1555 1660 1599 aiebant,
1683 1555 1918 1602 reliquerunt.
1936 1557 2100 1592 Nostrum

235 1627 310 1659 erat
331 1623 479 1659 nomina
506 1624 632 1659 horum
660 1625 820 1659 omnium
848 1625 1025 1673 detegere,
1054 1630 1088 1660 et
1107 1625 1253 1661 lacunas
1290 1626 1385 1673 apud
1408 1625 1656 1662 HEMERAEUM¹
1687 1627 1879 1674 complere.
1908 1628 1975 1662 Sed
1996 1628 2102 1662 etiam

234 1698 314 1743 post
332 1695 541 1730 defunctum
564 1707 622 1731 an.
654 1698 759 1738 1429,
780 1695 852 1731 Jul.
878 1699 934 1740 12,
956 1697 1157 1732 Johannem
1184 1699 1388 1740 Gersonem⁷
1408 1709 1465 1732 res
1482 1709 1552 1733 non
1577 1697 1666 1733 adeo
1683 1693 1842 1745 ¹simplex
1869 1699 1996 1742 evadit,
2020 1711 2101 1733 eum

234 1766 336 1801 multi
352 1766 600 1813 competitores
618 1766 777 1802 fuissent.
803 1767 892 1803 Hine
913 1768 993 1803 novi
1014 1780 1153 1803 errores
1174 1769 1269 1815 apud
1293 1769 1495 1812 modernos,
1513 1769 1574 1816 qui
1592 1769 1797 1804 Joliannem
1817 1770 1976 1805 Chutl'art
1995 1770 2102 1804 fuisse

236 1837 279 1873 ab
303 1848 360 1873 an.
388 1840 479 1873 1429
504 1838 756 1874 cancellarium
778 1838 984 1885 putabant2.
1016 1839 1229 1886 ignorabant
1259 1840 1357 1875 enim
1383 1840 1469 1886 quid
1494 1843 1608 1884 antea,
1634 1840 1769 1876 vivente
1795 1841 1911 1876 adhue
1934 1842 2101 1884 Gersoue,

236 1908 367 1945 sactum
385 1913 488 1944 esset.
514 1911 613 1945 Tunc
634 1909 742 1957 aliqui
763 1910 982 1946 confidentes
1005 1912 1203 1946 Gersonem
1222 1911 1277 1946 vel
1298 1911 1512 1946 cancellaria
1534 1911 1718 1947 Parisiensi
1736 1924 1772 1947 se
1788 1911 2034 1947 abdicaturum
2051 1913 2103 1948 vel

237 1980 331 2016 brevi
358 1980 585 2024 moriturum,
615 1980 658 2016 ad
686 1992 764 2016 eam
792 1981 1032 2028 adspirabant,
1062 1993 1102 2017 ac
1129 1982 1278 2029 quisque
1300 1994 1429 2029 papam
1459 1982 1583 2018 orabat
1604 1986 1641 2018 ut
1669 1982 1735 2018 sibi
1764 1986 2001 2018 reservaretur
2029 1984 2103 2031 ejus

235 2051 462 2087 canonicatus
488 2055 521 2087 et
550 2052 764 2088 cancellaria
786 2052 914 2096 Paris,
944 2053 1060 2089 forsan
1084 2053 1194 2088 altero
1218 2053 1362 2089 alterius
1385 2054 1699 2089 concursationem
1721 2054 1919 2097 nesciente;
1949 2058 1983 2089 at
2007 2055 2103 2101 quod

236 2126 372 2158 certum
395 2127 458 2167 est,
484 2123 636 2170 quisque
658 2135 677 2159 a
700 2124 798 2159 curia
821 2126 979 2160 Romana
1003 2136 1212 2171 responsum
1235 2125 1390 2160 obtinuit
1416 2138 1423 2160 :
1450 2125 1662 2160 Concessum
1688 2131 1727 2160 ut
1747 2126 1895 2172 petitur.
1922 2127 2043 2161 Statim
2069 2130 2105 2161 ut

236 2194 354 2230 obitus
375 2195 548 2230 Johannis
571 2195 735 2230 Gersonis
757 2195 899 2231 Parisiis
927 2200 1030 2231 notus
1051 2200 1118 2239 est,
1141 2197 1279 2243 primus
1302 2199 1384 2232 ante
1405 2208 1529 2232 omnes
1552 2197 1732 2232 Johannes
1753 2197 1913 2231 Chuss'art
1936 2198 2102 2240 accurrit,

235 2265 368 2301 litteras
395 2266 603 2313 apostolicas
627 2267 793 2314 episeopo
812 2271 845 2302 et
867 2267 1021 2314 capitulo
1050 2268 1156 2302 Paris.
1182 2268 1376 2303 ostendeus
1400 2272 1434 2303 et
1452 2269 1527 2315 jam
1549 2267 1782 2303 cancellarius
1805 2267 1849 2303 ab
1870 2268 1912 2302 iis
1938 2272 2105 2315 acceptus

236 2340 300 2372 est.
327 2338 406 2372 Mox
430 2338 555 2373 eodem
578 2338 660 2385 jure
684 2349 754 2385 quo
782 2338 941 2373 Chutl'art
963 2338 1217 2374 cancellariam
1242 2339 1404 2386 poposcit
1428 2338 1665 2374 validissimus
1693 2339 1907 2385 competitor
1928 2339 2106 2374 lohannes

237 2408 412 2451 Saunerii,
435 2408 603 2456 idemque
622 2409 803 2444 Andream
825 2410 940 2444 Gareti
960 2409 1085 2445 secisse
1113 2409 1374 2445 admittendum
1397 2414 1461 2445 est.
1487 2410 1544 2445 Sic
1572 2409 1830 2456 aliquantisper
1846 2409 1927 2444 Joh.
1949 2410 2107 2444 Chuffart

238 2474 431 2510 ambitione
450 2475 568 2522 lapsus
584 2475 732 2511 meliora
751 2479 911 2523 tempora
933 2480 1135 2523 exspectare
1155 2476 1298 2519 debuit;
1317 2488 1433 2523 neque
1452 2477 1487 2511 id
1509 2476 1676 2511 solatium
1698 2476 1843 2522 quidem
1864 2476 1990 2512 habuit
2010 2477 2107 2523 quod

238 2546 441 2582 cancellarii
462 2546 623 2581 nondum
644 2547 796 2582 instituti
815 2548 1037 2596 vicesgerens
1058 2547 1265 2595 eligeretur.
1286 2547 1430 2582 Interim
1451 2548 1521 2583 ‹luo
1540 2548 1619 2582 novi
1640 2547 1907 2593 competitores,
1926 2548 2107 2583 Johannes

240 2617 492 2665 Pulchripatris
512 2622 545 2653 et
561 2618 714 2653 ¹lacobus
735 2618 934 2663 Branlardi⁷
960 2623 1253 2666 supervenerunt.
1283 2619 1404 2654 Solum
1428 2630 1484 2654 an.
1512 2620 1618 2659 1433,
1647 2618 1793 2654 caeteris
1816 2618 2107 2665 competitoribus

332 2781 354 2804 1.
368 2782 408 2805 De
419 2782 566 2805 academia
581 2781 750 2811 Parmensi,
766 2789 791 2813 p.
809 2782 853 2805 135
866 2789 915 2813 sq.,
931 2781 974 2805 ubi
989 2781 1066 2814 plura
1078 2783 1145 2805 recte
1157 2781 1290 2813 assignata
1304 2783 1373 2805 sunt.

330 2825 355 2849 2.
371 2825 412 2849 Sic
426 2825 550 2855 Tumm,
569 2826 692 2850 Journal
705 2826 775 2850 d'un
800 2827 953 2856 bouryeois,
976 2835 1002 2858 p.
1023 2833 1105 2856 xxix,
1122 2828 1174 2851 not.
1193 2827 1213 2849 1.
1230 2826 1371 2855 Asmomzs,
1395 2827 1433 2850 La
1449 2825 1626 2854 Libe'ratrice.
1643 2833 1668 2857 p.
1685 2825 1741 2855 514,
1763 2825 1906 2849 Johannem
1922 2825 2041 2849 Chutsart
2059 2833 2108 2849 non

238 2869 321 2893 solum
336 2869 368 2893 ab
387 2877 428 2894 an.
448 2870 516 2899 1429,
532 2870 599 2901 Aug.
618 2869 656 2900 29,
676 2871 704 2893 ut
720 2870 901 2894 cancellarium
920 2871 1044 2901 agnoscit.
1066 2870 1109 2894 sed
1129 2871 1243 2902 insuper,
1261 2870 1322 2902 quia
1344 2878 1429 2894 rerum
1450 2869 1633 2893 Universitatis
1651 2869 1766 2900 ignarus,
1787 2869 1947 2901 adjungam<
1962 2869 1983 2893 Il
1998 2874 2013 2894 a
2029 2869 2063 2893 du
2078 2877 2107 2893 en

363 2917 427 2934 *W*
446 2915 544 2939 Chart.
566 2915 642 2939 Univ.
662 2915 757 2939 Paris.
778 2915 819 2938 1v.
1971 2922 1984 2937 ε
